3618 5316
912 407 1108 473 -338-

399 529 492 601 Nam
506 533 542 602 et
554 523 621 603 hoc
635 525 846 602 omnimodis
859 525 1049 603 instituere
1061 527 1199 627 placuit
1211 537 1253 605 ut
1265 529 1326 630 qui
1340 530 1453 606 semel
1466 531 1532 606 sub
1547 555 1636 630 spe·

398 639 482 714 ciali
499 640 702 716 defensione
720 640 848 715 Domni
867 641 1061 736 Apostolici
1078 641 1155 716 sive
1169 651 1289 718 nostra
1303 643 1441 718 fuerint
1454 644 1635 742 suscepti,

398 753 589 850 impetrata
606 753 700 830 iuste
712 763 863 829 utantur
876 754 1088 829 defensione.
1103 755 1202 842 Quod
1216 756 1247 829 si
1260 757 1341 856 quis
1354 757 1392 830 in
1405 781 1632 855 quemquam

397 865 542 939 illorum
559 865 622 965 qui
639 864 707 942 hoo
723 866 986 964 promeruerint
1009 867 1144 944 violare
1166 871 1445 970 presumpserit,
1470 871 1560 948 sciat
1588 896 1635 947 se

397 977 599 1076 periculum
609 979 695 1052 vitre
708 1003 782 1053 suae
795 978 1037 1054 incursurum.
1047 983 1094 1054 Et
1102 981 1317 1084 subscripsit
1324 987 1521 1082 Imperator
1530 986 1634 1073 otto,

398 1099 435 1164 et
452 1089 618 1187 Episcopi
635 1091 673 1163 X
689 1087 835 1165 abbates
854 1092 890 1164 II
915 1091 1071 1168 Comites
1096 1097 1131 1166 V
1158 1095 1357 1193 Optimates
1383 1099 1498 1172 VIIII.
1518 1105 1634 1172 Anno

398 1201 594 1279 Dominicm
610 1201 872 1279 Incarnationis
888 1205 1145 1283 DOOOOLXII
1162 1207 1361 1285 indictione
1379 1213 1425 1285 V.
1450 1197 1453 1202 ⁵

942 1430 1079 1517 ottlll.

497 1657 613 1753 Super
624 1653 701 1730 haee
714 1655 969 1730 confirmamus
978 1655 1043 1731 tibi
1052 1657 1154 1734 beate
1163 1660 1268 1734 Petro
1279 1659 1455 1758 Apostole‚
1465 1669 1501 1735 et
1513 1683 1575 1758 per
1588 1670 1627 1735 te

260 1813 261 1818 =
398 1765 1629 1871 vicariotuoDomnoBenediotosummoPontificietuniversaliPapae

400 1881 579 1958 Fuldense
599 1881 856 1970 monasterinm
874 1892 911 1958 et
928 1883 1078 1958 Abbatis
1095 1884 1173 1958 eius
1189 1879 1493 1962 consecrationem
1519 1895 1628 1983 atque

400 1994 520 2068 omnia
532 1995 758 2086 monasteria,
770 2003 893 2072 curtes
906 2007 942 2071 et
958 1995 1065 2071 villas
1077 2021 1166 2096 quas
1180 1999 1218 2073 in
1231 1999 1507 2074 ultramontanis
1519 2000 1629 2097 parti·

400 2105 468 2181 bus
481 2117 629 2183 sanctus
642 2111 772 2182 Petrus
784 2107 914 2183 habere
928 2108 1136 2199 dinoscitur,
1144 2121 1252 2209 atque
1261 2109 1628 2201 Anthesna,Guinne-

402 2219 519 2316 ringa,
537 2220 615 2296 sive
628 2221 882 2311 Uninlinbach,
895 2247 1008 2320 quma
1023 2223 1146 2298 Sancti
1161 2223 1258 2298 Petri
1277 2223 1438 2299 aecclesia
1456 2248 1517 2321 per
1532 2248 1626 2300 com-

401 2335 611 2410 mutationis
636 2335 806 2433 paginem
833 2336 1005 2434 Episcopo
1030 2335 1346 2432 Babenberguensi
1373 2335 1509 2410 collatae
1528 2347 1624 2410 sunt.

402 2450 471 2522 Pro
488 2449 618 2547 quibus
632 2449 703 2522 iam
717 2449 821 2525 diotae
834 2451 1004 2526 aecclesiae
1016 2449 1131 2524 sancti
1146 2449 1243 2525 Petri
1256 2448 1486 2538 concedimus
1497 2459 1533 2524 et
1545 2472 1626 2524 con-

348 2553 351 2558 *
400 2561 1623 2661 firmamusomnemillamterram‚qnaminterNarniam,Terranem

401 2682 439 2748 et
456 2673 638 2771 Spoletum
652 2674 855 2749 habuimus.
868 2679 1046 2750 Praeterea
1060 2675 1127 2750 sub
1140 2675 1464 2752 tuitione‘eiusdem
1478 2674 1573 2751 Petri
1585 2684 1623 2749 et

402 2797 523 2863 vestra
532 2797 990 2865 vestrorumsnceessorum
1004 2799 1228 2892 pretaxatum
1239 2787 1481 2886 episcopatum
1490 2787 1624 2863 Baben·

399 2900 576 2997 bergense
592 2901 785 2991 offerimus
802 2928 916 2977 unum
934 2902 1171 3002 suppensione
1188 2925 1330 3000 aequum
1352 2905 1369 2976 I
1393 2901 1514 2976 album
1539 2897 1624 2976 fale-

404 3025 523 3090 ratum
541 3016 701 3092 eiusdem
714 3016 782 3092 loci
799 3015 961 3115 episcopo
978 3039 1043 3090 vos
1055 3015 1262 3090 annualiter
1274 3023 1500 3112 suscepturos
1512 3013 1626 3088 sanci·

401 3155 491 3203 mus.
504 3131 551 3203 Et
567 3128 672 3203 infra.
690 3132 732 3203 In
747 3129 918 3205 electione
930 3153 1015 3204 vero
1028 3132 1268 3204 Romanorum
1282 3128 1497 3204 Pontificum
1510 3151 1625 3226 nequo

401 3239 491 3315 liber
508 3264 623 3338 neque
639 3265 768 3315 servus
784 3241 829 3314 ad
846 3240 913 3317 hoo
930 3241 1056 3317 venire
1078 3249 1283 3339 presumat,
1307 3249 1350 3315 ut
1373 3241 1435 3316 ille
1459 3240 1626 3314 Romanis

400 3377 487 3452 quos
504 3354 549 3427 ed
566 3353 660 3429 hanc
677 3377 740 3452 per
757 3354 1051 3430 constitutionem
1078 3365 1284 3430 sanctorum
1309 3363 1451 3452 patrum
1476 3353 1626 3452 antiqua

400 3466 546 3541 admisit
557 3467 775 3543 consuetudo
786 3467 929 3565 aliquod
943 3467 1053 3542 iaciat
1065 3467 1372 3565 impedimentum.
1389 3467 1488 3554 Quod
1501 3461 1533 3541 si
1546 3466 1626 3565 quis

401 3589 524 3653 contra
540 3579 634 3655 hanc
650 3589 809 3655 nostram
826 3575 1128 3669 constitutionem,
1146 3589 1183 3654 et
1199 3589 1318 3656 cetera
1335 3581 1454 3653 omnia
1471 3590 1513 3654 nt
1525 3603 1626 3678 supe·

402 3690 486 3764 riori
495 3691 621 3790 capite.
631 3696 678 3766 Et
690 3691 903 3790 subcripsit
913 3687 1094 3769 Hen‘rious
1107 3678 1310 3790 imperator,
1319 3701 1356 3767 et
1365 3691 1529 3790 Episcopi
1538 3695 1626 3766 XIII

401 3813 438 3877 et
456 3803 610 3881 Abbates
627 3807 698 3881 IIII
713 3805 751 3881 et
770 3807 887 3882 Duces
904 3808 956 3881 III
974 3805 1131 3881 Comites
1148 3807 1255 3880 VIIII
1272 3803 1469 3910 Optimates
1485 3807 1601 3880 VHlI.

964 4029 1062 4116 otv.

501 4252 558 4328 Ab
569 4253 636 4329 hac
653 4253 739 4328 hora
756 4253 794 4326 in
812 4263 919 4330 antea
935 4277 1003 4350 ego
1020 4253 1071 4328 ill.
1084 4262 1292 4350 procurator
1309 4252 1512 4350 patrimonii
1530 4251 1623 4328 beati

408 4364 506 4440 Petri
519 4365 688 4464 Apostoli,
698 4365 790 4464 quod
804 4366 907 4441 estin
921 4366 971 4440 ill.
980 4375 1016 4441 et
1028 4365 1066 4439 in
1075 4365 1126 4439 ill.
1135 4365 1212 4440 loco
1225 4363 1341 4439 fidelis
1353 4373 1487 4440 aneta
1499 4367 1629 4439 eroRo

404 4501 519 4552 manae
530 4478 703 4555 Ecclesia
720 4489 756 4554 et
770 4481 905 4554 Domnc
924 4501 1000 4554 meo
1017 4477 1067 4553 ill.
1079 4479 1184 4576 Papae
1201 4476 1348 4576 suisque
1363 4474 1629 4552 successoribus
