3642 5294
738 376 914 440 ...55-

201 499 349 598 sbytero
366 501 532 573 Rornanae
550 497 722 572 Ecclesiae
738 495 856 572 sancti
874 495 1033 594 Apostoli
1051 496 1161 586 Petri,
1177 497 1311 574 etitem
1326 503 1433 574 Petro

203 609 494 686 reverentissimo
514 609 729 708 Presbytero
753 618 790 684 et
806 608 945 684 Abbate
967 610 1174 685 monasterii
1196 612 1313 688 sancti
1331 612 1433 688 Sabae

180 718 323 799 'Roma
339 723 412 812 siti,
430 723 667 800 retinentibus
683 723 802 800 locum
820 720 1033 818 Apostolicae
1051 721 1163 812 Sedis,
1178 722 1266 796 almi
1291 735 1328 800 et
1353 721 1434 800 sa'n·

202 836 357 913 ctissimi
371 835 637 933 Archiepiscopi
651 836 802 912 senioris
816 839 933 910 Roma
946 836 1108 926 Adriani,
1121 847 1157 912 et
1170 838 1339 914 Tharasio
1352 865 1435 914 san·

202 949 363 1027 ctissime
376 948 652 1047 Archiepiscopo
663 950 787 1046 magni
801 949 1317 1050 nominisConstantinopoleos
1330 976 1432 1028 novae

202 1065 335 1150 Romae,
355 1076 391 1136 et
415 1061 570 1136 Iohanne
596 1087 639 1137 ac
664 1060 797 1135 Thomu
825 1064 1125 1139 reverentissimis
1147 1065 1372 1163 Presbyteris
1396 1075 1433 1142 et

201 1174 403 1264 monachis,
421 1182 457 1249 et
474 1174 621 1248 vicariis
637 1175 749 1248 trium
763 1176 1038 1273 apostolicarum
1053 1177 1191 1253 sedium
1205 1178 1432 1255 orientalium

200 1290 390 1378 dioceseos,
406 1297 442 1363 et
456 1287 595 1385 Agapio
611 1288 787 1386 Episcopo
804 1290 1023 1387 capadociae,
1041 1301 1076 1366 et
1089 1290 1246 1366 Iohanne
1260 1292 1431 1390 Episcopo

201 1400 335 1500 Ephesi
353 1410 389 1476 et
405 1399 547 1475 ceteris.
564 1403 653 1475 ltem
668 1399 705 1474 in
719 1401 1040 1502 subscriptionibus
1051 1404 1245 1480 actionum.
1262 1408 1304 1478 In
1320 1406 1430 1481 nomi-

201 1540 246 1589 ne
259 1512 402 1588 Domini
419 1512 530 1586 nostri
544 1513 652 1587 Ihesu
666 1513 813 1589 Christi.
827 1519 955 1592 Petrus
969 1517 1211 1594 misericordia
1224 1519 1289 1593 Dei
1304 1519 1431 1594 Archi-

201 1628 390 1726 presbyter
408 1635 542 1702 sauctae
560 1626 624 1701 Dei
641 1627 826 1704 catholice
842 1639 879 1705 et
894 1629 1098 1728 apostolicae
1115 1629 1298 1718 Ecclesiae,
1321 1641 1358 1706 et
1382 1631 1430 1706 le

200 1769 285 1819 cum
302 1740 485 1838 complens
505 1740 654 1814 Adriani
672 1742 903 1833 sanctissimi,
916 1749 952 1819 et
964 1743 1147 1842 apostolici
1161 1747 1265 1843 Papae
1279 1745 1430 1820 senioris

202 1859 323 1930 Romae
340 1877 463 1928 omnes
481 1853 656 1951 recipiens
673 1856 736 1953 qui
753 1857 918 1932 conversi
936 1867 1022 1932 sunt
1039 1857 1083 1932 ab
1099 1857 1209 1956 impia
1234 1856 1352 1933 heresi
1379 1883 1431 1935 re·

202 1968 426 2068 probantium
454 1967 677 2044 venerabiles
702 1969 893 2065 imagines,
918 1971 1115 2046 secuudum
1141 1971 1368 2046 traditionem
1393 1983 1430 2048 et

200 2084 398 2160 doctrinam
415 2091 622 2158 sanctorum
639 2086 789 2160 Petrum
806 2095 1019 2174 nostrorum,
1036 2085 1246 2184 omniaque
1263 2086 1428 2184 superius

199 2197 354 2273 offerunt
371 2196 568 2295 approbans
581 2207 618 2272 et
629 2199 856 2274 consentiens
870 2198 1075 2297 subscripsi.
1089 2201 1217 2274 Petrus
1231 2199 1429 2274 misericor·

199 2311 258 2386 dia
266 2311 332 2386 Dei
344 2309 548 2408 Presbyter,
560 2321 597 2385 et
610 2313 853 2410 Eugymenus
867 2313 1057 2387 monasteri
1073 2312 1189 2388 sancti
1204 2311 1316 2401 Sabae,
1328 2321 1427 2388 etce-

198 2437 276 2501 tera
293 2434 335 2498 ut
352 2447 470 2521 supra.
487 2423 681 2498 Tharasius
699 2425 944 2501 misericordia
961 2425 1026 2500 Dei
1044 2424 1242 2523 Episcopus
1255 2425 1428 2500 Constan-

196 2537 390 2635 tinopoleos
407 2561 508 2612 novae
525 2540 644 2612 Romae
660 2537 836 2614 similiter.
861 2543 909 2614 Et
934 2547 1011 2636 post
1036 2537 1103 2614 hoc
1125 2539 1426 2638 subscripserunt.

198 2651 375 2727 Iohannes
391 2659 427 2726 et
445 2650 599 2726 Thomas
616 2651 836 2750 Presbyteri,
852 2664 889 2728 et
905 2650 1046 2728 Vicarii
1071 2651 1182 2726 trium
1208 2652 1427 2750 Apostolica·

199 2791 280 2838 rum
299 2763 444 2839 Sedium
462 2765 700 2856 Alexandriae,
717 2776 754 2840 et
772 2767 982 2856 Antiochiae,
995 2776 1031 2842 et
1045 2765 1373 2857 Hierosolimorum,
1390 2776 1427 2844 et

199 2876 364 2976 Episcopi
381 2901 531 2952 numero
549 2879 678 2954 CCCL.

733 3109 894 3194 XXXVI.

293 3338 340 3412 Hi
348 3337 411 3435 qui
423 3348 600 3434 spernunt
614 3337 821 3436 magisteria
834 3347 1039 3413 sanctorum
1054 3340 1203 3412 Petrum
1216 3347 1253 3413 et
1265 3336 1424 3415 traditio·

194 3476 277 3525 nem
290 3449 485 3530 Catholicae
499 3449 669 3525 Ecclesia
681 3452 903 3528 occasionem
916 3451 1179 3549 praetendentes
1192 3460 1228 3527 et
1240 3477 1424 3529 assumen-

194 3573 248 3639 tes
268 3586 372 3640 voces
389 3561 499 3648 Arrii,
519 3573 555 3635 et
571 3563 740 3652 Nestorii,
763 3573 799 3642 et
824 3564 1039 3654 Euthicetis,
1062 3573 1098 3640 et
1123 3564 1294 3654 Dioscuri,
1315 3575 1423 3665 atque

196 3677 397 3775 peribentes
414 3675 506 3773 quod
523 3675 606 3751 inde
623 3678 734 3752 veteri
752 3702 795 3753 ac
812 3699 904 3752 novo
920 3687 1136 3753 testamento
1148 3677 1335 3754 evidenter
1347 3679 1423 3756 fue·

195 3793 309 3866 rimus
326 3790 441 3866 edocti
458 3813 529 3866 non
546 3791 732 3890 sequimur
749 3789 949 3868 doctrinam
967 3800 1175 3867 sanctorum
1189 3793 1350 3880 Petrum,
1362 3817 1423 3867 ne·

195 3913 480 4004 quesanctorum
490 3903 751 3980 universalium
760 3903 1107 4004 synodorum,atque
1115 3902 1343 3980 traditionem
1357 3904 1423 3980 Ca·

196 4019 337 4096 tholicae
354 4017 538 4108 Ecclesia,
554 4019 755 4095 anathema.
773 4023 863 4096 Item
881 4019 921 4093 in
936 4019 1059 4094 eadem
1079 4043 1123 4095 ex
1139 4017 1255 4116 prima
1271 4018 1420 4096 actione.

196 4131 389 4207 Tharasius
399 4131 594 4230 Episcopus
607 4133 860 4209 sanctissimus
869 4132 1081 4209 Patriarcha
1094 4131 1194 4207 dixit.
1203 4133 1362 4228 Legatur
1374 4133 1420 4208 ad

196 4248 466 4348 Ruphinianum
484 4249 593 4322 missa
610 4248 726 4324 sancti
746 4247 858 4346 patris
871 4247 984 4324 nostri
998 4245 1188 4322 Athanasii
1201 4244 1360 4344 epistola.
1372 4248 1421 4321 Et

195 4387 276 4437 cum
294 4362 412 4437 lectus
428 4369 522 4437 esset
538 4360 638 4438 locus
655 4362 717 4461 qui
735 4362 834 4451 dicit,
851 4361 903 4436 ita
919 4361 1035 4436 uthis
1052 4359 1113 4460 qui
1130 4360 1266 4436 cadunt
1281 4358 1320 4432 in
1346 4383 1420 4436 ere·

196 4475 272 4565 sim,
281 4485 319 4550 et
332 4482 493 4574 presunt
503 4473 692 4573 impietati,
702 4474 913 4573 ignoscatur
926 4474 1070 4573 quidem
1083 4497 1166 4548 cum
1176 4471 1419 4572 penitentiam
