3642 5294
921 397 1069 458 ...Β-

383 523 486 610 Quod
500 521 579 596 hac
601 520 681 594 oius'
705 527 860 616 potestas
884 519 929 592 ad
954 512 1069 615 Ipsius
1092 517 1238 594 transiit
1262 543 1495 596 successores.
1519 522 1605 620 Cap.

455 637 656 712 LXXVIII.
673 643 709 709 et
726 634 855 710 CVIII.
872 641 908 708 et
925 633 1037 710 CXV.

382 751 483 840 Quod
500 750 601 824 illius
618 748 724 848 podes
739 775 762 822 a
780 746 943 822 fidelibus
959 745 1137 822 obsculari
1154 746 1293 823 debent.
1311 749 1396 846 Cap.
1414 748 1556 828 CCVII.

382 867 483 954 Quod
499 867 575 963 ipse
588 863 833 956 indubitanter
846 870 993 938 sanctus
1006 860 1097 977 sitsi
1110 860 1281 938 canonice
1294 872 1526 940 consecratus
1539 873 1602 942 est.

455 981 506 1055 Ca
532 1039 540 1053 .
558 979 686 1054 CVIII.

382 1093 483 1182 Quod
498 1005 675 1168 CNicena
693 1091 837 1189 Synodo
853 1091 1059 1166 nominatus
1076 1090 1124 1164 sit
1141 1094 1249 1187 Papa.
1265 1091 1350 1189 Cap.
1369 1096 1411 1164 V.

382 1209 472 1283 Item
489 1205 580 1304 quod
597 1213 681 1279 anie
697 1229 776 1279 eam
794 1213 944 1280 vocatus
961 1203 1008 1280 sit
1026 1208 1122 1302 Papa
1143 1204 1373 1280 universalis.
1390 1207 1475 1304 Cap.
1493 1209 1519 1282 1.
1544 1206 1602 1280 lib.

384 1433 523 1520 Qnoda
546 1430 829 1508 Chalcedonensi
847 1432 970 1506 sinodo
995 1433 1068 1508 DC.
1088 1435 1206 1507 XXX.
1227 1442 1369 1530 patrum
1391 1433 1607 1510 universalis

455 1549 502 1623 sit
514 1546 724 1647 appellatus
742 1549 827 1645 Cap.
845 1548 1056 1622 CXLVIIII.
1148 1560 1153 1568 '

385 1663 485 1749 Quod
493 1660 661 1760 qualitati
671 1660 756 1736 vioae
765 1659 877 1757 ipsius
887 1661 1099 1758 respondent
1107 1662 1226 1736 omnia
1237 1661 1480 1738 ecclesiastica
1496 1687 1606 1738 mom·

456 1775 531 1850 bra.
549 1775 634 1874 Cap.
652 1775 849 1850 CCXXXI.

385 1889 485 1976 Quod
503 1893 661 1964 Romana
679 1887 831 1964 ccclesia
845 1887 922 1986 (sie)
936 1913 1040 1963 nemo
1057 1889 1167 1987 possit
1181 1889 1349 1965 iudicare.
1363 1891 1447 1987 Cap.
1461 1891 1605 1964 LXXV.

455 2011 492 2076 et
508 2005 672 2077 LXXVI.
690 2011 726 2076 et
743 2003 872 2077 CVIII.
889 2013 925 2076 et
942 2003 1162 2078 CXXVIIII.
1179 2013 1214 2080 et
1232 2005 1411 2080 CCXXV.

384 2117 485 2204 Quod
502 2117 615 2192 maior
639 2116 733 2190 sedis
757 2141 778 2189 a
805 2117 932 2190 minori
958 2141 1028 2192 non
1054 2118 1164 2216 possit
1189 2119 1353 2194 iudicari.
1379 2119 1463 2216 Cap.
1490 2123 1604 2194 XVII

454 2234 608 2306 XXVII
641 2229 680 2304 in
697 2229 788 2306 libro
805 2232 891 2306 IIII⁰
909 2231 994 2328 Cap.
1011 2233 1165 2304 XXXV.
1182 2239 1218 2305 et
1235 2233 1307 2306 XL

385 2348 435 2420 De
460 2369 501 2420 oo
525 2345 587 2442 qui
613 2344 828 2420 iudicaverit
853 2348 1050 2419 Romanam
1076 2345 1213 2420 Eocies
1186 2369 1285 2418 s.1am
1315 2345 1400 2442 Cap.
1427 2347 1544 2420 XXX.
1569 2355 1606 2482 ΙΙ

455 2461 591 2536 CXXV
595 2463 675 2534 IIII

384 2571 483 2648 Dc
453 2597 504 2647 eis
521 2572 583 2670 qui
600 2581 683 2648 cont
685 2597 725 2646 ra
668 2572 842 2648 bea
816 2583 843 2646 1
870 2575 935 2647 Pet
920 2582 966 2646 ΙΙΙ
959 2571 1132 2648 ''sedem
1121 2571 1274 2656 miurias
1300 2572 1494 2670 proferunt.
1520 2572 1604 2670 Cap

454 2689 662 2761 XXXVIII.

384 2800 484 2888 Quod
500 2799 649 2876 haretici
667 2801 742 2875 sint
759 2801 821 2900 qni
846 2805 1013 2877 Romanae
1038 2801 1210 2879 Ecclesia
1233 2825 1305 2878 non
1330 2802 1545 2880 concordent
1569 2815 1607 2878 et

454 2913 515 3012 qui
533 2913 611 2988 eius
627 2913 819 3012 privilegia
837 2915 1004 2990 nituntur
1026 2919 1178 2992 auferre.
1204 2917 1372 3015 Capitula
1399 2919 1603 2996 CXXXVI.

395 3059 424 3097 a
458 3028 620 3104 CCXVI.
644 3038 681 3103 et
706 3029 922 3104 CCXXVII.
947 3039 983 3106 et
1001 3033 1232 3108 CLXXVIII.
1250 3034 1428 3108 CCXIIII.
1446 3033 1605 3110 CCXVI.

455 3141 634 3217 CCXVII.

384 3257 435 3330 De
451 3254 508 3330 his
524 3255 587 3354 qui
602 3255 648 3332 ab
665 3257 864 3334 universali
880 3258 1092 3334 dividuntur
1110 3258 1282 3335 Ecclesia.
1299 3261 1384 3357 Cap.
1402 3261 1542 3338 CXLII.
1568 3271 1605 3336 ec

455 3369 613 3445 CXLIII.
630 3379 666 3444 ΙΙ
682 3371 858 3446 CXLIIII.
875 3381 911 3447 ot
928 3373 1068 3448 CXLV.

385 3483 485 3571 Quod
498 3509 608 3560 cansa
621 3485 771 3560 Romani
785 3489 876 3562 Pont
878 3487 969 3562 ifiois
982 3487 1047 3564 Dei
1060 3487 1107 3562 sit
1121 3487 1253 3563 iudicio
1266 3487 1506 3586 relinquenda.
1520 3489 1604 3586 Cap.

456 3597 638 3672 cv111.tet
654 3597 692 3670 in
710 3599 796 3672 ΙΙΙΙο
813 3599 903 3674 hbro
916 3600 1000 3698 Cap
1017 3605 1162 3676 XLVII.

384 3711 483 3798 Quod
500 3711 753 3810 Episcoporum
771 3713 905 3792 iudicia
923 3715 1097 3790 Dominus
1119 3716 1221 3792 beato
1247 3719 1351 3792 Petro
1375 3717 1603 3794 commiserit.

422 3827 544 3924 Cap.
563 3827 745 3904 LXXIIII.

386 3889 486 4026 Quod
508 3937 575 4014 hoc
592 3939 825 4037 privilegium
851 3943 929 4016 cius
955 3943 1054 4018 sedes
1077 3943 1332 4020 hereditarium
1357 3942 1495 4021 habeat.
1521 3945 1604 4042 Cap.

430 4050 529 4126 eod.
562 4093 566 4098 ·

385 4165 570 4251 Quodt
503 4167 570 4240 Pat
572 4164 734 4256 marchis,
747 4168 884 4242 Primat
886 4168 966 4244 ibus
981 4170 1038 4244 vel
1051 4169 1338 4248 Provincialibus
1352 4171 1536 4269 Episcopis
1548 4197 1605 4248 ac-

457 4278 574 4353 cusati
606 4280 803 4378 coepiscopi
829 4307 977 4357 causam
1003 4283 1181 4360 discutere
1211 4307 1281 4358 non
1298 4284 1470 4388 diffinire
1500 4284 1607 4360 liceat

413 4392 759 4580 unisppliplpstolioae
777 4395 959 4484 Sedisanc
962 4397 1115 4482 otnitate.
1132 4398 1216 4536 Cap.
1230 4354 1328 4472 XVI.
1344 4400 1484 4534 LVI.
1448 4423 1466 4480 c
1469 4403 1605 4508 ILVII.
