3654 5302
904 375 1036 440 -408
1065 411 1101 424 -·

391 493 447 569 b'is
463 493 534 570 tale
551 492 636 592 quid
653 493 800 570 iussisse
818 520 892 583 vos,
909 495 947 569 ui
965 495 1127 571 fallimur
1143 497 1318 574 hactenus
1337 497 1611 589 reminiscimur,

392 631 570 706 nusquam
588 631 651 682 vos
670 607 714 682 ad
730 617 868 682 tantam
886 608 984 686 circa
1001 611 1118 686 sedem
1137 612 1232 686 beati
1250 613 1346 687 Petri
1365 611 1612 711 Apostolorum

391 719 571 818 Principis
595 720 831 796 irreverentia
856 722 1041 800 devenisse
1058 725 1304 820 cognovimus.
1326 725 1562 802 Revolventes
1579 752 1612 802 e·

390 835 466 909 nim
484 834 669 933 epistolam
695 860 803 934 quam
825 846 913 914 tunc
938 837 1160 914 venerabiles
1184 839 1375 940 episcopos,
1399 848 1435 915 et
1461 839 1611 914 Arsavir

391 947 589 1045 gloriosum
603 950 836 1051 spatharium
848 952 1041 1042 miseratio,
1054 952 1106 1025 nil
1119 953 1267 1028 iussisse
1281 977 1344 1028 vos
1356 951 1468 1042 nohis,
1482 954 1544 1028 sed
1556 977 1613 1050 po-

391 1063 466 1138 tius
482 1063 683 1140 obsecrasse
700 1072 808 1163 atque
825 1089 969 1162 rogasse
995 1089 1058 1140 nos
1082 1066 1227 1142 omnino
1246 1068 1451 1166 reperimus.
1477 1071 1520 1142 In
1544 1091 1614 1166 quo

392 1177 498 1251 datur
514 1177 687 1274 intellegi,
704 1203 787 1256 cum
800 1203 899 1254 nunc
915 1179 1019 1255 aliter
1033 1178 1258 1277 prohibeatis,
1271 1189 1335 1254 aut
1348 1201 1411 1255 vos
1423 1179 1549 1255 oblitos
1560 1205 1616 1254 eo-

394 1315 475 1364 rum
488 1291 599 1367 fuisse
612 1291 675 1389 qui
687 1299 793 1368 antea
806 1291 987 1368 miseratis
1000 1303 1064 1369 aut
1076 1303 1172 1370 certe
1186 1293 1382 1393 penituisse
1394 1317 1458 1393 pro
1469 1293 1527 1369 his
1536 1319 1617 1393 quae

393 1401 581 1479 humiliter
594 1404 812 1504 petiveratis.

967 1600 1038 1684 xo.

865 1813 949 1866 Item
966 1814 999 1866 tn
1016 1813 1142 1868 eadem.

488 1969 589 2059 Quod
606 1982 727 2048 autem
745 1972 782 2046 hi
799 1974 861 2072 qui
879 1974 1000 2050 anima
1016 1975 1089 2051 fato
1101 1975 1218 2050 fratre
1235 1983 1272 2050 et
1288 1975 1533 2050 comministro
1557 1999 1619 2048 no·

395 2096 469 2160 stro
482 2085 625 2181 Ignatio
641 2085 802 2183 depositi,
814 2095 850 2162 et
862 2090 1176 2178 excommunicati,
1188 2097 1225 2164 et
1237 2087 1529 2164 anathematizati
1542 2089 1621 2163 fue·

395 2208 488 2290 rant,
513 2199 652 2273 nullam
677 2202 851 2277 adversus
876 2227 958 2278 cum
984 2204 1187 2301 intorquere
1212 2203 1476 2294 damnationem
1498 2211 1620 2300 potue·

393 2323 490 2404 runt,
506 2339 551 2389 ex
568 2314 711 2413 praelato
727 2317 892 2393 secundae
910 2317 1126 2392 universalis
1139 2316 1267 2416 synodi
1281 2317 1397 2413 capite
1414 2315 1619 2392 declaratur

393 2453 477 2503 oum
495 2427 637 2502 dicitur.
655 2429 694 2502 Si
711 2453 796 2505 vero
813 2429 1096 2506 ecclesiasticum
1123 2430 1233 2505 suerit
1257 2430 1395 2505 crimen
1421 2430 1513 2528 quod
1537 2427 1620 2527 Epi-

394 2563 498 2640 scopo
515 2540 658 2615 illatum
676 2541 787 2617 fuerit
803 2553 891 2619 tuuc
909 2543 1048 2642 probari
1072 2552 1209 2642 oportet
1233 2543 1484 2619 accusantium
1504 2565 1620 2640 perso

393 2683 468 2732 nas.
486 2660 536 2733 Ut
552 2656 666 2754 primo
682 2657 824 2756 quidem
841 2658 1010 2734 hereticis
1027 2681 1097 2733 non
1115 2657 1223 2733 liceat
1235 2655 1482 2731 accusationes
1495 2665 1619 2730 contra

393 2770 605 2846 orthodoxos
622 2771 801 2870 episcopos
819 2795 881 2869 pro
898 2770 1153 2847 ecclesiasticis
1170 2769 1325 2866 negotiis
1343 2769 1470 2845 facere.
1488 2769 1556 2844 Sed
1573 2794 1618 2844 ne

393 2885 457 2960 hos
474 2883 650 2960 hereticos
659 2909 736 2960 esse
748 2885 945 2982 denegetis,
957 2885 1078 2960 audite
1091 2883 1287 2983 sequeutia.
1300 2884 1485 2959 Heneticos
1497 2892 1618 2958 autern

394 2997 514 3096 inquit
535 2997 720 3085 Dominus,
741 3007 815 3072 tam
841 3021 900 3073 eos
925 2999 987 3096 qui
1012 2998 1095 3073 olim
1121 2997 1165 3071 ab
1190 2995 1340 3072 ecclesia
1358 2995 1506 3094 proiecti
1523 3005 1620 3085 sunt,

394 3138 501 3212 quam
520 3113 582 3211 qui
598 3112 744 3212 posthac
762 3139 784 3186 a
800 3112 901 3189 nobis
917 3111 1211 3188 anathematizati
1228 3120 1322 3185 sunt.
1337 3113 1445 3184 Porro
1458 3110 1489 3182 si
1502 3109 1619 3184 adhuc

393 3251 461 3302 neo
478 3225 509 3298 si
526 3225 672 3300 creditis
688 3225 809 3300 audite
827 3227 920 3324 quod
938 3225 1113 3301 subditur.
1140 3228 1263 3300 Preter
1287 3224 1349 3300 hos
1366 3233 1487 3299 autem
1505 3223 1619 3312 aiunt,

394 3349 430 3416 et
446 3362 505 3414 eos
521 3339 583 3436 qui
600 3339 705 3413 fidem
721 3339 864 3438 quidem
883 3364 1008 3414 sanam
1022 3339 1197 3414 simulant
1209 3338 1382 3428 confiteri,
1396 3337 1619 3415 scismaticos

394 3453 504 3529 etiarn
519 3461 557 3528 et
574 3475 633 3527 eos
650 3451 712 3550 qui
729 3475 887 3528 seorsum
905 3478 926 3526 a
943 3451 1291 3528 communicantibus
1308 3451 1409 3526 nohis
1434 3449 1619 3550 Episcopis

393 3567 559 3644 collectas
574 3566 722 3642 faciunt.
741 3567 876 3642 Deinde
893 3589 978 3642 vero
994 3577 1030 3641 et
1047 3569 1078 3642 si
1095 3568 1240 3668 quidam
1265 3567 1310 3642 ab
1334 3565 1487 3642 ecelesia
1512 3589 1620 3664 super

395 3681 515 3759 causis
531 3681 742 3779 quibusdam
761 3680 965 3780 reprehensi
989 3681 1127 3757 fuerint
1151 3691 1188 3756 et
1212 3681 1370 3779 proiecti,
1395 3689 1460 3754 aut
1483 3703 1621 3755 exrom-

396 3797 583 3886 municati,
601 3796 677 3872 sive
694 3821 738 3871 ex
754 3797 859 3887 clero,
876 3797 953 3872 sive
970 3821 1015 3872 ex
1030 3795 1114 3872 laici
1131 3795 1265 3885 ordine,
1281 3819 1348 3871 nec
1365 3795 1422 3870 his
1438 3793 1547 3870 licere
1563 3818 1621 3870 ac·

396 3935 523 3988 ousare
539 3909 742 4011 episcopum
761 3919 953 4010 antequam
971 3911 1110 4010 proprio
1127 3909 1278 3986 crimine
1294 3907 1462 4008 primitus
1488 3931 1621 3984 exuan-

397 4037 467 4103 tur.
485 4025 659 4100 Similiter
675 4033 797 4100 autem
815 4025 951 4123 eosqui
970 4026 1037 4101 sub
1054 4025 1300 4102 accusationes
1317 4021 1425 4121 priori
1450 4023 1622 4111 existunt,

396 4164 467 4215 non
484 4149 568 4214 ante
585 4163 661 4215 esse
678 4139 915 4238 acceptabiles
932 4138 970 4212 in
988 4139 1254 4216 accusationem
1272 4137 1437 4237 episcopi,
1453 4145 1517 4210 aut
1537 4135 1622 4210 alio

397 4279 477 4330 rum
495 4254 719 4345 clericorum,
735 4255 820 4354 quia
837 4255 874 4327 in
888 4255 991 4328 noxio
1003 4253 1209 4351 semetipsos
1225 4252 1407 4327 illatorum
1425 4249 1493 4325 sibi
1505 4261 1622 4326 osten-

397 4369 514 4447 derint
531 4369 737 4445 criminum.
749 4367 842 4456 Quid
855 4377 976 4444 autem
993 4365 1142 4466 periculi
1162 4363 1298 4462 regula
1311 4363 1421 4440 huius
1433 4363 1622 4440 immineat

397 4481 707 4584 contemptoribus,
723 4505 794 4559 oon
811 4480 995 4580 ignoratis.
