3582 5288
897 421 936 438 ..
962 389 1005 450 90
1030 422 1070 438 .-

369 506 725 606 stantinopolitanum
744 509 922 605 qnondam
940 507 1155 606 Episcopum
1173 507 1219 580 ab
1235 506 1440 605 Apostolica
1457 507 1546 582 Sede
1559 533 1595 578 a·

370 619 692 696 nathematizatum
710 645 833 697 eorum
850 620 1061 718 complicem
1079 631 1115 696 et
1132 645 1331 719 sequacem,
1347 619 1406 694 rel
1420 620 1457 692 in
1471 643 1594 694 eorum

368 739 431 836 qui
441 761 630 814 commune
638 747 703 810 aut
713 737 880 812 societate
893 736 1165 835 permanserint.
1174 737 1245 824 Qui
1260 735 1434 812 Acatbius
1443 758 1595 832 quorum

370 877 407 927 se
424 850 606 927 communi
625 850 783 938 miscuit,
800 850 958 948 ipsorum
976 849 1131 925 similem
1150 849 1280 925 habere
1298 850 1431 924 meruit
1447 849 1485 921 in
1499 847 1596 922 dam·

368 966 512 1039 natione
530 962 755 1039 sententiam.
777 967 924 1038 Petrum
946 963 1182 1038 nihilomiuus
1196 963 1434 1040 Antiocenum
1452 964 1597 1037 damna·

370 1105 451 1152 mus
467 1103 551 1152 cum
569 1077 781 1174 sequacibus
798 1078 926 1152 suiset
943 1077 1110 1150 omuibus
1126 1101 1234 1174 supra
1258 1077 1411 1175 scriptis.
1437 1076 1595 1174 Suscipi-

369 1218 450 1265 mns
463 1201 584 1266 autem
598 1201 634 1266 et
647 1192 837 1288 probamus
850 1191 1017 1289 epistolas
1029 1190 1125 1265 beati
1139 1192 1264 1266 Leonis
1282 1195 1387 1289 Papae
1404 1191 1594 1266 universas

370 1330 459 1404 quas
476 1305 519 1379 de
536 1305 734 1380 christiana
753 1306 927 1402 religione
945 1304 1166 1401 conscripsit.
1180 1304 1283 1380 Sicut
1295 1305 1526 1402 prediximus
1543 1330 1595 1380 se-

369 1428 520 1517 quentes
537 1418 575 1490 in
594 1419 759 1492 omnibus
778 1420 1016 1517 Apostolioam
1043 1419 1169 1496 Sedem
1194 1429 1230 1493 et
1254 1419 1489 1516 praedicantes
1515 1420 1593 1495 eius

370 1531 488 1604 omnia
505 1532 697 1629 apostolica
715 1541 850 1606 statuta
867 1557 945 1607 esse
962 1531 1146 1605 servanda.
1163 1535 1211 1606 Et
1226 1555 1288 1629 per
1305 1532 1426 1606 omnia
1439 1556 1541 1630 spero
1553 1545 1595 1607 ut

370 1644 408 1718 in
422 1671 495 1719 una
507 1646 755 1720 communione
769 1645 953 1720 vobiscum
967 1669 1074 1742 quam
1090 1645 1198 1719 Sedes
1208 1645 1412 1743 Apostolica
1425 1647 1594 1744 praedicat

370 1783 447 1832 esse
466 1783 614 1848 merear,
631 1759 670 1832 in
687 1783 757 1856 qua
774 1768 829 1832 cst
847 1758 990 1854 integra
1007 1769 1044 1834 et
1066 1784 1146 1833 vera
1172 1759 1387 1834 Christianae
1409 1760 1594 1856 religionis

370 1882 406 1946 et
419 1872 575 1969 perlecta
593 1873 763 1948 soliditas.
778 1871 1032 1947 Promittentes
1050 1883 1290 1970 sequestratos
1306 1900 1327 1946 a
1345 1875 1594 1950 communione

370 1985 564 2062 Catholicae
583 1986 763 2074 Ecclesiae,
786 1985 879 2060 idem
898 2009 970 2060 non
995 1987 1259 2063 consentientes
1283 1988 1357 2062 sedi
1383 1988 1594 2086 Apostolicae

374 2123 496 2174 eorum
515 2101 658 2175 nomine
675 2100 769 2174 inter
786 2124 888 2174 sacra
906 2123 975 2174 uon
993 2101 1176 2175 recitanda
1193 2126 1270 2176 esse
1288 2102 1472 2200 mysteria.
1494 2103 1594 2189 Quod

372 2211 402 2285 si
420 2213 458 2285 in
476 2212 598 2310 aliqua
614 2212 829 2310 professione
844 2237 923 2286 moa
936 2213 1081 2289 deviare
1093 2227 1314 2313 temptavero
1327 2215 1384 2289 his
1397 2240 1484 2314 quos
1497 2217 1594 2291 dam·

369 2325 478 2423 pnavi
495 2325 703 2424 complicem
723 2351 801 2401 mea
819 2327 997 2402 sententia
1010 2354 1066 2404 me
1079 2353 1156 2404 csse
1170 2330 1347 2418 confiteor,
1359 2329 1453 2406 hano
1471 2341 1593 2406 autem

370 2439 621 2535 professionem
635 2465 751 2515 meam
764 2465 832 2538 ego
843 2442 1594 2542 IohannesConstantinopolitannsEpisco-

369 2579 436 2650 pus
453 2580 562 2628 manu
580 2581 659 2630 moa
677 2556 870 2657 subscripsi
889 2569 925 2632 et
942 2553 1116 2633 Ormisdae
1129 2565 1253 2631 sancto
1265 2567 1301 2631 et
1314 2557 1510 2632 venerabili
1529 2561 1593 2632 Pa-

368 2688 421 2762 pae
439 2665 546 2742 Urbis
564 2671 683 2744 Romae
699 2669 822 2744 direxi.

922 2835 1046 2920 leIl.

464 3003 627 3100 Vigilius
644 3005 877 3082 dilectissimo
891 3002 995 3079 fratri
1009 3005 1226 3080 Eleutherio.
1240 3007 1341 3082 Nulli
1361 3007 1420 3083 vol
1434 3008 1592 3086 tenuiter

369 3116 498 3192 scienti
514 3119 571 3193 vel
589 3119 741 3217 pleniter
755 3121 907 3218 sapienti
922 3119 1071 3194 dubium
1084 3131 1138 3194 est
1151 3122 1240 3218 quod
1255 3121 1419 3198 Ecclesia
1432 3127 1593 3196 Romana

368 3230 644 3307 fundamentum
663 3245 698 3308 et
715 3234 827 3308 forma
841 3235 889 3308 sit
907 3234 1150 3310 Ecclesiarum
1168 3260 1273 3333 aqua
1286 3259 1409 3311 omnes
1421 3237 1592 3313 ecclesias

370 3344 588 3443 principium
616 3347 810 3445 sumpsisse
836 3372 940 3422 nemo
966 3360 1063 3424 recte
1088 3348 1311 3424 credentium
1330 3349 1483 3446 ignorat.
1502 3355 1593 3440 Quo·

367 3459 464 3532 niam
483 3459 569 3536 licet
581 3462 741 3536 omnium
757 3463 1004 3560 Apostolorum
1019 3489 1083 3562 par
1096 3476 1189 3539 osset
1202 3465 1338 3552 electio,
1351 3466 1453 3541 beato
1469 3477 1590 3542 tamen

368 3577 472 3648 Petro
490 3576 613 3650 datum
631 3587 739 3651 estut
752 3577 892 3652 caeteris
910 3577 1145 3676 praemineret.
1160 3579 1261 3652 Unde
1277 3589 1314 3653 ot
1331 3578 1473 3676 Ceplias
1490 3604 1591 3656 voca·

366 3699 428 3762 tur
444 3689 529 3786 quia
546 3702 655 3788 caput
673 3702 709 3766 et
726 3693 864 3788 primus
885 3703 940 3768 est
964 3690 1124 3766 omnium
1153 3691 1410 3788 Apostolorum.
1427 3695 1475 3766 nt
1499 3695 1591 3791 quod

367 3802 404 3874 in
422 3801 749 3901 capite‘preeoessit,
767 3805 805 3876 in
832 3805 1000 3879 membris
1026 3805 1126 3903 sequi
1153 3829 1298 3881 necesse
1325 3817 1388 3881 est.
1406 3810 1522 3894 Quam
1548 3807 1591 3882 ob

367 3943 442 3992 rem
468 3921 628 3992 Romana
649 3919 822 4007 Ecclesia,
839 3919 917 3993 eius
941 3920 1069 3994 merito
1091 3920 1233 3994 Domini
1258 3943 1346 3995 voce
1371 3931 1590 4010 consecrata,

368 4030 565 4129 primatum
583 4041 681 4106 tenet
694 4032 854 4105 omnium
868 4032 1111 4107 ecclesiarum.
1125 4033 1225 4120 Quod
1238 4044 1358 4109 autem
1374 4059 1410 4108 se
1425 4033 1494 4109 scit
1507 4033 1590 4107 aliis

365 4169 444 4219 esse
457 4144 685 4241 praepositum
700 4167 771 4218 non
786 4145 929 4220 moleste
943 4145 1035 4220 ferat
1047 4146 1203 4244 aliquem
1218 4146 1285 4220 sibi
1299 4171 1380 4221 esse.
1389 4145 1588 4244 praelatum.

366 4261 413 4332 Et
431 4269 508 4354 post
525 4283 648 4356 pauca.
665 4262 746 4356 Ipsa
763 4283 917 4357 namque
935 4259 1097 4334 Ecclesia
1116 4282 1195 4356 quae
1217 4259 1333 4356 prima
1355 4270 1409 4334 est
1432 4257 1482 4334 ita
1509 4261 1590 4334 reli·

365 4372 446 4470 quis
463 4372 626 4448 ecclesiis
642 4375 741 4449 vices
759 4400 843 4448 suas
860 4373 1011 4449 credidit
1028 4373 1234 4469 largiendas
1251 4383 1292 4447 ut
1309 4373 1347 4446 in
1361 4384 1498 4472 partem
1515 4373 1589 4448 sint

364 4497 499 4561 vocatio
517 4487 770 4564 sollicitudinis
787 4513 858 4561 non
876 4489 912 4561 in
933 4487 1190 4585 plenitudinem
1210 4488 1405 4585 potestatis.
