3646 5292
741 406 934 470 -221-

230 535 307 624 post
324 550 508 602 excessum
525 525 756 602 nobilissima
772 525 950 600 memoriae
966 525 1036 598 viri
1046 524 1194 600 Fabiani
1212 525 1367 600 noudum
1382 533 1449 615 est,

231 640 415 738 episcopus
428 649 569 740 propter
584 666 704 714 rerum
719 649 755 715 et
767 650 966 736 temporum
981 639 1455 729 difficultatesconstitutus,

230 755 313 853 quia
330 755 447 827 omnia
466 754 534 827 ista
554 753 764 842 moderetur,
782 762 952 828 eteorum
966 754 1027 853 qui
1041 754 1130 852 lapsi
1144 753 1450 851 suntpossitcum

229 867 442 943 auctoritate
459 877 495 942 et
511 867 659 942 consilio
675 867 805 942 habere
825 868 1007 942 rationem.
1033 872 1079 941 Et
1104 867 1208 941 infre.
1234 871 1281 942 Et
1305 867 1447 965 quidem

230 1006 312 1056 cum
330 981 540 1078 quibusdam
550 980 732 1078 Episcopis
749 981 881 1056 vicinis
898 981 1009 1070 nobis,
1023 990 1058 1056 et
1070 981 1446 1078 appropinquantibus,

230 1105 265 1170 et
282 1119 368 1193 quos
386 1121 430 1170 ex
453 1095 536 1169 aliis
562 1095 754 1193 provinciis
779 1094 885 1188 longe
912 1093 1036 1187 positis
1061 1093 1321 1190 persecutionis
1345 1093 1451 1167 istius

229 1208 332 1281 ardor
349 1207 492 1296 eiceret,
508 1219 592 1283 ante
606 1209 895 1284 constitutionem
904 1207 1068 1304 Episcopi
1089 1206 1180 1280 nihil
1202 1205 1449 1284 innovandumv

230 1319 448 1418 putavimus,
461 1321 523 1396 sed
535 1320 713 1419 lapsorum
729 1346 853 1395 curem
864 1321 1088 1396 mediocriter
1097 1321 1362 1418 temperandam
1373 1345 1451 1394 esse

230 1432 455 1508 credidimus.
474 1437 524 1510 Ut
541 1434 685 1508 interim
704 1435 788 1508 dum
807 1434 1002 1531 Episcopus
1018 1434 1095 1508 dari
1108 1461 1129 1507 a
1143 1437 1215 1509 Deo
1227 1433 1327 1509 nobis
1344 1433 1452 1508 susti-

229 1555 345 1636 netur,
359 1547 399 1620 in
417 1572 587 1645 suspenso
604 1571 737 1637 eorum,
754 1547 815 1645 qui
834 1571 948 1622 moras
971 1557 1119 1645 possunt
1135 1546 1315 1621 dilationis
1341 1547 1449 1621 susti-

228 1683 311 1735 nere
328 1685 437 1735 causa
454 1671 628 1735 teneatur.
646 1664 776 1736 Eorum
796 1669 915 1735 autem
934 1684 1086 1758 quorum
1106 1661 1192 1736 vitae
1209 1687 1283 1734 suae
1297 1661 1359 1734 fini
1373 1686 1451 1734 sur-

228 1794 319 1865 gens
336 1773 453 1845 exitus
470 1771 674 1845 diletionem
692 1794 761 1844 uon
776 1781 891 1868 potest
904 1773 996 1849 ferre
1009 1783 1090 1849 acte
1105 1773 1311 1871 paenitentie
1324 1783 1361 1849 et
1374 1798 1451 1871 pro-

228 1882 322 1956 fessa
340 1885 544 1982 frequenter
561 1908 707 1958 suorum
725 1885 956 1960 detestatione
974 1887 1161 1975 sactorum,
1178 1887 1209 1960 si
1232 1886 1402 1975 lacrimis,
1417 1885 1449 1958 si
1496 1937 1500 1944 -

227 1995 433 2090 gemitibus,
450 1996 480 2070 si
497 1996 640 2072 fletibus
657 1997 816 2072 dolentes
833 2025 876 2074 ac
893 2024 976 2074 vere
994 1998 1186 2096 penitentis
1203 1997 1314 2072 animi
1340 2000 1455 2094 signe-

229 2109 446 2206 prodiderint
464 2136 548 2186 cum
566 2137 646 2210 spes
664 2110 810 2186 vivendi
827 2113 1027 2188 secundum
1045 2112 1225 2188 hominem
1243 2112 1343 2185 nulla
1368 2111 1450 2186 sub

227 2221 372 2312 sisterit,
385 2223 435 2297 ite
448 2225 590 2298 demum
604 2235 719 2300 cautae
732 2235 767 2300 et
782 2224 944 2300 sollicita
957 2225 1141 2299 subveniri
1157 2227 1230 2300 Deo
1243 2224 1319 2322 ipso
1336 2223 1451 2299 scien-

226 2341 262 2406 te
279 2332 339 2430 qui
357 2333 398 2408 de
415 2333 549 2410 talibus
566 2334 726 2424 fecittot
743 2335 897 2434 qualiter
913 2337 1038 2412 iudicii
1055 2338 1111 2412 sui
1125 2338 1304 2413 examinet
1320 2337 1448 2435 ponde·

228 2469 278 2534 ra,
295 2445 395 2520 nobis
412 2455 532 2523 lamen
550 2448 665 2522 anxiae
682 2450 903 2540 curantibus,
912 2459 952 2524 ut
969 2475 1035 2526 neo
1050 2474 1194 2548 pronam
1210 2460 1368 2526 nostram
1382 2450 1447 2523 im·

227 2559 322 2655 probi
333 2559 495 2634 homines
504 2559 651 2636 laudent
661 2561 881 2652 facilitatem,
891 2588 957 2638 uec
966 2587 1050 2637 vere
1060 2563 1269 2660 paenitentes
1277 2572 1450 2638 accusent

226 2680 384 2745 nostram
403 2672 505 2770 quasi
524 2674 784 2750 crudelitatem.
802 2678 975 2776 Optamus
994 2687 1030 2752 te
1047 2702 1186 2776 semper
1203 2677 1293 2753 bene
1318 2676 1454 2766 valere,

149 2839 153 2850 .
229 2793 264 2860 et
280 2785 393 2862 nostri
411 2787 626 2863 meminisse.

805 3014 878 3100 orl.

323 3239 529 3338 Cyprianus
543 3239 769 3340 Presbyteris
782 3250 818 3316 et
832 3241 1048 3318 Diaconibus
1061 3242 1234 3320 fratribus
1246 3243 1449 3318 karissimis

226 3352 389 3428 salutem.
408 3355 533 3429 Saluto
549 3378 612 3429 vos
629 3380 693 3454 per
710 3356 775 3430 Dei
792 3355 950 3451 gratiam
968 3356 1166 3433 incolumes
1183 3359 1314 3434 fratres
1333 3358 1449 3432 karis-

227 3465 434 3542 simi.Letus
443 3469 535 3566 quod
546 3468 642 3543 circe
652 3469 935 3545 incolumitatem
945 3493 1083 3568 quoque
1093 3481 1251 3546 vestram
1260 3471 1379 3545 omnia
1392 3470 1445 3544 in·

232 3589 331 3676 tegra
342 3582 900 3681 essecognoverim.thuoniem
911 3583 1000 3656 mihi
1010 3583 1180 3659 interesse
1190 3607 1447 3681 nuncnouper·

226 3695 414 3771 mittitlooi
425 3697 756 3795 condicio,petoros
764 3720 826 3794 pro
836 3695 901 3770 fide
911 3705 947 3770 et
957 3695 1446 3792 religionevestrafuugemi-

227 3805 265 3878 ni
278 3806 353 3882 illic
370 3819 406 3883 et
424 3807 554 3883 vestris
571 3809 733 3906 pertibus
746 3817 781 3883 et
797 3807 947 3899 meisut
961 3808 1072 3884 nichil
1086 3809 1145 3884 vel
1162 3811 1207 3884 ad
1219 3809 1444 3907 disciplinam

226 3919 347 3994 valed
364 3921 588 4017 diligentiam
604 3922 704 3997 desit.
714 3925 802 3996 Item
817 3921 908 3995 idem
927 3921 973 3994 ad
989 3921 1128 3996 eosdem
1146 3921 1184 3994 in
1197 3921 1269 3995 alie
1287 3921 1444 4019 epistole.

227 4033 451 4132 Quamquam
476 4059 586 4109 causa
611 4034 847 4132 compelleret,
868 4043 909 4108 ut
932 4033 1007 4131 ipse
1032 4034 1076 4107 ad
1102 4058 1163 4109 vos
1187 4059 1375 4134 properare
1401 4046 1438 4111 et

226 4145 359 4235 venire,
375 4147 538 4223 deberem
555 4148 668 4246 primo
685 4147 880 4246 cupiditate
898 4157 935 4222 et
958 4147 1130 4223 desiderio
1146 4149 1270 4239 vestri,
1289 4172 1368 4246 quae
1391 4173 1448 4224 res

226 4257 265 4330 in
283 4259 375 4332 votis
393 4260 482 4334 meis
499 4285 638 4334 summa
656 4269 720 4350 est,
736 4269 824 4334 tuno
841 4259 967 4335 deinde
984 4271 1026 4336 ut
1043 4285 1085 4336 ee
1102 4285 1182 4359 quae
1203 4261 1300 4338 circa
1326 4261 1448 4337 aeccle-

225 4371 287 4446 siae
304 4371 550 4467 gubernacula
570 4372 707 4447 utilitas
725 4374 927 4449 communis
944 4373 1275 4472 exposcit,traetare
1289 4375 1447 4451 simulet

226 4483 461 4580 plurimorum
479 4485 625 4562 consilio
650 4487 851 4562 examinata
873 4485 999 4562 limare
1027 4511 1218 4581 possemus,
1241 4497 1363 4564 temen
1388 4512 1446 4586 po
