3646 5292
887 418 927 450 .-.
951 385 1018 448 252
1044 417 1083 432 -

813 669 816 686 .
909 554 1073 640 rxrru.

879 721 928 771 Ex
947 718 1095 783 epistola.

471 855 668 932 Auacletue
681 879 808 930 servus
825 853 961 931 Christi
974 853 1093 962 Ihesu,
1106 853 1290 952 Episcopis
1306 853 1471 930 omnibus
1484 864 1519 932 et
1533 880 1597 931 ce

373 967 460 1044 teris
477 967 620 1044 cunctis
638 966 810 1043 fidelibus.
828 969 897 1055 Qui
914 968 1104 1044 abstulerit
1120 970 1213 1066 patri
1231 969 1290 1045 rel
1308 969 1414 1044 matri
1440 969 1600 1068 aliquid,

374 1081 539 1180 dicatque
557 1081 622 1158 hoo
640 1091 825 1178 peccatum
843 1105 913 1155 non
931 1106 1018 1172 esse,
1035 1084 1210 1160 homicide
1224 1085 1402 1183 particeps
1414 1094 1477 1161 est.
1490 1089 1597 1160 Pater

374 1205 494 1271 noster
510 1195 588 1270 sine
605 1195 710 1269 dubio
728 1197 823 1270 Deus
840 1203 905 1284 est,
922 1197 984 1294 qui
1003 1221 1065 1273 nos
1082 1198 1229 1274 crearit.
1248 1201 1363 1274 Mater
1376 1222 1462 1274 vero
1475 1207 1597 1274 nostra

373 1308 642 1407 ecclesiaque
659 1332 722 1384 nos
739 1307 777 1381 in
795 1307 968 1406 baptismo
985 1311 1221 1409 spiritualiter
1239 1311 1481 1408 regeneravit.
1500 1316 1597 1408 Ergo

376 1420 438 1519 qui
456 1421 592 1498 Christi
610 1421 781 1519 pecunias
798 1430 834 1496 et
851 1421 1023 1498 aecclesia
1041 1425 1161 1500 aufert
1178 1423 1235 1500 vel
1250 1425 1402 1516 fraudat,
1420 1425 1597 1502 homicida

373 1545 439 1622 est,
456 1545 563 1634 atque
580 1535 757 1611 homicida
774 1544 858 1612 ante
875 1549 1105 1634 conspectum
1124 1538 1211 1613 iusti
1234 1539 1364 1615 iudicis
1389 1564 1466 1615 esse
1491 1539 1597 1637 depu-

373 1649 518 1724 tabitur.
535 1649 605 1738 Qui
623 1649 716 1747 rapit
732 1651 923 1747 pecuniam
942 1650 1076 1725 domini
1094 1652 1150 1726 sni
1168 1652 1396 1750 iniquitatem
1421 1662 1596 1751 operatur.

373 1763 444 1849 Qui
461 1771 582 1838 autern
604 1762 795 1860 pecuniam
820 1762 972 1860 proximi
998 1763 1055 1837 sni
1080 1761 1306 1862 iniquitatem
1333 1772 1509 1862 operatur.
1526 1764 1596 1852 Qui

372 1877 573 1974 pecuniam,
590 1877 649 1952 rel
667 1901 724 1952 res
741 1876 911 1952 aeoolesiae
927 1876 1128 1968 abstulerit,
1145 1877 1380 1974 sacrilegium
1399 1875 1496 1952 facit.

897 2042 1079 2127 XXllllll.

844 2197 927 2252 Item
946 2199 1123 2252 iraeadem.

467 2332 670 2430 Privilegia
683 2333 929 2410 aeclesiarum
943 2344 979 2408 et
993 2333 1300 2422 monasteriorum,
1312 2331 1484 2407 inviolata
1498 2342 1533 2408 et
1545 2333 1597 2405 in·

373 2457 547 2524 temerata
564 2447 729 2524 omuibus
746 2447 974 2524 decrevimus
993 2471 1136 2523 manere
1154 2447 1382 2545 temporibus,
1407 2446 1508 2543 leges
1532 2473 1596 2522 aec-

372 2563 503 2652 clasiae,
521 2562 712 2661 apostolica
731 2563 916 2636 firmamus
933 2561 1158 2651 auctoritate,
1175 2559 1383 2657 peregrinas
1397 2583 1595 2634 summove·

372 2703 463 2752 mus.
480 2677 589 2753 Idem.
603 2677 641 2751 Si
658 2675 777 2751 omnia
796 2675 832 2748 in
850 2675 917 2752 hoo
934 2674 1065 2750 saeoulo
1082 2673 1240 2748 indicata
1258 2683 1388 2763 essent,
1405 2672 1523 2748 locum
1546 2671 1596 2747 di-

374 2789 460 2864 vina
477 2789 611 2866 iudicia
628 2813 696 2867 non
714 2789 894 2866 haberent.

935 2933 1045 3018 XXX.

471 3132 673 3210 Alexander
690 3133 886 3233 Episcopus
903 3133 1069 3209 omnibus
1093 3133 1276 3232 episcopis.
1302 3132 1371 3221 Qui
1392 3155 1456 3208 ros
1481 3157 1597 3234 perse·

371 3249 509 3348 quitur,
542 3249 660 3347 ipsum
691 3248 796 3322 ouius
826 3247 906 3323 vice
930 3247 1109 3345 legatione
1134 3247 1334 3344 fungimini
1360 3247 1595 3348 persequitur.

372 3363 465 3452 Quia
482 3363 670 3461 sicutipse
688 3362 805 3438 Filius
822 3363 888 3439 Dei
907 3363 1078 3438 mediator
1102 3361 1173 3435 fuit
1194 3360 1261 3436 Dei
1280 3371 1316 3437 et
1331 3361 1529 3452 hominum,
1545 3361 1595 3435 ita

371 3485 408 3552 et
425 3500 488 3552 vos
505 3476 583 3552 eins
600 3477 680 3553 vice
698 3475 737 3550 in
755 3475 906 3553 ecclesia
924 3477 1010 3552 estis
1028 3476 1225 3564 constituti,
1245 3485 1286 3552 nt
1310 3476 1405 3552 iuter
1427 3479 1543 3553 Deum
1558 3485 1595 3552 et

369 3589 531 3667 homines
548 3589 730 3688 legatione
747 3589 964 3688 fungamini.
983 3593 1022 3666 Si
1048 3591 1128 3691 quis
1152 3600 1275 3666 autom
1293 3590 1512 3687 legationem
1537 3615 1595 3668 re·

370 3714 483 3781 stram
499 3705 658 3805 impedit,
672 3729 742 3780 non
751 3704 876 3796 nnius,
893 3705 955 3780 sed
972 3703 1167 3780 multorum
1181 3705 1379 3802 profectum
1393 3705 1535 3782 avertit.
1547 3708 1593 3780 Et

370 3820 466 3896 sicut
483 3819 609 3894 multis
625 3828 740 3909 nocet,
757 3819 847 3894 itaa
871 3818 998 3894 multis
1022 3819 1233 3915 arguendus
1258 3829 1322 3896 est.
1347 3823 1394 3896 Et
1418 3819 1504 3919 quia
1529 3819 1592 3895 Dei

370 3958 517 4010 caueam
536 3932 693 4031 impedit,
707 3942 743 4007 et
755 3941 890 4008 statum
907 3933 1097 4007 conturbat
1114 3933 1295 4024 eecclesiae,
1311 3934 1356 4010 ab
1368 3934 1447 4010 eius
1464 3933 1593 4008 limini·

370 4048 438 4123 bus
455 4056 631 4123 arceatur.
648 4049 721 4120 Vos
734 4056 856 4122 autam
868 4045 898 4118 si
910 4045 1138 4122 dilectionem
1151 4047 1407 4124 habueritisad
1425 4049 1591 4136 invicem,

370 4173 405 4237 et
420 4160 607 4237 unanimes
620 4159 772 4248 fueritis,
786 4157 892 4236 facile
906 4158 996 4233 tales
1009 4159 1233 4259 superabitis.
1247 4162 1286 4234 Si
1299 4185 1384 4237 vero
1396 4162 1488 4261 qnod
1501 4161 1591 4236 absit

371 4275 549 4350 discordes
566 4273 707 4350 fueritis
724 4283 760 4348 et
777 4274 905 4349 canino
919 4298 984 4346 vos
996 4273 1101 4349 dente
1116 4273 1284 4364 roseritis,
1298 4275 1478 4349 neminem
1492 4297 1591 4371 supe·

371 4389 505 4464 rabitis.
519 4389 589 4476 Qui
599 4411 681 4463 vero
695 4413 738 4466 ex
752 4396 869 4463 vestro
882 4385 1033 4484 collegio
1046 4388 1165 4474 fuerit,
1177 4398 1260 4463 etse
1273 4387 1317 4462 ab
1329 4387 1462 4462 auxilio
1474 4397 1590 4462 restro

371 4501 598 4592 subtraxerit,
616 4501 734 4600 magis
750 4501 978 4579 scismaticus
995 4525 1102 4599 quam
1121 4499 1285 4575 sacerdos
1302 4524 1378 4576 esso
1397 4499 1573 4599 probatur.
