3646 5292
717 403 915 468 -229-

755 631 880 718 ovllt

302 870 553 968 Hrunonymus
566 868 713 944 Rustico
724 868 948 945 Narbonensi
957 868 1139 969 Episcopo.
1152 869 1327 946 Diaconos
1340 893 1428 970 quos

204 981 243 1055 in
255 980 446 1080 apocalipsi
460 981 554 1079 legis
563 985 633 1057 VII
642 982 766 1079 angeli
779 982 1024 1073 ecclesiarum,
1033 982 1071 1058 hi
1080 994 1167 1060 sunt
1179 987 1250 1060 VII
1263 983 1429 1061 candela·

204 1095 268 1170 bra
281 1120 400 1186 aureo,
413 1094 451 1168 hi
464 1119 569 1172 voces
581 1097 833 1187 tonitruorum,
845 1096 1024 1172 virtutum
1037 1098 1239 1197 operatione
1251 1097 1427 1198 praclari,

126 1232 130 1241 ·
203 1208 408 1284 humilitate
425 1208 573 1308 praediti,
590 1209 702 1308 quieti
719 1209 886 1298 humiles,
902 1211 1196 1308 evangelizantes
1210 1235 1345 1309 pacem,
1362 1236 1424 1286 au·

207 1321 416 1398 nuntiantes
432 1321 534 1413 bona,
547 1322 785 1399 dissensiones
803 1333 840 1398 et
856 1323 952 1398 rixas
969 1333 1005 1399 et
1026 1324 1194 1400 scandala
1214 1335 1427 1416 resecantes

206 1435 272 1510 soli
285 1438 358 1511 Deo
370 1434 610 1535 colloquentes
627 1436 821 1535 intemplo,
837 1436 951 1514 nichil
965 1438 1008 1514 de
1022 1439 1153 1514 mundo
1165 1438 1317 1539 punitus
1330 1438 1425 1536 cogi·

206 1559 336 1640 tantas,
348 1549 507 1626 dicantes
520 1551 612 1650 patri
626 1561 662 1626 et
676 1551 781 1626 matri
794 1573 865 1626 nou
879 1551 961 1626 novi
972 1575 1046 1642 vos,
1059 1561 1095 1628 et
1107 1551 1199 1626 filios
1212 1575 1294 1626 suos
1307 1575 1377 1626 nou
1390 1577 1426 1626 a·

203 1673 429 1760 gnoscentes,
453 1663 531 1740 siue
548 1663 615 1739 hoc
636 1661 836 1740 sacerdotes
852 1688 982 1739 nomen
1007 1663 1151 1754 habent,
1170 1663 1328 1740 officium
1352 1689 1424 1740 nou

203 1776 416 1867 hahent,hic
430 1777 593 1854 minister
602 1777 666 1854 Dei
676 1777 820 1868 dicitur,
830 1776 915 1875 quia
927 1776 1101 1875 scriptum
1111 1786 1176 1867 est,
1185 1775 1353 1852 maiorem
1362 1776 1425 1875 qui

204 1889 399 1981 ministrat,
415 1915 523 1990 quam
540 1892 601 1968 cui
620 1892 855 1968 ministratur.
872 1895 920 1966 Et
937 1892 1033 1968 sicut
1048 1891 1087 1966 in
1105 1890 1285 1967 sacerdote
1303 1913 1424 1967 conse·

202 2005 325 2095 oratio,
341 2004 393 2079 ita
410 2005 449 2080 in
466 2005 632 2081 ministro
653 2006 869 2108 dispensatio
893 2005 1111 2082 sacramenti
1136 2015 1200 2082 cat.
1226 2003 1345 2080 Etiam
1371 2030 1425 2080 sa·

203 2117 405 2194 cardotibus
421 2127 563 2218 propter
579 2120 891 2220 presumptionem
904 2143 976 2194 non
988 2119 1074 2195 licet
1086 2119 1129 2195 da
1142 2143 1267 2194 mensa
1279 2119 1423 2194 Domini

201 2231 327 2308 tollere
339 2231 489 2309 calicem
501 2232 572 2308 nisi
586 2233 638 2309 ais
650 2233 805 2308 traditus
818 2233 929 2309 fuerit
940 2259 962 2308 a
975 2232 1143 2308 diaconis.
1155 2232 1316 2310 Itaeuim
1327 2236 1425 2309 Deus

202 2355 324 2422 noster
341 2345 563 2444 omnipotens
580 2345 752 2422 universa
769 2346 952 2446 disposuit,
969 2337 1091 2446 utqui
1108 2347 1278 2423 maiorem
1295 2371 1334 2422 se
1350 2370 1425 2422 cre·

202 2459 343 2549 diderit,
361 2457 475 2534 minor
497 2467 601 2535 asset.
618 2461 665 2534 Et
681 2459 743 2558 qui
768 2461 950 2536 videretur
974 2459 1091 2536 minor
1108 2459 1221 2535 maior
1245 2458 1424 2536 existeret.

204 2573 366 2671 Denique
383 2597 491 2670 quam
508 2572 575 2648 hoc
591 2596 719 2648 verum
736 2572 794 2664 sit,
811 2572 886 2670 ipse
908 2571 1093 2674 perpende.
1109 2571 1245 2648 Levita
1262 2570 1424 2649 inferunt

204 2686 399 2762 oblationes
415 2685 454 2759 in
470 2685 606 2762 altario.
624 2687 757 2762 Levitae
774 2695 991 2784 componunt
1007 2709 1167 2761 mensam
1186 2684 1338 2760 Domini.
1363 2687 1425 2762 Le·

205 2799 291 2874 vitae
304 2799 545 2876 sacerdotibus
558 2825 641 2876 cum
655 2810 879 2878 sacramenta
891 2799 1152 2877 benedicuntur
1164 2799 1348 2875 assistunt.
1362 2803 1424 2877 La·

206 2911 292 2989 vitra
308 2923 392 2990 aute
410 2914 609 2992 sacerdotes
625 2907 739 3005 orant,
752 2925 793 2990 ut
804 2914 836 2990 si
848 2913 1030 2990 distinctio
1042 2912 1200 2989 locorum
1213 2913 1372 2990 creditur
1384 2914 1423 2988 in

204 3026 271 3102 hoc
289 3027 431 3118 mundo,
447 3026 556 3102 etiam
573 3027 611 3102 in
628 3027 756 3104 altario
772 3029 838 3105 Dei
855 3027 1001 3103 videant
1020 3026 1089 3102 sibi
1110 3026 1276 3125 Episcopi
1289 3028 1351 3126 qui
1365 3053 1424 3104 su·

205 3139 303 3238 perbi
321 3148 416 3229 sunt,
433 3140 597 3216 diaconos
613 3143 788 3238 anteponi.
806 3141 844 3214 Si
870 3139 1112 3215 humilitatem
1130 3138 1297 3236 diligant,
1316 3140 1423 3216 maio

203 3278 261 3329 res
277 3277 314 3328 se
331 3277 408 3328 esse
424 3253 462 3326 in
480 3277 520 3328 co
537 3253 630 3352 quod
642 3254 715 3330 sint
726 3254 883 3330 humiles
897 3263 1166 3350 recognoscant.
1179 3256 1281 3331 Tunc
1294 3255 1421 3331 deinde

202 3377 245 3442 ut
260 3391 367 3442 auras
382 3365 578 3442 habeamus
594 3367 639 3441 ad
656 3370 768 3444 Deum
787 3368 967 3444 Diaconos
984 3365 1126 3442 clamat.
1147 3370 1226 3466 Ipsa
1243 3369 1423 3468 praedicat,

201 3481 278 3579 ipse
287 3489 435 3570 ortatur,
448 3479 523 3578 ipse
535 3491 746 3571 commonet,
758 3480 972 3571 astantibus,
985 3481 1237 3557 sacerdotibus.
1250 3485 1327 3557 Nec
1336 3482 1424 3558 levi·

203 3601 249 3668 tae
265 3593 359 3669 hanc
376 3617 499 3670 vocam
516 3618 596 3693 quoe
612 3593 771 3693 loquitur
787 3605 826 3671 et
841 3619 965 3694 paoem
981 3593 1186 3686 annuntiat,
1210 3605 1274 3670 aut
1298 3595 1422 3692 neglc-

202 3715 332 3803 gentor
344 3705 508 3804 aspicias.
522 3707 663 3783 Sufficit
675 3707 760 3783 huic
775 3707 890 3782 ordini
903 3715 1044 3781 tautum
1058 3730 1120 3805 per
1130 3705 1322 3781 Dominum
1336 3707 1421 3784 fuis·

201 3843 240 3895 se
257 3842 465 3895 concessum
482 3827 523 3894 ut
540 3843 610 3895 uon
626 3819 742 3895 solum
759 3820 924 3896 sacerdos
939 3819 978 3893 iu
1000 3819 1132 3918 templo
1156 3819 1223 3896 Dei
1247 3828 1362 3896 totum
1386 3847 1423 3896 a·

201 3957 300 4030 gere,
317 3942 354 4008 ct
369 3931 518 4031 implere
535 3933 708 4008 videatur.
721 3936 768 4009 Et
785 3933 890 4009 infra.
906 3937 1014 4011 Nunc
1030 3943 1150 4010 autem
1165 3959 1212 4010 ax
1225 3934 1346 4034 quoin
1357 3960 1422 4012 mo-

202 4046 322 4123 clssiis
339 4047 436 4123 sicut
451 4047 489 4121 iu
507 4049 664 4123 Romano
680 4048 829 4146 imperio
853 4048 969 4126 crevit
993 4048 1157 4140 avaritia,
1181 4048 1274 4148 perit
1297 4048 1356 4124 lan
1378 4049 1422 4126 de

202 4159 394 4250 sacerdote,
417 4171 454 4236 et
470 4160 561 4236 visio
584 4161 626 4237 de
652 4161 832 4260 propheta,
856 4162 995 4259 singuli
1020 4185 1159 4260 quoque
1176 4186 1239 4260 pro
1263 4162 1422 4260 potentia

201 4272 412 4372 episcopalis
424 4273 579 4348 nominis
592 4299 699 4374 quam
713 4276 780 4352 sihi
794 4275 863 4374 ipsi
875 4275 1014 4352 inlicita
1027 4275 1160 4374 absque
1173 4273 1325 4351 ecclesia
1338 4299 1423 4350 ven·

201 4387 379 4476 dicarunt,
391 4397 506 4464 totum
520 4389 612 4488 quod
624 4389 816 4465 levitarum
830 4390 934 4465 estin
947 4415 1036 4464 usus
1053 4411 1136 4464 suos
1149 4387 1330 4484 redigunt.
1343 4391 1419 4464 Nec

199 4501 266 4580 hoc
281 4500 349 4582 sibi
367 4501 459 4601 quod
475 4502 649 4602 scriptum
667 4513 723 4582 est
734 4503 937 4596 vendicant,
949 4503 1011 4582 sed
1023 4502 1145 4581 cuntis
1157 4503 1329 4579 auferunt
1341 4502 1435 4592 uni-¹
