3654 5302
744 415 941 480 -383-

229 552 413 613 servorum
432 544 529 627 sunt,
546 525 776 634 imperatores
794 561 879 612 vero
896 537 1045 611 Romani
1070 537 1189 636 populi
1212 538 1345 613 domiui
1368 533 1453 616 libe-

230 674 361 726 rorum.
377 651 474 727 Idem
492 650 530 725 in
548 651 669 726 eodem
687 661 838 747 regesto.
855 651 1030 726 Omnibus
1047 660 1170 727 notum
1197 661 1251 727 est
1272 653 1451 751 piissimos

229 763 389 838 dominos
406 763 631 862 disciplinam
650 763 813 859 diligere,
829 763 970 838 ordines
994 788 1151 855 servare,
1168 789 1321 842 canones
1346 791 1453 842 vene·

229 874 313 967 rari,
330 875 421 952 etin
438 874 558 951 causis
575 901 612 950 se
630 875 909 953 sacerdotalibus
926 898 998 950 non
1015 875 1175 953 miscere.

774 1043 898 1128 LXIII.

327 1215 525 1311 Gregorius
547 1214 738 1290 Sabiniano
762 1217 919 1290 Diacono
942 1226 1062 1291 nostro
1086 1217 1180 1316 apud
1202 1217 1454 1294 Constantino·

228 1327 350 1426 polim,
375 1328 470 1405 inter
495 1337 623 1404 cetera.
649 1329 831 1403 Maximus
847 1329 1100 1428 praevaricator
1124 1330 1258 1428 scripto
1283 1356 1361 1407 mea
1387 1357 1450 1430 pu·

227 1441 318 1516 blico
344 1441 489 1531 relecta,
507 1442 647 1540 publice
664 1443 779 1518 scindi
797 1441 893 1530 fecit,
910 1451 1017 1540 etque
1034 1443 1071 1515 in
1089 1453 1332 1542 contemptum
1351 1445 1447 1520 sedis

226 1553 426 1650 apostolicae
438 1553 597 1651 apertius
613 1553 761 1629 exilium
779 1555 871 1653 quod
888 1579 955 1652 ego
971 1556 1125 1654 qualiter
1139 1557 1252 1654 patiar
1266 1558 1348 1646 scis,
1363 1559 1448 1656 quia

226 1676 309 1742 onte
327 1668 482 1765 paratior
499 1693 577 1740 sum
594 1669 693 1758 mori,
706 1692 813 1766 quam
827 1668 922 1744 beati
936 1669 1033 1744 Petri
1052 1671 1250 1750 aeoolesiam
1269 1671 1358 1746 meis
1375 1672 1447 1747 die·

226 1778 293 1852 bus
305 1779 526 1874 degenerari.
539 1782 655 1856 Mores
667 1790 788 1854 autem
802 1806 896 1858 meos
909 1783 998 1858 bene
1011 1784 1447 1885 habenscognitos,quan-

226 1891 286 1965 diu
306 1901 432 1989 potero.
450 1892 518 1967 Sed
535 1893 566 1966 si
583 1893 694 1967 semel
710 1893 997 1971 deliberationem
1015 1921 1086 1972 non
1104 1907 1254 1996 portare,
1271 1910 1395 1975 contra
1412 1923 1447 1974 o·

227 2006 325 2078 mnia
342 2005 511 2103 pericula,
528 2006 632 2081 Iaetus
652 2009 748 2083 vodo.
765 2009 868 2084 Unde
885 2034 1030 2086 necesse
1047 2021 1103 2086 est
1123 2038 1205 2088 cum
1225 2013 1289 2086 Dei
1314 2013 1448 2088 auxilio

226 2118 384 2217 periculo
397 2144 618 2210 succurrere,
631 2146 697 2196 nec
707 2133 858 2217 cogatur
867 2124 1066 2200 excedendo
1074 2150 1231 2223 peccare.
1244 2126 1342 2202 Idem
1356 2130 1446 2200 Nar-

226 2257 285 2306 sre.
302 2232 409 2306 Omni
426 2233 561 2308 virtute
574 2244 611 2308 et
622 2233 719 2308 omni
731 2234 883 2332 pondere
896 2261 1041 2312 oausam
1057 2239 1346 2338 presbyterorum
1360 2264 1442 2314 cum

227 2344 383 2419 Iohanne
401 2346 686 2422 reverentissimo
702 2347 906 2444 patriarcha
931 2351 1320 2450 Constantinopolitano
1346 2353 1449 2426 auxi-

226 2459 337 2533 liante
354 2461 427 2534 Deo
444 2485 586 2537 exerere
602 2471 749 2561 paratus
766 2489 856 2537 sum.
869 2465 910 2538 In
924 2488 995 2563 qua
1008 2466 1039 2539 si
1052 2466 1173 2540 videro
1187 2465 1288 2542 Sedis
1303 2463 1450 2563 Aposto-

227 2571 307 2646 licoe
324 2595 477 2647 canones
494 2596 565 2670 non
581 2575 729 2666 servari,
747 2576 845 2651 dabit
860 2577 1083 2676 omnipotens
1099 2581 1194 2654 Deus
1212 2579 1299 2677 quid
1322 2589 1449 2655 contra

229 2695 487 2784 contemptores
503 2687 581 2762 eius
594 2688 736 2765 faciam.

767 2855 909 2940 LXIIII.

324 3027 522 3124 Gregorius
541 3027 748 3122 Augustino
766 3029 967 3125 Anglorum
982 3031 1152 3130 episcopo
1167 3033 1206 3106 Si
1219 3031 1301 3130 quis
1313 3031 1450 3130 aliquid

228 3139 271 3214 de
288 3140 439 3215 ecclesia
456 3139 583 3214 furtim
600 3137 799 3228 abstulerit,
815 3165 859 3216 ex
878 3166 1027 3242 persona
1053 3145 1145 3218 furis
1170 3144 1312 3244 pensari
1334 3153 1449 3242 potest

229 3253 385 3350 qualiter
401 3251 521 3327 valeat
537 3251 683 3346 corrigi.
700 3253 794 3326 Sunt
806 3253 902 3327 enim
916 3256 1059 3352 quidam
1073 3257 1134 3354 qui
1148 3255 1321 3331 hebentes
1334 3256 1450 3332 subsi-

229 3365 287 3440 dia
303 3367 441 3440 furtum
459 3373 674 3463 perpetrant.
693 3367 739 3438 Et
754 3375 840 3440 sunt
856 3367 919 3440 elii
937 3369 999 3466 qui
1016 3369 1083 3445 hac
1100 3370 1138 3445 iu
1152 3393 1191 3445 re
1203 3393 1248 3444 ex
1260 3369 1379 3468 inopia
1391 3369 1448 3444 de·

230 3479 411 3576 linquunt.
428 3478 532 3554 Unde
549 3502 695 3553 necesse
713 3487 777 3568 est,
794 3488 835 3552 ut
852 3480 996 3577 quidam
1015 3482 1166 3570 damnis,
1191 3481 1336 3580 quidam
1361 3505 1447 3557 vero

229 3591 449 3681 verberibus,
467 3591 662 3689 etquidem
686 3589 896 3682 districtius,
917 3593 1062 3690 quidem
1087 3615 1173 3668 vero
1198 3594 1315 3669 lenius
1339 3595 1448 3670 corri-

230 3713 375 3800 gantur.
393 3707 440 3778 Et
456 3729 540 3780 cum
559 3701 664 3801 paulo
680 3701 881 3778 districtius
897 3706 1032 3801 agitur,
1044 3730 1088 3781 ex
1100 3705 1251 3782 caritate
1264 3705 1446 3802 agendum

229 3827 294 3906 est,
310 3829 347 3893 et
363 3840 434 3891 non
451 3841 497 3892 ex
513 3815 643 3900 lurore,
655 3815 740 3914 quia
756 3815 824 3913 ipsi
841 3815 908 3892 hoo
924 3827 1114 3916 praestatur
1130 3817 1222 3916 quod
1239 3817 1447 3914 corrigitur,

229 3929 393 4025 gehenne
411 3928 558 4025 ignibus
574 3927 746 4003 tradatur.
764 3929 824 4003 Sic
840 3929 936 4005 enim
953 3953 1018 4006 nos
1031 3927 1195 4006 fidelibus
1207 3939 1329 4006 tenere
1342 3929 1447 4005 disci-

230 4041 365 4140 plinam
380 4041 560 4128 debemus,
573 4041 669 4114 sicut
680 4039 761 4114 boni
775 4050 894 4139 patres
906 4043 1112 4119 carnalibus
1125 4043 1210 4117 filiis
1222 4043 1346 4133 solent,
1359 4065 1447 4141 quos

230 4164 265 4228 et
282 4178 344 4252 pro
360 4154 476 4252 culpis
493 4153 701 4229 verberibus
718 4153 866 4246 feriunt,
880 4165 1048 4232 ettamen
1061 4157 1155 4256 ipsos
1168 4181 1255 4256 quos
1268 4155 1448 4230 doloribus

229 4265 400 4362 affligunt
415 4266 545 4341 habere
562 4265 708 4342 heredes
725 4279 892 4364 quaerunt
915 4280 951 4346 et
975 4295 1055 4368 quae
1077 4271 1256 4368 possident
1280 4269 1348 4367 ipsi
1375 4295 1448 4345 ser·

230 4389 329 4470 rant,
346 4404 434 4478 quos
451 4381 533 4454 irati
559 4381 700 4479 insequi
717 4381 895 4473 videntur.
913 4386 1000 4463 Haec
1022 4407 1109 4480 ergo
1126 4382 1258 4458 caritas
1274 4382 1314 4456 in
1331 4394 1449 4457 mento

229 4495 382 4569 tenenda
395 4503 497 4568 estet
510 4492 586 4593 ipsa
600 4494 740 4568 modum
755 4495 986 4592 correptionis
999 4495 1106 4584 dicat,
1115 4495 1165 4568 ite
1178 4505 1219 4569 ut
1232 4493 1268 4568 in
1282 4494 1335 4568 eis
1347 4503 1448 4569 extra
