3646 5292
723 451 766 465 -
789 419 855 482 235
882 451 922 468 -

212 535 377 610 fueritin
395 535 519 612 diebus
536 535 620 629 illis,
637 546 673 614 at
691 548 854 638 quaerant
870 537 983 615 abeis
1000 538 1118 636 legem
1131 538 1285 616 Domini.
1297 539 1437 630 Quibus

213 649 516 836 respondentibus.
533 652 635 740 Quod
659 652 690 727 si
716 676 787 729 non
812 653 987 743 fecerunt,
1011 653 1295 730 exterminentur
1319 655 1437 755 depo

211 787 259 862 pu
274 786 293 836 0
309 785 383 838 suo.

746 872 889 958 oxssss.

575 1065 668 1120 Idem
686 1068 718 1120 ln
736 1069 877 1134 epistola
895 1069 939 1124 sd
958 1073 1074 1126 Titum.

307 1219 514 1298 Constituas
531 1245 592 1320 per
608 1220 776 1298 civitates
793 1225 1032 1325 presbyteros,
1046 1227 1142 1304 sicut
1158 1251 1226 1325 ego
1243 1227 1308 1303 tibi
1326 1229 1438 1330 dispo

212 1334 280 1412 sui.
298 1336 397 1424 Quod
415 1335 531 1433 qualis
545 1335 733 1436 presbyter
746 1337 870 1415 debeat
885 1340 1053 1433 ordinari,
1070 1341 1107 1416 in
1125 1342 1357 1441 sequentibus
1370 1344 1437 1419 dis·

212 1475 348 1540 serens,
364 1449 430 1526 hoc
446 1459 502 1527 est
517 1451 548 1526 si
565 1451 647 1550 quis
663 1451 742 1528 sine
759 1451 911 1529 crimine
928 1463 993 1545 est,
1017 1455 1126 1530 unius
1151 1454 1272 1530 uxoris
1296 1455 1364 1546 vir,
1380 1480 1438 1556 po·

212 1573 288 1642 stoa
304 1563 442 1640 intulis.
459 1567 605 1663 Oportet
617 1566 713 1641 enim
732 1566 809 1642 sine
827 1566 979 1644 crimine
996 1591 1083 1658 esse,
1105 1577 1288 1668 umquam
1304 1569 1369 1646 Dei
1386 1570 1439 1646 di·

212 1687 467 1777 spensatorem.
484 1677 580 1753 Idem
599 1701 687 1774 ergo
699 1687 754 1754 est
766 1679 955 1780 presbyter
971 1683 1062 1780 qnod
1075 1682 1269 1781 episcopus.
1282 1684 1329 1758 Et
1341 1693 1437 1760 ante·

211 1816 318 1891 quam
336 1786 466 1866 diaboli
480 1790 655 1868 instinctu
669 1792 811 1891 diversa
824 1795 941 1870 studia
956 1795 995 1869 in
1010 1795 1183 1892 religione
1195 1796 1332 1886 fierent,
1344 1821 1438 1872 com·

212 1905 313 1980 muni
330 1905 619 2004 presbyterorum
643 1906 791 1983 consilio
813 1907 984 1985 aecclesiae
1008 1907 1315 2005 gubernabantur.
1340 1912 1438 1986 Post·

211 2045 319 2121 quarn
337 2044 422 2096 vcro
438 2021 686 2120 unusquisque
706 2044 794 2120 quos
817 2022 1063 2122 baptizaverat
1088 2047 1170 2100 suos
1195 2024 1343 2122 putabat
1359 2049 1438 2101 esse

211 2158 282 2210 non
297 2133 443 2224 Christi,
459 2133 497 2208 in
514 2143 588 2210 toto
604 2134 685 2210 orbe
702 2136 885 2210 decretum
903 2146 968 2225 est,
989 2143 1030 2210 ut
1046 2161 1142 2211 unus
1159 2135 1201 2211 de
1218 2135 1438 2235 presbyteris

210 2247 348 2324 electus
365 2259 665 2346 superponeretur
682 2247 832 2338 caeteris,
848 2247 893 2322 ad
911 2272 1016 2346 quem
1034 2248 1150 2323 oannis
1171 2271 1258 2323 cura
1277 2247 1438 2325 ecclesia

211 2361 417 2460 pertineret,
434 2371 470 2437 et
487 2370 670 2461 scysmata
686 2361 908 2437 tollerentur.
929 2363 1014 2438 Haec
1039 2369 1224 2460 propterea
1249 2361 1372 2461 inquio
1396 2372 1438 2438 ut

211 2475 413 2552 ostenderet
428 2475 523 2575 apud
540 2488 680 2554 veteres
697 2476 837 2552 eosdem
855 2474 967 2550 fuisse
985 2473 1210 2574 presbyteros
1233 2499 1341 2573 quam
1366 2476 1438 2574 epi-

212 2613 344 2688 scopos.
362 2589 465 2665 Sicut
482 2613 569 2686 ergo
585 2589 786 2690 presbyteri
805 2587 926 2664 sciunt
939 2612 976 2664 se
994 2585 1438 2664 aecclesiaeconsuetudine

212 2703 265 2780 eis
283 2703 344 2802 qui
362 2703 430 2778 sibi
448 2703 626 2803 prepositi
646 2713 732 2778 sunt
749 2727 826 2779 esse
839 2701 1027 2793 subiectos,
1040 2701 1090 2776 ita
1104 2701 1259 2802 episcopi
1271 2703 1438 2778 noverint

214 2841 252 2894 se
270 2817 388 2914 magis
405 2816 661 2894 consuetudine
678 2841 786 2917 quam
799 2815 1075 2915 dispensationis
1087 2813 1272 2892 dominioae
1285 2815 1438 2892 veritate

212 2930 411 3032 presbyteri
429 2955 507 3008 esse
524 2931 684 3008 maiores.

695 3085 852 3171 CXVIII.
875 3082 954 3185 (aa)

541 3247 633 3301 Idem
651 3245 697 3302 ad
714 3245 877 3302 Romnum
893 3247 1097 3301 monachum.

308 3388 350 3460 In
366 3382 494 3484 apibus
506 3383 671 3484 princeps
684 3408 781 3460 unus
793 3394 856 3459 est.
873 3385 991 3460 Grues
1004 3407 1114 3458 unam
1129 3391 1303 3460 secuntur
1315 3385 1438 3463 ordine

215 3498 383 3593 litterato.
399 3500 595 3597 Imperator
608 3521 713 3572 unus.
726 3497 840 3573 Iudex
853 3521 948 3571 unus
960 3495 1163 3594 provinciae.
1176 3497 1288 3572 Roma
1300 3506 1341 3573 ut
1353 3521 1435 3575 con·

213 3612 290 3688 dita
306 3611 463 3689 estduos
479 3611 610 3688 fratres
627 3611 736 3687 simul
755 3634 859 3709 reges
876 3609 1006 3686 habere
1019 3633 1088 3686 non
1103 3610 1230 3710 potuit,
1242 3619 1278 3686 et
1289 3611 1438 3710 parrici-

213 3725 272 3802 dio
287 3725 481 3802 dedicatur.
498 3727 540 3799 In
558 3725 727 3803 Rebeccae
743 3736 844 3802 utero
856 3727 953 3800 Esau
966 3732 1002 3801 et
1014 3724 1118 3800 Iacob
1130 3719 1225 3800 bella
1237 3735 1439 3822 gesserunt.

216 3839 361 3938 Singuli
375 3839 607 3917 ecclesiarum
626 3839 793 3940 episcopi,
810 3835 948 3934 singuli
965 3835 1281 3937 archipresbyteri,
1298 3837 1438 3935 singuli

214 3951 469 4044 archidiaconi,
485 3963 521 4028 et
537 3953 654 4028 omnis
670 3953 753 4028 ordo
770 3951 1034 4029 ecclesiasticus
1054 3951 1131 4026 suis
1149 3951 1345 4028 rectoribus
1357 3951 1440 4027 niti·

217 4082 288 4145 tur.
305 4071 346 4144 In
363 4069 449 4143 navi
466 4095 563 4144 unus
580 4075 635 4144 est
651 4067 880 4166 gubernator,
897 4068 936 4142 in
953 4067 1055 4142 domo
1081 4091 1177 4141 unus
1192 4075 1248 4142 est
1264 4067 1439 4143 dominus.

215 4185 260 4257 In
276 4181 403 4280 quovis
419 4181 549 4279 grandi
567 4181 727 4258 exercitu
745 4181 855 4257 unius
867 4181 1016 4280 signum
1034 4189 1255 4281 expectatur.
1275 4181 1373 4256 Idem
1398 4182 1438 4256 in

216 4295 363 4394 epistola
389 4295 433 4370 ad
458 4353 635 4371 ......
663 4295 838 4371 Maiarum
864 4295 1074 4371 traditiones
1095 4303 1131 4371 et
1152 4295 1440 4387 consuetudines,

218 4433 297 4508 quae
315 4417 435 4484 tamen
462 4431 532 4484 non
553 4420 640 4485 sunt
663 4419 785 4485 rantra
809 4407 925 4500 fidem,
950 4407 1051 4508 leges
1075 4405 1286 4508 apostolicas
1311 4407 1441 4508 religio

217 4523 414 4607 christiana
431 4525 637 4606 arbitratur.
