<?xml version="1.0" encoding="UTF-8"?>
<!DOCTYPE html PUBLIC "-//W3C//DTD XHTML 1.0 Transitional//EN"
    "http://www.w3.org/TR/xhtml1/DTD/xhtml1-transitional.dtd">
<html xmlns="http://www.w3.org/1999/xhtml" xml:lang="en" lang="en">
 <head>
  <title>
</title>
<meta http-equiv="Content-Type" content="text/html;charset=utf-8" />
  <meta name='ocr-system' content='tesseract 3.04.00' />
  <meta name='ocr-capabilities' content='ocr_page ocr_carea ocr_par ocr_line ocrx_word'/>
</head>
<body>
  <div class='ocr_page' id='page_1' title='image "./deusdeditpresby00martgoog_0144.png"; bbox 0 0 3582 5288; ppageno 0'>
   <div class='ocr_carea' id='block_1_1' title="bbox 700 363 896 426">
    <p class='ocr_par' dir='ltr' id='par_1_1' title="bbox 700 363 896 426">
     <span class='ocr_line' id='line_1_1' title="bbox 700 363 896 426; baseline 0 0"><span class='ocrx_word' id='word_1_1' title='bbox 700 363 896 426; x_wconf 77' lang='lat'>-119-</span> 
     </span>
    </p>
   </div>
   <div class='ocr_carea' id='block_1_2' title="bbox 184 481 1412 1725">
    <p class='ocr_par' dir='ltr' id='par_1_2' title="bbox 184 481 1412 1725">
     <span class='ocr_line' id='line_1_2' title="bbox 188 481 1411 582; baseline 0.003 -22"><span class='ocrx_word' id='word_1_2' title='bbox 188 485 299 560; x_wconf 87' lang='lat' dir='ltr'>tionis</span> <span class='ocrx_word' id='word_1_3' title='bbox 316 484 570 574; x_wconf 86' lang='lat' dir='ltr'>ministerium,</span> <span class='ocrx_word' id='word_1_4' title='bbox 582 484 675 582; x_wconf 92' lang='lat' dir='ltr'>quod</span> <span class='ocrx_word' id='word_1_5' title='bbox 690 481 852 559; x_wconf 89' lang='lat' dir='ltr'>omnium</span> <span class='ocrx_word' id='word_1_6' title='bbox 869 483 971 582; x_wconf 88' lang='lat' dir='ltr'>sequi</span> <span class='ocrx_word' id='word_1_7' title='bbox 987 493 1123 582; x_wconf 90' lang='lat' dir='ltr'>oportet</span> <span class='ocrx_word' id='word_1_8' title='bbox 1139 485 1336 563; x_wconf 85' lang='lat' dir='ltr'>caritatem.</span> <span class='ocrx_word' id='word_1_9' title='bbox 1354 489 1411 564; x_wconf 85' lang='lat' dir='ltr'>Sit</span> 
     </span>
     <span class='ocr_line' id='line_1_3' title="bbox 187 595 1412 698; baseline -0.002 -22"><span class='ocrx_word' id='word_1_10' title='bbox 187 623 275 697; x_wconf 87' lang='lat' dir='ltr'>crgo</span> <span class='ocrx_word' id='word_1_11' title='bbox 291 599 406 675; x_wconf 78' lang='lat' dir='ltr'>ruinae</span> <span class='ocrx_word' id='word_1_12' title='bbox 418 622 492 673; x_wconf 81' lang='lat' dir='ltr'>suae</span> <span class='ocrx_word' id='word_1_13' title='bbox 509 599 626 675; x_wconf 90' lang='lat' dir='ltr'>dolore</span> <span class='ocrx_word' id='word_1_14' title='bbox 643 607 853 698; x_wconf 87' lang='lat' dir='ltr'>prostratus,</span> <span class='ocrx_word' id='word_1_15' title='bbox 865 595 1029 695; x_wconf 90' lang='lat' dir='ltr'>quisquis</span> <span class='ocrx_word' id='word_1_16' title='bbox 1041 596 1243 695; x_wconf 86' lang='lat' dir='ltr'>apostolicis</span> <span class='ocrx_word' id='word_1_17' title='bbox 1254 599 1412 676; x_wconf 89' lang='lat' dir='ltr'>volucrit</span> 
     </span>
     <span class='ocr_line' id='line_1_4' title="bbox 186 709 1410 809; baseline -0.003 -17"><span class='ocrx_word' id='word_1_18' title='bbox 186 713 365 792; x_wconf 84' lang='lat' dir='ltr'>contraire</span> <span class='ocrx_word' id='word_1_19' title='bbox 382 713 546 806; x_wconf 73' lang='lat' dir='ltr'><strong>decretis,</strong></span> <span class='ocrx_word' id='word_1_20' title='bbox 558 738 626 790; x_wconf 90' lang='lat' dir='ltr'>nec</span> <span class='ocrx_word' id='word_1_21' title='bbox 638 713 756 789; x_wconf 91' lang='lat' dir='ltr'>locum</span> <span class='ocrx_word' id='word_1_22' title='bbox 769 710 938 809; x_wconf 81' lang='lat' dir='ltr'>deinceps</span> <span class='ocrx_word' id='word_1_23' title='bbox 950 709 1045 786; x_wconf 90' lang='lat' dir='ltr'>inter</span> <span class='ocrx_word' id='word_1_24' title='bbox 1058 711 1258 788; x_wconf 71' lang='lat' dir='ltr'>sacerdotes</span> <span class='ocrx_word' id='word_1_25' title='bbox 1269 713 1410 803; x_wconf 85' lang='lat' dir='ltr'>habeat,</span> 
     </span>
     <span class='ocr_line' id='line_1_5' title="bbox 186 824 1411 925; baseline -0.002 -20"><span class='ocrx_word' id='word_1_26' title='bbox 186 829 247 905; x_wconf 87' lang='lat' dir='ltr'>sed</span> <span class='ocrx_word' id='word_1_27' title='bbox 272 827 424 904; x_wconf 86' lang='lat' dir='ltr'>extorris</span> <span class='ocrx_word' id='word_1_28' title='bbox 439 854 461 902; x_wconf 90' lang='lat' dir='ltr'>a</span> <span class='ocrx_word' id='word_1_29' title='bbox 478 836 602 904; x_wconf 88' lang='lat' dir='ltr'>sancto</span> <span class='ocrx_word' id='word_1_30' title='bbox 619 825 819 902; x_wconf 89' lang='lat' dir='ltr'>ministerio</span> <span class='ocrx_word' id='word_1_31' title='bbox 835 825 910 914; x_wconf 88' lang='lat' dir='ltr'>fiat,</span> <span class='ocrx_word' id='word_1_32' title='bbox 925 848 992 900; x_wconf 92' lang='lat' dir='ltr'>nec</span> <span class='ocrx_word' id='word_1_33' title='bbox 1009 824 1051 900; x_wconf 88' lang='lat' dir='ltr'>de</span> <span class='ocrx_word' id='word_1_34' title='bbox 1069 824 1147 899; x_wconf 91' lang='lat' dir='ltr'>eius</span> <span class='ocrx_word' id='word_1_35' title='bbox 1163 824 1298 902; x_wconf 90' lang='lat' dir='ltr'>iudicio</span> <span class='ocrx_word' id='word_1_36' title='bbox 1315 827 1411 925; x_wconf 89' lang='lat' dir='ltr'>quis·</span> 
     </span>
     <span class='ocr_line' id='line_1_6' title="bbox 187 937 1410 1043; baseline -0.002 -25"><span class='ocrx_word' id='word_1_37' title='bbox 187 969 295 1043; x_wconf 91' lang='lat' dir='ltr'>quarn</span> <span class='ocrx_word' id='word_1_38' title='bbox 312 951 433 1041; x_wconf 88' lang='lat' dir='ltr'>postea</span> <span class='ocrx_word' id='word_1_39' title='bbox 450 968 575 1019; x_wconf 91' lang='lat' dir='ltr'>curam</span> <span class='ocrx_word' id='word_1_40' title='bbox 592 942 733 1031; x_wconf 81' lang='lat' dir='ltr'>habeat,</span> <span class='ocrx_word' id='word_1_41' title='bbox 750 937 918 1040; x_wconf 87' lang='lat' dir='ltr'>quoniam</span> <span class='ocrx_word' id='word_1_42' title='bbox 941 939 1012 1012; x_wconf 86' lang='lat' dir='ltr'>iam</span> <span class='ocrx_word' id='word_1_43' title='bbox 1031 939 1222 1013; x_wconf 88' lang='lat' dir='ltr'>damnatus</span> <span class='ocrx_word' id='word_1_44' title='bbox 1238 965 1260 1013; x_wconf 91' lang='lat' dir='ltr'>a</span> <span class='ocrx_word' id='word_1_45' title='bbox 1276 951 1410 1016; x_wconf 77' lang='lat' dir='ltr'>sancta</span> 
     </span>
     <span class='ocr_line' id='line_1_7' title="bbox 185 1051 1409 1156; baseline 0.001 -26"><span class='ocrx_word' id='word_1_46' title='bbox 185 1056 386 1156; x_wconf 74' lang='lat' dir='ltr'>apostolica</span> <span class='ocrx_word' id='word_1_47' title='bbox 403 1056 563 1132; x_wconf 76' lang='lat' dir='ltr'>ecclesiae</span> <span class='ocrx_word' id='word_1_48' title='bbox 579 1054 793 1132; x_wconf 88' lang='lat' dir='ltr'>auctoritate</span> <span class='ocrx_word' id='word_1_49' title='bbox 809 1061 847 1127; x_wconf 89' lang='lat' dir='ltr'>et</span> <span class='ocrx_word' id='word_1_50' title='bbox 875 1052 1014 1152; x_wconf 85' lang='lat' dir='ltr'>propria</span> <span class='ocrx_word' id='word_1_51' title='bbox 1044 1051 1284 1128; x_wconf 81' lang='lat' dir='ltr'>inobedientia</span> <span class='ocrx_word' id='word_1_52' title='bbox 1300 1065 1409 1153; x_wconf 86' lang='lat' dir='ltr'>atque</span> 
     </span>
     <span class='ocr_line' id='line_1_8' title="bbox 185 1163 1410 1273; baseline -0.003 -27"><span class='ocrx_word' id='word_1_53' title='bbox 185 1171 463 1273; x_wconf 72' lang='lat' dir='ltr'>presumptione</span> <span class='ocrx_word' id='word_1_54' title='bbox 488 1195 509 1244; x_wconf 90' lang='lat' dir='ltr'>a</span> <span class='ocrx_word' id='word_1_55' title='bbox 534 1194 711 1270; x_wconf 89' lang='lat' dir='ltr'>qucquam</span> <span class='ocrx_word' id='word_1_56' title='bbox 738 1191 816 1244; x_wconf 88' lang='lat' dir='ltr'>esse</span> <span class='ocrx_word' id='word_1_57' title='bbox 840 1189 911 1240; x_wconf 91' lang='lat' dir='ltr'>non</span> <span class='ocrx_word' id='word_1_58' title='bbox 935 1163 1129 1240; x_wconf 89' lang='lat' dir='ltr'>dubitatur.</span> <span class='ocrx_word' id='word_1_59' title='bbox 1146 1166 1240 1253; x_wconf 86' lang='lat' dir='ltr'>Quia</span> <span class='ocrx_word' id='word_1_60' title='bbox 1265 1167 1410 1242; x_wconf 90' lang='lat' dir='ltr'>maioris</span> 
     </span>
     <span class='ocr_line' id='line_1_9' title="bbox 186 1278 1410 1382; baseline -0.004 -20"><span class='ocrx_word' id='word_1_61' title='bbox 186 1284 565 1362; x_wconf 87' lang='lat' dir='ltr'>excommunicationis</span> <span class='ocrx_word' id='word_1_62' title='bbox 578 1283 775 1360; x_wconf 88' lang='lat' dir='ltr'>deiectione</span> <span class='ocrx_word' id='word_1_63' title='bbox 787 1290 842 1357; x_wconf 88' lang='lat' dir='ltr'>est</span> <span class='ocrx_word' id='word_1_64' title='bbox 854 1279 1064 1376; x_wconf 84' lang='lat' dir='ltr'>exigendus,</span> <span class='ocrx_word' id='word_1_65' title='bbox 1072 1278 1133 1378; x_wconf 92' lang='lat' dir='ltr'>qui</span> <span class='ocrx_word' id='word_1_66' title='bbox 1142 1304 1213 1355; x_wconf 91' lang='lat' dir='ltr'>non</span> <span class='ocrx_word' id='word_1_67' title='bbox 1226 1290 1313 1355; x_wconf 87' lang='lat' dir='ltr'>sunt</span> <span class='ocrx_word' id='word_1_68' title='bbox 1324 1307 1410 1382; x_wconf 78' lang='lat' dir='ltr'>prae·</span> 
     </span>
     <span class='ocr_line' id='line_1_10' title="bbox 185 1392 1408 1494; baseline 0 -22"><span class='ocrx_word' id='word_1_69' title='bbox 185 1398 269 1474; x_wconf 79' lang='lat' dir='ltr'>latae</span> <span class='ocrx_word' id='word_1_70' title='bbox 278 1402 421 1476; x_wconf 78' lang='lat' dir='ltr'>Sancte</span> <span class='ocrx_word' id='word_1_71' title='bbox 435 1398 606 1474; x_wconf 75' lang='lat' dir='ltr'>Ecclesia</span> <span class='ocrx_word' id='word_1_72' title='bbox 619 1395 839 1472; x_wconf 88' lang='lat' dir='ltr'>iussionibus</span> <span class='ocrx_word' id='word_1_73' title='bbox 850 1418 974 1494; x_wconf 90' lang='lat' dir='ltr'>parere</span> <span class='ocrx_word' id='word_1_74' title='bbox 986 1392 1119 1482; x_wconf 82' lang='lat' dir='ltr'>debuit,</span> <span class='ocrx_word' id='word_1_75' title='bbox 1131 1394 1191 1468; x_wconf 88' lang='lat' dir='ltr'>sed</span> <span class='ocrx_word' id='word_1_76' title='bbox 1204 1394 1311 1470; x_wconf 87' lang='lat' dir='ltr'>etiam</span> <span class='ocrx_word' id='word_1_77' title='bbox 1325 1395 1408 1472; x_wconf 89' lang='lat' dir='ltr'>aliis</span> 
     </span>
     <span class='ocr_line' id='line_1_11' title="bbox 185 1505 1408 1612; baseline -0.002 -26"><span class='ocrx_word' id='word_1_78' title='bbox 185 1522 227 1587; x_wconf 92' lang='lat' dir='ltr'>ut</span> <span class='ocrx_word' id='word_1_79' title='bbox 242 1513 359 1612; x_wconf 87' lang='lat' dir='ltr'>perire</span> <span class='ocrx_word' id='word_1_80' title='bbox 377 1512 563 1611; x_wconf 86' lang='lat' dir='ltr'>persuasit.</span> <span class='ocrx_word' id='word_1_81' title='bbox 580 1512 637 1586; x_wconf 85' lang='lat' dir='ltr'>Sit</span> <span class='ocrx_word' id='word_1_82' title='bbox 652 1534 740 1607; x_wconf 90' lang='lat' dir='ltr'>ergo</span> <span class='ocrx_word' id='word_1_83' title='bbox 763 1509 923 1584; x_wconf 91' lang='lat' dir='ltr'>alienum</span> <span class='ocrx_word' id='word_1_84' title='bbox 939 1533 961 1582; x_wconf 91' lang='lat' dir='ltr'>a</span> <span class='ocrx_word' id='word_1_85' title='bbox 986 1505 1121 1581; x_wconf 88' lang='lat' dir='ltr'>divinis</span> <span class='ocrx_word' id='word_1_86' title='bbox 1138 1516 1174 1583; x_wconf 90' lang='lat' dir='ltr'>et</span> <span class='ocrx_word' id='word_1_87' title='bbox 1199 1507 1408 1606; x_wconf 89' lang='lat' dir='ltr'>pontificali-</span> 
     </span>
     <span class='ocr_line' id='line_1_12' title="bbox 184 1621 1208 1725; baseline -0.006 -23"><span class='ocrx_word' id='word_1_88' title='bbox 184 1627 251 1702; x_wconf 87' lang='lat' dir='ltr'>bus</span> <span class='ocrx_word' id='word_1_89' title='bbox 268 1627 399 1704; x_wconf 85' lang='lat' dir='ltr'>officiis</span> <span class='ocrx_word' id='word_1_90' title='bbox 416 1627 477 1725; x_wconf 91' lang='lat' dir='ltr'>qui</span> <span class='ocrx_word' id='word_1_91' title='bbox 494 1627 611 1702; x_wconf 90' lang='lat' dir='ltr'>noluit</span> <span class='ocrx_word' id='word_1_92' title='bbox 627 1623 813 1725; x_wconf 76' lang='lat' dir='ltr'>preceptis</span> <span class='ocrx_word' id='word_1_93' title='bbox 829 1621 969 1699; x_wconf 89' lang='lat' dir='ltr'>obedire</span> <span class='ocrx_word' id='word_1_94' title='bbox 988 1621 1208 1724; x_wconf 83' lang='lat' dir='ltr'>Apostolicis.</span> 
     </span>
    </p>
   </div>
   <div class='ocr_carea' id='block_1_3' title="bbox 711 1852 874 1938">
    <p class='ocr_par' dir='ltr' id='par_1_3' title="bbox 711 1852 874 1938">
     <span class='ocr_line' id='line_1_13' title="bbox 711 1852 874 1938; baseline -0.006 0"><span class='ocrx_word' id='word_1_95' title='bbox 711 1852 874 1938; x_wconf 74' lang='lat' dir='ltr'><strong>CLXXV.</strong></span> 
     </span>
    </p>
   </div>
   <div class='ocr_carea' id='block_1_4' title="bbox 184 2078 1408 3090">
    <p class='ocr_par' dir='ltr' id='par_1_4' title="bbox 184 2078 1408 3090">
     <span class='ocr_line' id='line_1_14' title="bbox 255 2078 1406 2178; baseline -0.003 -21"><span class='ocrx_word' id='word_1_96' title='bbox 255 2082 457 2178; x_wconf 81' lang='lat' dir='ltr'>Gregorius</span> <span class='ocrx_word' id='word_1_97' title='bbox 473 2083 511 2155; x_wconf 94' lang='lat' dir='ltr'>in</span> <span class='ocrx_word' id='word_1_98' title='bbox 532 2080 671 2157; x_wconf 90' lang='lat' dir='ltr'>omeliis</span> <span class='ocrx_word' id='word_1_99' title='bbox 688 2078 854 2156; x_wconf 83' lang='lat' dir='ltr'>Ezechiel</span> <span class='ocrx_word' id='word_1_100' title='bbox 871 2079 1064 2177; x_wconf 75' lang='lat' dir='ltr'>Propheta.</span> <span class='ocrx_word' id='word_1_101' title='bbox 1081 2079 1247 2154; x_wconf 87' lang='lat' dir='ltr'>Thronus</span> <span class='ocrx_word' id='word_1_102' title='bbox 1263 2079 1406 2154; x_wconf 90' lang='lat' dir='ltr'>Domini</span> 
     </span>
     <span class='ocr_line' id='line_1_15' title="bbox 185 2191 1408 2292; baseline 0 -24"><span class='ocrx_word' id='word_1_103' title='bbox 185 2194 331 2268; x_wconf 84' lang='lat' dir='ltr'>flamma</span> <span class='ocrx_word' id='word_1_104' title='bbox 348 2194 458 2290; x_wconf 87' lang='lat' dir='ltr'>ignis,</span> <span class='ocrx_word' id='word_1_105' title='bbox 475 2203 559 2268; x_wconf 84' lang='lat' dir='ltr'>rctae</span> <span class='ocrx_word' id='word_1_106' title='bbox 583 2192 682 2291; x_wconf 91' lang='lat' dir='ltr'>ignis</span> <span class='ocrx_word' id='word_1_107' title='bbox 706 2217 889 2270; x_wconf 87' lang='lat' dir='ltr'>accensus.</span> <span class='ocrx_word' id='word_1_108' title='bbox 908 2191 955 2266; x_wconf 93' lang='lat' dir='ltr'>Hi</span> <span class='ocrx_word' id='word_1_109' title='bbox 981 2193 1044 2292; x_wconf 93' lang='lat' dir='ltr'>qui</span> <span class='ocrx_word' id='word_1_110' title='bbox 1061 2193 1266 2267; x_wconf 89' lang='lat' dir='ltr'>animarum</span> <span class='ocrx_word' id='word_1_111' title='bbox 1291 2202 1408 2268; x_wconf 86' lang='lat' dir='ltr'>custo·</span> 
     </span>
     <span class='ocr_line' id='line_1_16' title="bbox 186 2306 1408 2406; baseline 0.001 -24"><span class='ocrx_word' id='word_1_112' title='bbox 186 2308 279 2382; x_wconf 88' lang='lat' dir='ltr'>diam</span> <span class='ocrx_word' id='word_1_113' title='bbox 299 2308 342 2384; x_wconf 91' lang='lat' dir='ltr'>de</span> <span class='ocrx_word' id='word_1_114' title='bbox 359 2308 483 2383; x_wconf 86' lang='lat' dir='ltr'>suiset</span> <span class='ocrx_word' id='word_1_115' title='bbox 497 2307 665 2406; x_wconf 86' lang='lat' dir='ltr'>pascendi</span> <span class='ocrx_word' id='word_1_116' title='bbox 682 2307 809 2404; x_wconf 90' lang='lat' dir='ltr'>gregis</span> <span class='ocrx_word' id='word_1_117' title='bbox 825 2331 933 2383; x_wconf 90' lang='lat' dir='ltr'>onera</span> <span class='ocrx_word' id='word_1_118' title='bbox 948 2307 1158 2404; x_wconf 88' lang='lat' dir='ltr'>susceperit,</span> <span class='ocrx_word' id='word_1_119' title='bbox 1176 2315 1317 2382; x_wconf 87' lang='lat' dir='ltr'>mutare</span> <span class='ocrx_word' id='word_1_120' title='bbox 1330 2306 1408 2383; x_wconf 88' lang='lat' dir='ltr'>loca</span> 
     </span>
     <span class='ocr_line' id='line_1_17' title="bbox 184 2420 1407 2522; baseline 0 -27"><span class='ocrx_word' id='word_1_121' title='bbox 184 2421 333 2497; x_wconf 90' lang='lat' dir='ltr'>minime</span> <span class='ocrx_word' id='word_1_122' title='bbox 357 2421 625 2522; x_wconf 85' lang='lat' dir='ltr'>permittuntur.</span> <span class='ocrx_word' id='word_1_123' title='bbox 642 2421 712 2496; x_wconf 89' lang='lat' dir='ltr'>Sed</span> <span class='ocrx_word' id='word_1_124' title='bbox 736 2423 820 2519; x_wconf 90' lang='lat' dir='ltr'>qnia</span> <span class='ocrx_word' id='word_1_125' title='bbox 837 2444 909 2496; x_wconf 93' lang='lat' dir='ltr'>uno</span> <span class='ocrx_word' id='word_1_126' title='bbox 925 2420 963 2494; x_wconf 92' lang='lat' dir='ltr'>in</span> <span class='ocrx_word' id='word_1_127' title='bbox 981 2420 1056 2497; x_wconf 93' lang='lat' dir='ltr'>loco</span> <span class='ocrx_word' id='word_1_128' title='bbox 1071 2420 1188 2520; x_wconf 88' lang='lat' dir='ltr'>positi,</span> <span class='ocrx_word' id='word_1_129' title='bbox 1202 2420 1407 2497; x_wconf 82' lang='lat' dir='ltr'>divinitatis</span> 
     </span>
     <span class='ocr_line' id='line_1_18' title="bbox 184 2533 1407 2635; baseline 0.003 -28"><span class='ocrx_word' id='word_1_130' title='bbox 184 2535 221 2608; x_wconf 94' lang='lat' dir='ltr'>in</span> <span class='ocrx_word' id='word_1_131' title='bbox 239 2559 278 2611; x_wconf 89' lang='lat' dir='ltr'>se</span> <span class='ocrx_word' id='word_1_132' title='bbox 295 2534 521 2635; x_wconf 72' lang='lat' dir='ltr'>praesentiam</span> <span class='ocrx_word' id='word_1_133' title='bbox 536 2542 679 2633; x_wconf 84' lang='lat' dir='ltr'>portant</span> <span class='ocrx_word' id='word_1_134' title='bbox 694 2543 731 2609; x_wconf 88' lang='lat' dir='ltr'>et</span> <span class='ocrx_word' id='word_1_135' title='bbox 747 2535 884 2625; x_wconf 80' lang='lat' dir='ltr'>ardent,</span> <span class='ocrx_word' id='word_1_136' title='bbox 895 2534 1047 2610; x_wconf 88' lang='lat' dir='ltr'>thronus</span> <span class='ocrx_word' id='word_1_137' title='bbox 1063 2534 1129 2610; x_wconf 91' lang='lat' dir='ltr'>Dei</span> <span class='ocrx_word' id='word_1_138' title='bbox 1146 2533 1291 2610; x_wconf 87' lang='lat' dir='ltr'>flamma</span> <span class='ocrx_word' id='word_1_139' title='bbox 1307 2535 1407 2633; x_wconf 89' lang='lat' dir='ltr'>ignis</span> 
     </span>
     <span class='ocr_line' id='line_1_19' title="bbox 187 2647 1406 2749; baseline 0.002 -26"><span class='ocrx_word' id='word_1_140' title='bbox 187 2648 330 2724; x_wconf 89' lang='lat' dir='ltr'>dicitur.</span> <span class='ocrx_word' id='word_1_141' title='bbox 343 2647 541 2744; x_wconf 83' lang='lat' dir='ltr'>Gregorius</span> <span class='ocrx_word' id='word_1_142' title='bbox 549 2647 634 2724; x_wconf 85' lang='lat' dir='ltr'>licet</span> <span class='ocrx_word' id='word_1_143' title='bbox 644 2648 857 2724; x_wconf 88' lang='lat' dir='ltr'>monasteria</span> <span class='ocrx_word' id='word_1_144' title='bbox 866 2659 902 2726; x_wconf 91' lang='lat' dir='ltr'>et</span> <span class='ocrx_word' id='word_1_145' title='bbox 910 2647 1145 2749; x_wconf 88' lang='lat' dir='ltr'>Episcopatus</span> <span class='ocrx_word' id='word_1_146' title='bbox 1154 2648 1290 2724; x_wconf 89' lang='lat' dir='ltr'>unierit</span> <span class='ocrx_word' id='word_1_147' title='bbox 1298 2657 1406 2748; x_wconf 83' lang='lat' dir='ltr'>atque</span> 
     </span>
     <span class='ocr_line' id='line_1_20' title="bbox 184 2761 1407 2863; baseline 0.002 -27"><span class='ocrx_word' id='word_1_148' title='bbox 184 2771 357 2838; x_wconf 85' lang='lat' dir='ltr'>vacantes</span> <span class='ocrx_word' id='word_1_149' title='bbox 369 2761 549 2863; x_wconf 87' lang='lat' dir='ltr'>episcopos</span> <span class='ocrx_word' id='word_1_150' title='bbox 560 2763 774 2839; x_wconf 79' lang='lat' dir='ltr'>vacantibus</span> <span class='ocrx_word' id='word_1_151' title='bbox 785 2763 996 2839; x_wconf 83' lang='lat' dir='ltr'>civitatibus</span> <span class='ocrx_word' id='word_1_152' title='bbox 1012 2762 1303 2854; x_wconf 71' lang='lat' dir='ltr'>incardinatam,</span> <span class='ocrx_word' id='word_1_153' title='bbox 1315 2789 1407 2838; x_wconf 91' lang='lat' dir='ltr'>nun·</span> 
     </span>
     <span class='ocr_line' id='line_1_21' title="bbox 186 2875 1405 2980; baseline 0.001 -29"><span class='ocrx_word' id='word_1_154' title='bbox 186 2900 292 2974; x_wconf 90' lang='lat' dir='ltr'>quam</span> <span class='ocrx_word' id='word_1_155' title='bbox 303 2875 591 2975; x_wconf 87' lang='lat' dir='ltr'>tamenaliquem</span> <span class='ocrx_word' id='word_1_156' title='bbox 602 2877 817 2978; x_wconf 84' lang='lat' dir='ltr'>Episcopum</span> <span class='ocrx_word' id='word_1_157' title='bbox 833 2903 929 2951; x_wconf 88' lang='lat' dir='ltr'>asna</span> <span class='ocrx_word' id='word_1_158' title='bbox 937 2877 1089 2954; x_wconf 89' lang='lat' dir='ltr'>ecclesia</span> <span class='ocrx_word' id='word_1_159' title='bbox 1097 2877 1156 2954; x_wconf 87' lang='lat' dir='ltr'>vel</span> <span class='ocrx_word' id='word_1_160' title='bbox 1165 2878 1240 2980; x_wconf 90' lang='lat' dir='ltr'>ipse</span> <span class='ocrx_word' id='word_1_161' title='bbox 1249 2877 1288 2953; x_wconf 95' lang='lat' dir='ltr'>in</span> <span class='ocrx_word' id='word_1_162' title='bbox 1296 2877 1405 2953; x_wconf 91' lang='lat' dir='ltr'>aliam</span> 
     </span>
     <span class='ocr_line' id='line_1_22' title="bbox 184 2989 1406 3090; baseline 0.002 -24"><span class='ocrx_word' id='word_1_163' title='bbox 184 2989 431 3082; x_wconf 85' lang='lat' dir='ltr'>commutavit,</span> <span class='ocrx_word' id='word_1_164' title='bbox 443 2989 504 3066; x_wconf 81' lang='lat' dir='ltr'>vel</span> <span class='ocrx_word' id='word_1_165' title='bbox 522 2990 590 3066; x_wconf 86' lang='lat' dir='ltr'>sub</span> <span class='ocrx_word' id='word_1_166' title='bbox 601 3014 828 3090; x_wconf 90' lang='lat' dir='ltr'>quacumque</span> <span class='ocrx_word' id='word_1_167' title='bbox 844 2991 1029 3068; x_wconf 89' lang='lat' dir='ltr'>occasione</span> <span class='ocrx_word' id='word_1_168' title='bbox 1041 2991 1200 3090; x_wconf 89' lang='lat' dir='ltr'>migrare</span> <span class='ocrx_word' id='word_1_169' title='bbox 1216 2992 1406 3068; x_wconf 88' lang='lat' dir='ltr'>consensit.</span> 
     </span>
    </p>
   </div>
   <div class='ocr_carea' id='block_1_5' title="bbox 705 3214 886 3301">
    <p class='ocr_par' dir='ltr' id='par_1_5' title="bbox 705 3214 886 3301">
     <span class='ocr_line' id='line_1_23' title="bbox 705 3214 886 3301; baseline 0 -1"><span class='ocrx_word' id='word_1_170' title='bbox 705 3214 886 3301; x_wconf 80' lang='lat' dir='ltr'>(lhllell.</span> 
     </span>
    </p>
   </div>
   <div class='ocr_carea' id='block_1_6' title="bbox 181 3442 1406 4576">
    <p class='ocr_par' dir='ltr' id='par_1_6' title="bbox 181 3442 1406 4576">
     <span class='ocr_line' id='line_1_24' title="bbox 282 3442 1405 3544; baseline -0.002 -22"><span class='ocrx_word' id='word_1_171' title='bbox 282 3447 481 3544; x_wconf 82' lang='lat' dir='ltr'>Gregorius</span> <span class='ocrx_word' id='word_1_172' title='bbox 497 3447 536 3520; x_wconf 92' lang='lat' dir='ltr'>in</span> <span class='ocrx_word' id='word_1_173' title='bbox 555 3448 588 3516; x_wconf 91' lang='lat' dir='ltr'>V</span> <span class='ocrx_word' id='word_1_174' title='bbox 606 3445 696 3521; x_wconf 93' lang='lat' dir='ltr'>libro</span> <span class='ocrx_word' id='word_1_175' title='bbox 711 3442 911 3519; x_wconf 90' lang='lat' dir='ltr'>moralium.</span> <span class='ocrx_word' id='word_1_176' title='bbox 929 3445 1019 3544; x_wconf 86' lang='lat' dir='ltr'>Sepe</span> <span class='ocrx_word' id='word_1_177' title='bbox 1035 3443 1132 3519; x_wconf 90' lang='lat' dir='ltr'>enim</span> <span class='ocrx_word' id='word_1_178' title='bbox 1150 3443 1234 3544; x_wconf 91' lang='lat' dir='ltr'>quia</span> <span class='ocrx_word' id='word_1_179' title='bbox 1246 3443 1405 3542; x_wconf 90' lang='lat' dir='ltr'>intelligi</span> 
     </span>
     <span class='ocr_line' id='line_1_25' title="bbox 183 3557 1406 3660; baseline -0.001 -26"><span class='ocrx_word' id='word_1_180' title='bbox 183 3583 253 3636; x_wconf 91' lang='lat' dir='ltr'>non</span> <span class='ocrx_word' id='word_1_181' title='bbox 268 3559 394 3636; x_wconf 83' lang='lat' dir='ltr'>valent</span> <span class='ocrx_word' id='word_1_182' title='bbox 401 3559 637 3636; x_wconf 88' lang='lat' dir='ltr'>deterioribus</span> <span class='ocrx_word' id='word_1_183' title='bbox 649 3559 840 3660; x_wconf 86' lang='lat' dir='ltr'>displicent</span> <span class='ocrx_word' id='word_1_184' title='bbox 851 3557 911 3634; x_wconf 86' lang='lat' dir='ltr'>vel</span> <span class='ocrx_word' id='word_1_185' title='bbox 923 3558 1019 3636; x_wconf 89' lang='lat' dir='ltr'>dicta</span> <span class='ocrx_word' id='word_1_186' title='bbox 1028 3558 1088 3634; x_wconf 89' lang='lat' dir='ltr'>vel</span> <span class='ocrx_word' id='word_1_187' title='bbox 1100 3558 1196 3634; x_wconf 86' lang='lat' dir='ltr'>sacta</span> <span class='ocrx_word' id='word_1_188' title='bbox 1208 3557 1406 3634; x_wconf 89' lang='lat' dir='ltr'>meliorum.</span> 
     </span>
     <span class='ocr_line' id='line_1_26' title="bbox 183 3673 1405 3774; baseline -0.002 -22"><span class='ocrx_word' id='word_1_189' title='bbox 183 3677 251 3752; x_wconf 87' lang='lat' dir='ltr'>Sed</span> <span class='ocrx_word' id='word_1_190' title='bbox 268 3699 309 3751; x_wconf 91' lang='lat' dir='ltr'>eo</span> <span class='ocrx_word' id='word_1_191' title='bbox 325 3675 371 3750; x_wconf 88' lang='lat' dir='ltr'>ab</span> <span class='ocrx_word' id='word_1_192' title='bbox 387 3675 439 3752; x_wconf 89' lang='lat' dir='ltr'>eis</span> <span class='ocrx_word' id='word_1_193' title='bbox 456 3685 589 3751; x_wconf 84' lang='lat' dir='ltr'>temere</span> <span class='ocrx_word' id='word_1_194' title='bbox 607 3673 895 3774; x_wconf 89' lang='lat' dir='ltr'>reprehendenda</span> <span class='ocrx_word' id='word_1_195' title='bbox 911 3697 982 3748; x_wconf 92' lang='lat' dir='ltr'>non</span> <span class='ocrx_word' id='word_1_196' title='bbox 999 3683 1086 3748; x_wconf 90' lang='lat' dir='ltr'>sunt</span> <span class='ocrx_word' id='word_1_197' title='bbox 1102 3697 1172 3772; x_wconf 93' lang='lat' dir='ltr'>quo</span> <span class='ocrx_word' id='word_1_198' title='bbox 1187 3673 1405 3774; x_wconf 89' lang='lat' dir='ltr'>apprehendi</span> 
     </span>
     <span class='ocr_line' id='line_1_27' title="bbox 182 3785 1406 3888; baseline -0.002 -24"><span class='ocrx_word' id='word_1_199' title='bbox 182 3789 363 3866; x_wconf 87' lang='lat' dir='ltr'>voraciter</span> <span class='ocrx_word' id='word_1_200' title='bbox 380 3813 607 3888; x_wconf 89' lang='lat' dir='ltr'>nequaquam</span> <span class='ocrx_word' id='word_1_201' title='bbox 624 3799 782 3887; x_wconf 90' lang='lat' dir='ltr'>possunt.</span> <span class='ocrx_word' id='word_1_202' title='bbox 799 3792 889 3887; x_wconf 90' lang='lat' dir='ltr'>Sepe</span> <span class='ocrx_word' id='word_1_203' title='bbox 905 3785 1041 3887; x_wconf 90' lang='lat' dir='ltr'>aliquid</span> <span class='ocrx_word' id='word_1_204' title='bbox 1056 3813 1078 3861; x_wconf 87' lang='lat' dir='ltr'>a</span> <span class='ocrx_word' id='word_1_205' title='bbox 1096 3787 1289 3863; x_wconf 91' lang='lat' dir='ltr'>maioribus</span> <span class='ocrx_word' id='word_1_206' title='bbox 1305 3788 1406 3863; x_wconf 87' lang='lat' dir='ltr'>dissi-</span> 
     </span>
     <span class='ocr_line' id='line_1_28' title="bbox 185 3901 1405 4004; baseline 0.002 -28"><span class='ocrx_word' id='word_1_207' title='bbox 185 3902 374 3979; x_wconf 89' lang='lat' dir='ltr'>mulatorie</span> <span class='ocrx_word' id='word_1_208' title='bbox 390 3903 526 4000; x_wconf 84' lang='lat' dir='ltr'>agitur,</span> <span class='ocrx_word' id='word_1_209' title='bbox 543 3903 673 4002; x_wconf 91' lang='lat' dir='ltr'>quoda</span> <span class='ocrx_word' id='word_1_210' title='bbox 690 3901 887 3978; x_wconf 87' lang='lat' dir='ltr'>minoribus</span> <span class='ocrx_word' id='word_1_211' title='bbox 900 3925 999 3979; x_wconf 92' lang='lat' dir='ltr'>error</span> <span class='ocrx_word' id='word_1_212' title='bbox 1011 3912 1171 4004; x_wconf 88' lang='lat' dir='ltr'>putatur.</span> <span class='ocrx_word' id='word_1_213' title='bbox 1188 3905 1277 4004; x_wconf 88' lang='lat' dir='ltr'>Sepe</span> <span class='ocrx_word' id='word_1_214' title='bbox 1290 3903 1405 3979; x_wconf 89' lang='lat' dir='ltr'>multa</span> 
     </span>
     <span class='ocr_line' id='line_1_29' title="bbox 184 4018 1404 4118; baseline 0.002 -26"><span class='ocrx_word' id='word_1_215' title='bbox 184 4043 205 4092; x_wconf 91' lang='lat' dir='ltr'>a</span> <span class='ocrx_word' id='word_1_216' title='bbox 229 4018 366 4093; x_wconf 84' lang='lat' dir='ltr'>foribus</span> <span class='ocrx_word' id='word_1_217' title='bbox 382 4019 554 4093; x_wconf 88' lang='lat' dir='ltr'>dicuntur</span> <span class='ocrx_word' id='word_1_218' title='bbox 571 4020 664 4118; x_wconf 93' lang='lat' dir='ltr'>quod</span> <span class='ocrx_word' id='word_1_219' title='bbox 680 4019 811 4097; x_wconf 85' lang='lat' dir='ltr'>iccirco</span> <span class='ocrx_word' id='word_1_220' title='bbox 828 4018 962 4092; x_wconf 91' lang='lat' dir='ltr'>infirmi</span> <span class='ocrx_word' id='word_1_221' title='bbox 979 4019 1190 4109; x_wconf 82' lang='lat' dir='ltr'>diiudicant,</span> <span class='ocrx_word' id='word_1_222' title='bbox 1202 4019 1286 4117; x_wconf 90' lang='lat' dir='ltr'>quia</span> <span class='ocrx_word' id='word_1_223' title='bbox 1303 4019 1404 4116; x_wconf 83' lang='lat' dir='ltr'>igno</span> 
     </span>
     <span class='ocr_line' id='line_1_30' title="bbox 182 4131 1403 4219; baseline 0.002 -14"><span class='ocrx_word' id='word_1_224' title='bbox 182 4141 274 4207; x_wconf 91' lang='lat' dir='ltr'>rant.</span> <span class='ocrx_word' id='word_1_225' title='bbox 289 4132 390 4219; x_wconf 85' lang='lat' dir='ltr'>Quod</span> <span class='ocrx_word' id='word_1_226' title='bbox 406 4131 495 4208; x_wconf 89' lang='lat' dir='ltr'>bene</span> <span class='ocrx_word' id='word_1_227' title='bbox 507 4131 624 4208; x_wconf 88' lang='lat' dir='ltr'>bubus</span> <span class='ocrx_word' id='word_1_228' title='bbox 640 4132 915 4209; x_wconf 86' lang='lat' dir='ltr'>calcitrantibus</span> <span class='ocrx_word' id='word_1_229' title='bbox 928 4133 1102 4212; x_wconf 87' lang='lat' dir='ltr'>inclinata</span> <span class='ocrx_word' id='word_1_230' title='bbox 1118 4133 1182 4207; x_wconf 93' lang='lat' dir='ltr'>illa</span> <span class='ocrx_word' id='word_1_231' title='bbox 1195 4135 1403 4210; x_wconf 88' lang='lat' dir='ltr'>testamenti</span> 
     </span>
     <span class='ocr_line' id='line_1_31' title="bbox 181 4247 1403 4346; baseline 0.004 -27"><span class='ocrx_word' id='word_1_232' title='bbox 181 4270 265 4323; x_wconf 89' lang='lat' dir='ltr'>arca</span> <span class='ocrx_word' id='word_1_233' title='bbox 283 4247 517 4343; x_wconf 89' lang='lat' dir='ltr'>significavit.</span> <span class='ocrx_word' id='word_1_234' title='bbox 544 4248 637 4336; x_wconf 86' lang='lat' dir='ltr'>Quia</span> <span class='ocrx_word' id='word_1_235' title='bbox 655 4247 716 4346; x_wconf 92' lang='lat' dir='ltr'>qui</span> <span class='ocrx_word' id='word_1_236' title='bbox 733 4273 900 4324; x_wconf 89' lang='lat' dir='ltr'>casuram</span> <span class='ocrx_word' id='word_1_237' title='bbox 917 4250 1047 4326; x_wconf 89' lang='lat' dir='ltr'>cedens</span> <span class='ocrx_word' id='word_1_238' title='bbox 1064 4248 1185 4325; x_wconf 87' lang='lat' dir='ltr'>levitis</span> <span class='ocrx_word' id='word_1_239' title='bbox 1203 4257 1244 4322; x_wconf 94' lang='lat' dir='ltr'>ut</span> <span class='ocrx_word' id='word_1_240' title='bbox 1260 4248 1403 4346; x_wconf 90' lang='lat' dir='ltr'>erigere</span> 
     </span>
     <span class='ocr_line' id='line_1_32' title="bbox 181 4360 1405 4462; baseline 0.004 -29"><span class='ocrx_word' id='word_1_241' title='bbox 181 4360 308 4450; x_wconf 86' lang='lat' dir='ltr'>voluit,</span> <span class='ocrx_word' id='word_1_242' title='bbox 326 4383 406 4437; x_wconf 85' lang='lat' dir='ltr'>mox</span> <span class='ocrx_word' id='word_1_243' title='bbox 422 4361 639 4438; x_wconf 87' lang='lat' dir='ltr'>sententiam</span> <span class='ocrx_word' id='word_1_244' title='bbox 656 4363 781 4440; x_wconf 89' lang='lat' dir='ltr'>mortis</span> <span class='ocrx_word' id='word_1_245' title='bbox 793 4364 942 4462; x_wconf 89' lang='lat' dir='ltr'>accepit.</span> <span class='ocrx_word' id='word_1_246' title='bbox 955 4363 1049 4452; x_wconf 85' lang='lat' dir='ltr'>Quid</span> <span class='ocrx_word' id='word_1_247' title='bbox 1062 4372 1117 4438; x_wconf 86' lang='lat' dir='ltr'>est</span> <span class='ocrx_word' id='word_1_248' title='bbox 1133 4387 1288 4462; x_wconf 90' lang='lat' dir='ltr'>namquo</span> <span class='ocrx_word' id='word_1_249' title='bbox 1301 4387 1405 4438; x_wconf 87' lang='lat' dir='ltr'>mens</span> 
     </span>
     <span class='ocr_line' id='line_1_33' title="bbox 182 4461 1402 4576; baseline 0.008 -30"><span class='ocrx_word' id='word_1_250' title='bbox 182 4473 280 4564; x_wconf 84' lang='lat' dir='ltr'>iusti,</span> <span class='ocrx_word' id='word_1_251' title='bbox 297 4473 368 4550; x_wconf 88' lang='lat' dir='ltr'>nisi</span> <span class='ocrx_word' id='word_1_252' title='bbox 385 4499 469 4551; x_wconf 90' lang='lat' dir='ltr'>arca</span> <span class='ocrx_word' id='word_1_253' title='bbox 490 4477 725 4553; x_wconf 80' lang='lat' dir='ltr'>testamenti?</span> <span class='ocrx_word' id='word_1_254' title='bbox 741 4503 821 4576; x_wconf 83' lang='lat' dir='ltr'>quae</span> <span class='ocrx_word' id='word_1_255' title='bbox 837 4486 942 4574; x_wconf 85' lang='lat' dir='ltr'>gesta</span> <span class='ocrx_word' id='word_1_256' title='bbox 958 4504 979 4554; x_wconf 90' lang='lat' dir='ltr'>a</span> <span class='ocrx_word' id='word_1_257' title='bbox 996 4478 1112 4556; x_wconf 86' lang='lat' dir='ltr'>bubus</span> <span class='ocrx_word' id='word_1_258' title='bbox 1129 4461 1402 4556; x_wconf 71' lang='lat' dir='ltr'>calcitrantibus</span> 
     </span>
    </p>
   </div>
   <div class='ocr_carea' id='block_1_7' title="bbox 0 0 1796 5288">
    <p class='ocr_par' dir='ltr' id='par_1_7' title="bbox 0 0 1796 5288">
     <span class='ocr_line' id='line_1_34' title="bbox 0 0 1796 5288; baseline 0 3"><span class='ocrx_word' id='word_1_259' title='bbox 0 0 1796 5288; x_wconf 95' lang='lat' dir='ltr'> </span> 
     </span>
    </p>
   </div>
  </div>
 </body>
</html>
