3618 5316
711 393 911 460 -347-

737 521 847 634 rur.
910 569 913 577 ·
998 519 1000 523 ’

456 725 539 778 Item
557 725 593 777 ln
611 725 676 778 alla
693 725 833 793 epistola
851 725 998 780 eiusdem
1016 717 1160 780 conano.

296 857 448 936 Domino
466 884 544 936 meo
560 859 689 936 victori
707 859 898 936 Theodosio
914 859 1167 959 triumphatori
1183 885 1323 960 semper
1344 867 1417 937 Au·

202 981 310 1070 gusto
338 971 421 1062 filie,
439 971 545 1046 Galla
560 971 721 1047 Placidia
737 983 907 1073 perpetua
925 978 1095 1072 Augusta
1112 983 1227 1050 mater
1246 973 1342 1049 inter
1365 998 1420 1050 ce-

203 1096 290 1161 tera.
307 1085 508 1161 Arbitrium
526 1085 636 1160 unius
652 1084 808 1160 hominis
824 1085 886 1184 qui
905 1086 943 1160 in
960 1086 1081 1162 sinodo
1097 1084 1278 1184 Ephesiae
1294 1085 1420 1162 civita-

202 1200 250 1274 tis
266 1199 385 1273 odium
402 1208 439 1274 et
455 1198 699 1275 contentiones
715 1198 833 1297 potius
849 1197 1051 1274 exercuisse
1068 1207 1249 1289 narratur,
1263 1198 1419 1273 militum

201 1311 389 1411 praesentia
405 1321 442 1387 ct
459 1321 557 1386 metu
575 1312 726 1412 appetiit
744 1311 1148 1410 Constantinopolitanae
1164 1310 1326 1386 civitatis
1350 1311 1422 1410 epi-

200 1449 345 1525 scopum
363 1426 578 1510 Flavianum
604 1448 645 1501 eo
670 1425 763 1524 quod
789 1423 951 1500 libellum
975 1424 1021 1499 ad
1039 1423 1279 1522 Apostolicam
1300 1425 1421 1500 sedem

201 1539 351 1628 miserit,
367 1539 464 1615 etad
481 1562 604 1614 omnes
620 1538 812 1638 episcopos,
830 1538 958 1612 harum
975 1537 1130 1636 partium
1149 1533 1211 1638 per
1223 1560 1283 1613 eos
1295 1537 1357 1637 qui
1369 1538 1422 1612 di·

202 1652 291 1728 recti
308 1653 452 1728 fuerant
467 1651 506 1725 in
523 1651 673 1728 concilio
697 1676 718 1724 a
744 1649 1034 1734 reverentissimo
1058 1650 1231 1750 Episcopo
1252 1653 1418 1726 Romano.

202 1765 303 1852 Quod
319 1765 516 1840 secundum
533 1763 761 1840 diffinitiones
778 1761 907 1840 Niceni
921 1761 1073 1838 Consilii
1084 1761 1247 1844 consueti
1266 1771 1352 1837 sunt
1368 1763 1422 1837 in-

202 1886 336 1953 teresse
350 1875 491 1952 dumine
504 1874 746 1951 sacratissime
759 1873 811 1948 fili
825 1874 1042 1951 venerabilis
1055 1875 1255 1974 imperator.
1268 1873 1346 1952 Hac
1359 1875 1425 1950 ita·

202 2013 271 2088 que
290 1988 409 2084 gratia
428 1999 492 2064 tua
512 1988 746 2063 mansuetudo
765 1988 877 2064 tantis
898 1987 1015 2063 turbis
1032 1989 1214 2078 resistens,
1230 1988 1420 2064 veritatem

202 2101 470 2178 immaculatam
488 2099 570 2176 fidei
588 2099 772 2176 catholioae
789 2100 976 2198 religionis
993 2126 1137 2178 servare
1161 2101 1356 2202 praecipiat,
1381 2111 1423 2176 ut

205 2215 403 2292 secundum
421 2214 572 2289 formam
589 2225 626 2290 et
646 2213 893 2290 diffinitionem
912 2213 1125 2312 Apostolicae
1142 2213 1242 2290 Sedis
1259 2215 1368 2313 quam
1388 2239 1423 2290 e·

204 2330 290 2404 tiam
305 2351 369 2403 nos
381 2336 564 2426 tamquam
577 2327 836 2427 praecellentem
851 2326 1017 2402 similiter
1030 2350 1255 2417 veneramur,
1267 2326 1306 2400 in
1323 2335 1421 2401 statu

205 2439 392 2516 sacerdotii
409 2439 509 2516 illeso
526 2451 693 2516 manente
711 2465 773 2541 per
790 2439 909 2516 omnia
927 2439 1110 2530 Flaviano,
1126 2441 1172 2515 ad
1184 2439 1326 2518 concilii
1339 2451 1375 2516 et
1386 2466 1422 2514 a·

204 2553 382 2654 postolicae
400 2553 501 2629 Sedis
517 2553 692 2630 iudicium
709 2554 987 2643 transmittatur,
1004 2577 1111 2652 quam
1128 2553 1267 2652 primus
1279 2553 1341 2629 ille
1358 2555 1420 2652 qui

205 2667 364 2742 caelestes
381 2667 500 2743 claves
517 2668 650 2764 dignus
667 2669 738 2743 fuit
753 2667 925 2766 accipere,
947 2667 1169 2766 principatus
1196 2666 1421 2766 episcopatus

205 2779 358 2870 ornavit,
375 2781 515 2878 quando
531 2779 670 2857 scilicet
688 2783 789 2858 decet
805 2805 870 2858 nos
886 2781 973 2857 huic
990 2781 1155 2856 maxima
1179 2780 1320 2857 civitati
1342 2775 1423 2879 quaa

205 2892 347 2968 domina
363 2893 522 2970 omnium
540 2904 596 2972 est
611 2903 758 2971 tuarum
775 2895 813 2970 in
830 2893 994 2971 omnibus
1008 2893 1174 2971 ¹reventia
1189 2892 1267 2993 (sic)
1284 2916 1423 2970 conser-

209 3029 304 3082 vare·

793 3105 836 3190 v.

647 3301 729 3354 Item
748 3300 811 3354 alta
829 3297 984 3354 eiusdem.

302 3463 464 3542 Victores
477 3461 755 3538 Valentinianus
763 3471 800 3539 et
808 3460 1017 3539 Marcianus
1029 3483 1168 3560 semper
1179 3459 1339 3556 Augusti
1352 3461 1426 3536 Deo

207 3577 351 3656 amabili
367 3577 503 3678 synodo
523 3575 617 3652 inter
633 3585 762 3654 cetera.
779 3575 879 3652 Licet
903 3573 1141 3674 plurimarum
1168 3598 1288 3650 rerum
1312 3571 1426 3672 publi·

206 3718 331 3770 carum
348 3691 450 3767 nobis
465 3690 514 3766 sit
530 3689 729 3766 remorandi
745 3689 952 3778 necessitas,
968 3697 1090 3765 tamen
1116 3687 1368 3788 praeponendas
1392 3709 1427 3762 o·

208 3807 351 3884 mnibus
365 3830 454 3884 cura
469 3813 603 3882 sancta
618 3813 655 3880 et
671 3803 869 3880 orthodoxae
885 3801 967 3878 fidei
984 3799 1196 3880 iudicamus.
1210 3807 1243 3876 A
1260 3824 1424 3888 reveren·

208 3919 347 3995 tissimo
363 3919 517 4018 namque
533 3921 647 3995 Leone
665 3917 939 4016 Archiepiscopo
951 3915 1168 3993 felicissimae
1181 3913 1290 4004 Urbis
1307 3915 1427 3990 Roma

208 4041 387 4108 venerunt
402 4031 514 4129 legati
531 4040 568 4108 et
584 4039 819 4132 poposcerunt
835 4038 993 4105 nostram
1016 4026 1318 4126 tranquillitatem
1342 4049 1426 4125 qua·

208 4145 308 4222 tinus
320 4145 518 4221 omnimodo
531 4167 593 4219 nos
606 4145 727 4224 adesse
740 4143 932 4220 debeamus
944 4143 1164 4217 affirmantes
1177 4139 1426 4251 quoniamnon

208 4264 416 4358 paterentur
432 4257 486 4333 illi
502 4257 648 4334 absente
665 4267 786 4334 nostra
803 4257 933 4355 pietate
950 4256 1084 4333 venire.
1102 4259 1149 4331 Et
1161 4255 1266 4331 infra.
1278 4255 1381 4331 Unde
1394 4255 1426 4329 si

209 4369 379 4470 perspicit
395 4380 516 4446 nostra
530 4369 669 4468 religio,
682 4369 721 4445 in
735 4369 1079 4460 chalcedonensium
1097 4368 1285 4446 civitatem
1301 4369 1427 4444 venire

210 4483 423 4586 dignamini.
448 4481 541 4564 Illuc
569 4483 666 4561 enim
697 4507 960 4590 percurremus,
989 4483 1075 4563 licet
1103 4481 1164 4560 hic
1188 4505 1252 4560 nos
1276 4480 1429 4583 publicu
