3582 5288
904 355 1100 420 -120-

387 479 693 578 inclinatur,quia
705 501 976 577 nonnumquam
989 477 1098 553 etiam
1111 477 1173 576 qui
1187 477 1277 553 bene
1289 485 1416 575 praeest
1428 477 1608 552 dum'sub

386 592 560 670 iectorum
574 592 783 692 populorum
798 592 1005 668 confusione
1020 591 1236 682 concutitur,
1248 591 1292 665 ad
1306 590 1605 690 dispensationem

384 705 692 782 condescensionis
704 730 749 781 ex
761 706 835 780 sola
849 705 1037 782 dilectione
1050 715 1288 806 permovetur.
1301 707 1369 781 Sed
1383 705 1421 779 in
1438 705 1504 782 hoo
1521 729 1607 804 quo-

385 842 454 916 que
466 819 721 918 dispensatorie
738 819 871 916 agitur.
885 818 1076 895 Inclinatio
1093 820 1169 918 ipse
1186 819 1406 896 fortitudinis
1419 844 1525 894 casus
1542 843 1606 917 pu·

385 942 484 1008 tatur
497 933 681 1030 imperitis.
699 933 801 1008 Unde
818 943 854 1007 et
871 935 1035 1008 nonnulli
1053 935 1184 1010 subditi
1202 945 1327 1010 contra
1343 935 1437 1009 hauc
1454 959 1602 1009 manum

385 1046 669 1146 reprehensionis
687 1049 838 1123 mittunt
855 1049 915 1122 sod
933 1049 1032 1123 avita
1050 1049 1212 1148 protinus
1230 1050 1306 1148 ipse
1323 1074 1388 1122 sua
1404 1049 1606 1124 temeritate

386 1161 567 1236 deficiunt.
584 1161 721 1238 Levitis
738 1184 825 1258 ergo
841 1163 944 1261 quasi
962 1162 1142 1238 adiuvetis
1160 1187 1288 1237 manus
1305 1162 1456 1238 tetendit
1472 1162 1533 1238 sed
1548 1163 1606 1238 de-

385 1273 552 1372 linquens
568 1273 682 1348 vitem
700 1273 853 1372 perdidit
869 1276 954 1374 quia
971 1277 1057 1350 dum
1075 1275 1209 1350 infirmi
1227 1300 1366 1374 quoque
1384 1275 1529 1352 sortium
1555 1275 1606 1350 fa·

385 1396 444 1462 ota
468 1386 678 1485 corripiunt,
697 1388 773 1488 ipsa
793 1388 996 1464 viventium
1019 1399 1113 1465 sorte
1139 1390 1382 1487 reprobantur.
1404 1389 1605 1488 Aliquando

385 1501 493 1576 ¹etiam
522 1501 640 1578 sancti
665 1501 735 1575 viri
761 1502 924 1600 quaedam
951 1503 1110 1577 minimis
1135 1503 1456 1579 condescendentes
1480 1503 1606 1579 dicunt

385 1615 546 1713 quaedam
568 1637 653 1689 vero
676 1640 817 1689 summa
836 1617 1118 1715 contemplantes
1136 1618 1329 1717 proferunt.
1350 1620 1514 1716 Dumque
1530 1619 1606 1691 vim

385 1729 444 1805 vel
458 1729 763 1806 condescentionis
780 1731 947 1806 nesciunt
958 1731 1018 1806 vel
1032 1731 1236 1806 altitudinis
1248 1731 1418 1806 audacter
1431 1730 1489 1806 vel
1502 1731 1604 1806 stulti

386 1843 660 1942 reprehendunt.
677 1847 724 1918 Et
740 1844 882 1942 quidem
899 1846 1037 1920 iustum
1055 1845 1098 1920 de
1115 1871 1180 1918 sua
1193 1845 1487 1920 condescensione
1513 1844 1604 1920 velle

385 1957 566 2055 corrigere
578 1959 649 2033 nisi
666 1958 877 2034 inclinatam
894 1985 1015 2036 arcam
1033 1959 1186 2056 superba
1201 1959 1484 2057 reprehensionis
1497 1984 1605 2060 manu

385 2070 479 2147 velle
504 2071 692 2147 relevare?
716 2073 811 2160 Quid
834 2083 889 2148 est
911 2075 1049 2148 iustum
1074 2073 1117 2148 de
1143 2073 1328 2168 incognita
1352 2072 1528 2148 locutione
1554 2097 1605 2147 re-

385 2183 602 2283 prehendere
617 2184 689 2259 nisi
708 2185 849 2260 modum
867 2185 945 2262 eius
963 2186 1182 2262 fortitudinis
1205 2185 1344 2284 lapsum
1363 2190 1515 2283 putare?
1536 2185 1605 2258 Sed

387 2298 511 2398 perdat
524 2297 635 2372 vitam
649 2299 711 2396 qui
724 2323 846 2374 arcam
865 2299 929 2374 Dei
942 2299 1078 2374 tumido
1092 2299 1268 2387 sublevat,
1281 2299 1366 2397 quia
1379 2323 1604 2398 nequaquam

386 2421 591 2488 sanctorum
616 2412 796 2510 corrigere
814 2423 912 2489 recta
933 2423 1163 2510 praesumeret
1188 2415 1258 2487 nisi
1280 2415 1322 2488 de
1345 2413 1510 2510 supernis
1536 2438 1606 2488 me-

386 2527 475 2602 liora
500 2527 679 2602 sensisset.
701 2528 803 2603 Unde
825 2537 860 2602 et
881 2528 1017 2603 Levitis
1034 2527 1128 2602 idern
1151 2537 1247 2603 recte
1270 2529 1343 2601 Oza
1360 2525 1492 2602 dicitur
1513 2525 1606 2624 quod

386 2639 556 2716 videlicet
580 2640 746 2716 robustus
772 2640 914 2715 Domini
937 2640 1205 2738 interpretatur,
1225 2641 1310 2738 quie
1332 2648 1605 2738 praesumptcres

386 2755 520 2854 quique
544 2754 616 2829 nisi
641 2755 768 2832 audaci
795 2765 914 2830 mente
941 2755 1100 2830 robustos
1124 2779 1162 2829 se
1180 2754 1217 2827 in
1236 2755 1385 2828 Domino
1409 2753 1604 2842 crederent,
1704 2785 1709 2790 ·

386 2893 621 2968 nequequam
636 2869 823 2944 meliorum
836 2869 932 2944 facta
944 2868 1003 2944 vel
1016 2867 1113 2943 dicta
1126 2867 1227 2942 velut
1240 2869 1382 2940 infirma
1395 2866 1605 2942 iudicarent.

386 2983 505 3060 Amici
523 3007 608 3080 ergo
625 2984 686 3058 lob
702 2983 786 3058 dum
804 2992 928 3059 contra
945 3008 1028 3058 eum
1047 2982 1149 3080 quasi
1171 2981 1209 3055 in
1227 2981 1293 3056 Dei
1311 2980 1513 3056 defensione
1531 3002 1606 3077 pro-

387 3097 539 3187 silirent,
555 3096 669 3170 divini
686 3098 853 3194 praecepti
869 3095 1031 3192 regulam
1046 3094 1291 3193 superbientes
1311 3095 1496 3170 excedunt.
1514 3094 1605 3168 Cum

387 3233 471 3285 vero
496 3210 655 3307 quaedam
679 3209 774 3284 facta
797 3209 982 3285 meliorum
1004 3209 1236 3285 deterioribus
1258 3208 1458 3308 displicent,
1475 3231 1604 3304 nequa·

386 3348 493 3423 quam
519 3324 585 3399 hoc
602 3323 695 3422 quod
712 3334 830 3399 mente
848 3334 966 3398 movet
983 3324 1204 3400 reticendum
1224 3333 1279 3399 est
1296 3323 1356 3399 sed
1375 3348 1458 3399 cum
1473 3346 1605 3418 magna

385 3435 591 3514 humilitate
600 3438 859 3536 proferendum,
873 3438 1043 3536 quatinus
1053 3437 1204 3513 intentio
1213 3437 1465 3533 piesentientis
1474 3459 1514 3512 eo
1522 3461 1606 3511 rere

386 3562 507 3630 servet
518 3553 668 3627 formam
681 3551 918 3643 rectitudinis,
931 3575 1000 3651 quo
1013 3551 1159 3648 praeitur
1168 3551 1304 3646 gradus
1317 3547 1545 3623 humilitatis.
1559 3551 1605 3622 Et

386 3665 496 3741 libere
509 3689 596 3761 ergo
608 3666 758 3742 dicenda
770 3675 855 3740 sunt
868 3691 947 3765 quae
959 3665 1135 3740 sentimus
1147 3673 1183 3740 et
1196 3663 1299 3739 valde
1311 3661 1500 3740 humiliter
1512 3663 1605 3761 quod

388 3780 624 3880 promonenda
633 3804 712 3879 quoe
724 3771 886 3868 doininis,
895 3805 940 3855 ne
949 3787 984 3854 et
994 3789 1090 3854 recta
1099 3803 1178 3876 quae
1190 3777 1419 3865 intendimus,
1429 3773 1505 3852 haec
1514 3777 1606 3852 elate

388 3893 593 3991 proferendo
611 3917 681 3969 non
699 3903 795 3970 recta
808 3895 993 3970 faciemus.
1006 3892 1143 3966 Paulus
1159 3891 1381 3968 auditoribus
1399 3892 1474 3964 suis
1494 3891 1606 3965 multa

387 4006 574 4081 humiliter
586 4007 724 4082 dixerat
741 4007 802 4082 sed
819 4008 861 4082 de
878 4007 956 4104 ipsa
973 4007 1214 4082 exhortatione
1231 4005 1372 4095 humili,
1391 4006 1533 4103 placere
1549 4030 1606 4081 eos

387 4120 686 4196 adhuchumilius
699 4121 886 4217 satagebat
898 4121 1029 4197 dicens
1039 4123 1266 4217 Rogoautem
1276 4142 1338 4193 vos
1348 4117 1477 4194 fratres
1486 4129 1527 4192 ut
1536 4119 1608 4192 sul-

389 4233 514 4312 feretis
527 4234 677 4310 verbum
691 4235 876 4310 solaciiEt
889 4235 984 4310 eninr
995 4259 1172 4333 perpauco
1185 4233 1311 4331 scripsi
1324 4233 1435 4308 vobis.
1444 4232 1608 4330 Ephesiis

388 4373 528 4446 quoque
538 4349 654 4425 Mileti
663 4350 766 4425 ualde
776 4350 908 4440 dicens
916 4349 1113 4425 affiictisac
1125 4347 1354 4445 gementibus
1366 4345 1607 4425 humilitatem

388 4489 491 4538 suam
504 4465 550 4541 ad
564 4465 770 4540 memoriam
783 4474 926 4541 revocet
942 4463 1074 4540 diceus.
1087 4463 1250 4562 Vigilate
1265 4461 1442 4538 memoriae
1456 4461 1608 4538 retinen-
