3638 5294
750 401 943 464 -441-

229 547 274 598 ex
289 507 541 620 insipientibus
560 511 774 598 mulieribus
788 521 907 597 locuta
924 545 972 596 es
990 523 1036 595 Et
1053 513 1157 594 infra.
1176 519 1368 628 blandatn'r
1390 517 1450 594 de·
1528 561 1532 572 ·

127 730 129 736 Ι
229 637 337 734 nique
354 637 499 711 tradere
509 636 702 711 basilicam.
721 637 931 733 Respondes.
948 639 1024 710 Nee
1041 633 1131 708 mibi
1154 635 1208 708 fas
1233 631 1289 709 est
1302 633 1467 709 ¹tradere>

229 749 427 837 basilicam,
444 774 510 825 nec
526 750 591 825 tibi
609 749 770 850 accipere
782 749 972 846 imperator
986 747 1137 845 expedit.
1152 750 1303 822 Domum
1321 747 1454 846 privati

231 862 331 949 nullo
348 873 446 960 potes
464 864 543 939 iure
559 863 737 954 temerari,
754 863 897 936 domum
916 864 981 936 llei
1000 861 1184 936 existimas
1197 859 1456 936 auferendam?

234 963 647 1074 Allegatur,imperatori
657 977 765 1053 licere
774 965 1024 1073 omnia,ipsius
1033 995 1110 1050 esse
1118 973 1455 1071 universaltespon·

233 1088 307 1162 deo.
314 1087 397 1163 Noli
407 1073 610 1184 ¹gravare'te
625 1089 815 1186 imperator
828 1098 870 1163 ut
882 1097 986 1188 putes
998 1097 1034 1162 te
1047 1087 1083 1160 in
1093 1082 1456 1185 eaquaedivin'asunt

233 1200 417 1298 imperiale
430 1201 566 1299 aliquid
579 1201 637 1276 ius
650 1202 879 1278 habereNoli
892 1211 928 1277 te
941 1201 1190 1291 extollere,sed
1202 1201 1234 1274 si
1247 1201 1304 1275 vis
1317 1200 1454 1276 diutius
1492 1203 1495 1210 ’

234 1302 421 1412 impanare,
433 1315 596 1389 subditus
613 1325 688 1390 esto
705 1318 810 1390 Deus.
822 1316 1005 1416 Scriptum
1019 1325 1073 1390 est
1090 1315 1196 1391 enim.
1209 1318 1297 1403 Quas
1314 1315 1456 1390 Cesaris

236 1427 937 1526 Ceseri,quaeDeiDeo.Adimperatorem
949 1428 1331 1528 palatiapertinent,ad
1344 1451 1460 1502 saeer-

236 1540 352 1616 dotem
370 1539 539 1616 ecclesie.
552 1540 782 1616 Publicanum
801 1541 865 1616 tibi
885 1542 1052 1616 maenium
1071 1541 1129 1615 ius
1146 1541 1376 1616 commissum
1394 1552 1459 1630 est,

237 1677 307 1728 non
322 1658 658 1729 sacrorumlterum
674 1655 806 1730 dieitur
821 1659 1007 1732 mandasse
1022 1657 1108 1730 mihi
1123 1657 1457 1754 imperatoremDe·

237 1767 301 1844 beo
314 1777 351 1843 et
364 1791 431 1864 ego
444 1793 552 1842 unam
567 1768 697 1845 habere
710 1769 906 1846 basilicam.
920 1771 1220 1868 RespondeoNon
1234 1769 1319 1844 lieet
1332 1770 1455 1844 Iudam

237 1881 377 1958 habere.
388 1883 481 1970 Quid
493 1883 559 1958 tibi
573 1909 655 1958 cum
670 1884 857 1960 adultera?
871 1883 1044 1958 Adultera
1058 1883 1152 1958 enim
1163 1895 1391 1981 est,quaenon
1405 1893 1459 1958 est

238 1995 401 2092 legitimo
411 1996 546 2072 Christi
561 1997 729 2093 coniugio
742 1998 1015 2096 copulata.l)um
1026 1997 1093 2072 hoo
1105 2007 1230 2088 tracte,
1240 2007 1456 2094 suggestum

231 2121 286 2184 est
303 2110 391 2184 mibi
406 2112 561 2184 cortinas
579 2111 701 2207 regins
714 2136 792 2186 esse
809 2111 988 2202 collectas,
1006 2113 1172 2187 refertam
1191 2124 1311 2187 antem
1337 2112 1458 2187 basili-

231 2247 310 2298 cam
328 2224 397 2298 mei
416 2224 641 2324 praesentiam
660 2247 813 2322 poscere.
827 2229 874 2299 Et
886 2225 990 2299 intra.
1005 2225 1074 2313 Qui
1087 2226 1131 2300 ad
1143 2225 1383 2300 invadendam
1397 2223 1457 2300 he·

232 2337 418 2413 reditatem
432 2349 621 2428 venerunt,
631 2339 716 2414 facti
730 2348 816 2414 sunt
829 2339 1016 2414 coheredes
1028 2339 1100 2414 Dei.
1111 2339 1320 2414 Defensores
1334 2339 1455 2428 babeo,

231 2475 318 2548 quos
334 2461 427 2526 ostes
444 2451 622 2548 putabam.
640 2453 760 2528 Socios
777 2463 987 2550 tenco,quos
1000 2451 1221 2526 adversarios
1234 2451 1453 2527 estimabam.

233 2568 280 2639 Et
297 2565 401 2639 infra.
419 2567 572 2640 Tradere
590 2566 774 2644 basilicam
792 2591 861 2642 non
879 2589 1033 2666 possum,
1051 2565 1113 2640 sed
1129 2589 1292 2664 pugnare
1309 2590 1380 2640 non
1400 2566 1458 2640 de·
1538 2554 1541 2560 ¹

233 2677 304 2752 beo.
323 2681 448 2754 Postea
465 2703 550 2754 vcro
567 2680 649 2778 quia
668 2705 905 2778 cognoveram
923 2679 1080 2756 cortinas
1098 2678 1218 2774 regias
1238 2703 1315 2754 esse
1340 2679 1457 2753 subla·

232 2801 299 2882 tas,
317 2789 409 2882 inde,
427 2819 510 2870 cum
527 2795 679 2894 populus
699 2821 754 2871 me
772 2797 880 2872 coire
898 2795 1110 2893 deposceret,
1123 2793 1293 2868 direxisse
1311 2795 1458 2891 presby·

231 2915 336 2996 teroS,
353 2931 409 2980 mo
427 2917 545 2984 tamen
561 2907 717 2983 noluisse
731 2909 794 2984 ire.
807 2913 855 2984 Et
868 2909 971 2982 inira.
985 2909 1079 2997 Quid
1093 2917 1290 2983 moraretur
1303 2908 1409 2982 ferire
1424 2905 1455 2981 si

231 3031 431 3120 tyrannum
450 3026 614 3122 putaret?
631 3023 754 3098 Veteri
772 3024 849 3098 iure
862 3047 883 3095 a
897 3021 1139 3097 sacerdotibus
1153 3021 1280 3095 donata
1295 3019 1457 3118 imperia,

230 3158 301 3209 non
318 3145 502 3234 usurpata,
514 3147 550 3211 et
563 3135 676 3232 vulgo
689 3137 771 3227 dici,
785 3137 877 3235 quod
890 3137 1119 3234 imperatores
1132 3136 1371 3212 sacerdotium
1384 3161 1457 3209 ma-

233 3250 293 3347 gis
310 3251 522 3348 optaverint,
531 3277 639 3350 quam
653 3253 851 3328 sacerdotes
864 3251 1065 3349 imperium.
1080 3255 1126 3326 Et
1139 3251 1243 3325 infra.
1257 3254 1290 3324 N
1293 3275 1334 3325 eo
1348 3274 1457 3339 mora,

232 3363 422 3438 nuntiatur
439 3361 687 3462 imperatorem
705 3365 851 3440 iussisse
865 3375 907 3439 ut
921 3365 1125 3440 recederent
1141 3365 1271 3464 milites
1284 3365 1326 3439 de
1338 3363 1458 3438 basili-

235 3502 286 3552 ca.
299 3467 593 3573 Negotiator-ibus
606 3502 743 3578 quoque
757 3479 847 3578 qnod
861 3479 977 3554 exacti
991 3478 1033 3554 de
1047 3477 1364 3576 condempnatione
1379 3478 1453 3552 luo-

232 3599 315 3664 rant
332 3591 525 3666 raderetur.
543 3595 620 3680 Qua
637 3601 724 3668 tunc
749 3593 860 3691 plebis
878 3591 993 3668 letitia
1010 3593 1104 3667 fuit?
1121 3596 1210 3666 Erat
1234 3603 1355 3668 autem
1381 3593 1456 3667 dies

231 3726 300 3802 quo
317 3727 354 3778 se
372 3727 433 3802 pro
449 3704 550 3778 nobis
567 3705 740 3778 Dominus
757 3701 913 3798 tradidit,
930 3731 999 3806 quo
1015 3707 1053 3780 in
1079 3707 1230 3783 ecclesia
1256 3707 1455 3805 penitentia

233 3817 423 3892 relaxatur.
442 3821 488 3893 Et
512 3818 616 3893 inira.
634 3821 712 3913 Ego
737 3827 918 3917 tyrannus
940 3822 1105 3920 appellor,
1122 3832 1158 3897 et
1181 3822 1371 3922 plusquam
1397 3833 1455 3922 ty·

233 3957 378 4006 rannus.
391 3936 485 4007 Nem
505 3959 587 4008 cum
606 3933 817 4031 imperatore
834 3937 980 4012 comites
997 3937 1231 4026 obsecrarent,
1242 3948 1282 4011 ut
1300 3937 1455 4035 prodiret

231 4045 276 4118 ad
293 4045 495 4137 ecclesiam,
511 4046 546 4120 id
564 4047 656 4144 quod
673 4047 823 4144 petitum
843 4049 997 4124 militum
1015 4050 1131 4126 lacere
1150 4075 1187 4126 se
1208 4051 1378 4142 dicerent,
1406 4075 1457 4127 re-

231 4159 381 4257 spondit.
399 4159 438 4232 Si
457 4160 555 4235 uobis
573 4160 630 4234 ius
646 4160 731 4235 ferit
750 4161 968 4256 Ambrosius,
985 4166 1150 4241 vinctum
1166 4191 1222 4241 me
1236 4166 1394 4242 tradetis.
1409 4169 1456 4242 Et

231 4271 436 4372 paulopost.
450 4275 610 4373 Denique
624 4277 732 4349 etiam
745 4277 891 4374 speciali
905 4279 1128 4376 expressione
1142 4279 1312 4376 caliginis
1325 4303 1456 4380 praepo·

231 4389 322 4463 situs
339 4389 497 4464 cubiculi
517 4388 684 4464 mandare
704 4391 792 4464 mihi
810 4417 920 4466 ausus
937 4402 999 4466 ost.
1018 4397 1075 4467 Me
1095 4394 1177 4466 vivo
1194 4402 1235 4468 tu
1253 4395 1454 4469 contemnis

233 4501 541 4582 Valentinianum.
555 4502 674 4604 Caput
690 4503 755 4580 tibi
773 4505 867 4584 tollo.
883 4506 1071 4608 Respondi.
1085 4508 1182 4582 Deus
1195 4505 1375 4606 permittit
1391 4505 1459 4584 tibi
