3582 5288
698 426 894 489 -141-

191 545 326 644 quade
344 545 442 618 omni
460 544 679 620 ecclesiates
696 544 1030 621 habeatiudieandi.
1045 545 1409 645 Sednequenobisde

189 660 259 734 1130
276 683 386 736 causa
400 661 615 735 sententiam
631 659 788 758 proferre
801 659 988 734 commisit.
1003 662 1223 758 Quapropter
1237 661 1329 758 quod
1341 659 1408 735 hoo

189 773 235 848 ab
247 797 290 848 03
307 768 513 848 faciendum
531 797 595 848 nos
612 772 785 871 cepimus,
802 771 1017 868 cognitionis
1031 773 1108 847 eius
1122 773 1264 862 iudicio,
1277 799 1356 872 quae
1369 773 1411 846 li·

188 887 334 962 brorum
349 887 619 985 multiplicitate
633 888 677 962 31
690 885 931 964 defensionem
945 885 1003 960 sui
1017 885 1131 961 multa
1144 888 1300 985 proferre
1312 886 1410 962 valet

191 1025 235 1075 ex
250 1000 395 1096 integro
413 1024 684 1090 reservamus‚a
701 1023 772 1097 qua
789 999 905 1074 amnis
921 1007 1041 1074 vestra
1055 1001 1231 1076 sententia
1245 1000 1377 1075 tantaf
1396 1043 1410 1056 -

190 1112 328 1188 cilitate
353 1122 542 1210 respuetur
560 1121 695 1211 quanta
720 1112 868 1188 levitate
886 1113 1073 1211 profertur.
1090 1114 1229 1190 Vicarii
1255 1115 1410 1188 Patriar-

191 1226 342 1301 charum
360 1227 539 1302 dixerunt.
562 1227 658 1302 Satis
675 1227 842 1302 indecens
860 1235 914 1300 est
939 1235 981 1300 ut
998 1227 1098 1302 vobis
1124 1227 1186 1325 qui
1211 1229 1408 1303 Grcccrum

192 1341 385 1439 imperium
394 1341 635 1418 detrectantes
644 1345 864 1416 Francorum
876 1339 1054 1416 federibus
1064 1341 1236 1417 inheretis
1245 1341 1283 1414 in
1297 1365 1409 1436 regno

190 1455 304 1528 nostri
322 1454 501 1552 Principis
517 1455 703 1530 ordinandi
721 1455 800 1528 iura
821 1465 1021 1530 serventur.
1035 1459 1258 1554 Quapropter
1270 1455 1410 1552 Vulga-

190 1568 284 1642 rium
299 1568 415 1666 patria
428 1593 619 1664 grecorum
637 1595 681 1644 ex
695 1577 866 1666 potestate
880 1569 1015 1643 dudum
1028 1569 1151 1659 fuisse,
1168 1579 1410 1666 0101000003-

192 1682 356 1757 cerdotes
372 1681 541 1758 habuisse
559 1681 995 1781 0011110111110100100130
1010 1681 1409 1781 Constantinopolitanae

191 1819 213 1866 a
231 1819 303 1893 qna
320 1819 382 1893 per
399 1795 645 1892 paginismum
677 1805 882 1885 recesserat,
898 1821 966 1872 nec
984 1820 1045 1893 per
1071 1797 1408 1872 christianissimum
1484 1789 1487 1801 ’

191 1910 334 1983 10011111
352 1909 564 1986 iudicamus.
582 1911 708 2006 Legati
726 1913 896 1984 Romanae
914 1909 1083 1986 Ecclesiae
1100 1911 1298 1986 clamantes
1314 1910 1409 1984 dixe·

190 2033 285 2096 runt.
304 2025 492 2098 Sententia
508 2049 615 2122 quam
634 2049 732 2098 nunc
749 2022 859 2098 010011
871 2047 987 2120 neque
1003 2022 1149 2097 admissi
1163 2023 1223 2098 vel
1236 2023 1408 2121 quicquid

188 2135 278 2210 illud
297 2137 457 2234 estquod
470 2137 571 2212 modo
584 2138 661 2212 sive
675 2137 802 2211 111010
816 2129 880 2211 seu
894 2135 1013 2230 gratia
1027 2135 1277 2234 precipitastis
1291 2137 1407 2233 potius

187 2275 295 2348 quam
311 2251 510 2348 protulistis
523 2253 736 2328 auctoritate
754 2249 871 2325 sancti
886 2248 1043 2347 Spiritus
1057 2273 1170 2347 usque
1183 2250 1228 2324 ad
1241 2249 1408 2324 difinitio-

190 2360 1407 2462 111111100111111111001110100111110111111111

189 2475 368 2552 1010101
386 2500 512 2552 nemen
530 2477 717 2554 sententie
741 2475 1076 2551 13101010103111.
1102 2477 1221 2572 Teque
1241 2498 1407 2549 reveren·

189 2591 329 2665 tissime
354 2591 565 2667 Patriarcha
589 2591 711 2688 Ignati
728 2588 942 2666 auctoritate
968 2597 1174 2664 sanctorum
1197 2587 1407 2685 Principum

188 2702 437 2800 Apostolorum
454 2728 572 2780 coram
587 2707 660 2779 Deo
677 2705 823 2801 suisque
836 2703 976 2799 angelis
1002 2701 1236 2801 omnibusque
1257 2709 1407 2800 presen-

186 2817 283 2894 tibus
293 2828 537 2894 contestamur
545 2829 587 2894 ut
601 2819 798 2894 secundum
811 2817 906 2892 hanc
919 2817 1103 2914 epistolam
1120 2817 1338 2892 restitutoris
1351 2818 1405 2892 tui

188 2934 321 3008 Domni
335 2933 484 3007 Adriani
498 2933 639 3008 Summi
649 2931 833 3006 Pontificis
850 2955 957 3028 quarn
972 2931 1036 3006 tibi
1050 2957 1133 3008 0000
1145 2931 1338 3018 offerimus,
1351 2931 1405 3006 in·

187 3045 327 3121 dustria
345 3056 408 3120 113
424 3047 469 3121 ab
486 3046 582 3121 omni
600 3045 788 3140 Vulgariae
808 3044 1029 3120 ordinatione
1047 3047 1246 3120 immunem
1263 3046 1404 3121 nullum

187 3169 331 3234 tuorum
348 3160 439 3236 illuc
457 3161 667 3236 mittendum
682 3157 861 3234 custodias
875 3182 919 3232 ne
938 3159 1184 3235 03101080100
1202 3158 1405 3256 Apostolica

187 3295 266 3368 quae
283 3272 350 3347 tibi
367 3283 431 3347 tua
449 3273 609 3348 restituit
626 3297 687 3370 per
705 3281 818 3345 10013
836 3273 980 3368 perdere
997 3272 1173 3346 videatur.
1191 3271 1405 3370 Quinpotius

186 3385 217 3458 si
231 3411 338 3484 quam
353 3410 424 3460 non
438 3387 617 3462 credimus
631 3386 769 3459 11111311
783 3393 819 3459 10
832 3383 961 3460 habere
975 3385 1245 3483 quaerimoniam
1258 3387 1405 3459 estimas

185 3509 319 3576 sauctoe
336 3503 504 3575 Romanae
526 3499 696 3576 Ecclesiae
717 3495 930 3572 restitutrici
947 3506 1019 3571 tuae
1037 3497 1256 3572 sollemniter
1272 3519 1406 3594 sugge-

186 3635 264 3688 rere
277 3637 348 3688 101
363 3615 501 3688 amitas.
510 3617 612 3688 Tunc
625 3608 836 3687 Patriarcha
850 3610 1017 3706 Ignatius
1027 3609 1267 3709 Apostolicam
1280 3611 1405 3708 episto

184 3722 257 3797 lam
274 3725 487 3824 suscipiens,
504 3725 591 3801 licet
607 3746 822 3821 magnopere
840 3723 1008 3818 monitus,
1024 3748 1103 3798 eam
1120 3722 1241 3820 legere
1257 3721 1404 3799 studuit.

185 3839 231 3911 Et
243 3839 434 3944 respoudit.
445 3838 548 3914 Absit
560 3864 582 3912 a
596 3863 654 3914 me
666 3847 709 3912 ut
721 3859 788 3932 ego
800 3835 857 3910 his
869 3837 1204 3935 praesumptionibus
1213 3845 1336 3913 contra
1348 3836 1406 3912 de·

184 3973 302 4027 eorem
321 3952 422 4028 Sedis
440 3951 651 4049 Apostolica
674 3949 840 4046 implicer
865 3950 1011 4046 quince
1029 3949 1079 4024 ita
1104 3949 1314 4026 iuveniliter
1334 3972 1404 4046 ago

185 4073 225 4137 ut
238 4063 330 4138 mihi
347 4065 482 4162 surripi
499 4064 628 4154 valeat,
640 4088 708 4140 nec
725 4063 776 4137 ita
790 4061 951 4138 seniliter
967 4063 1094 4154 delere,
1107 4073 1149 4139 ut
1165 4063 1257 4162 quod
1273 4064 1311 4136 in
1324 4063 1406 4138 aliis

184 4177 439 4274 reprehendere
465 4177 571 4254 debeo
588 4178 663 4275 ipse
689 4175 923 4252 committam.
941 4178 1016 4251 Hoc
1044 4177 1113 4252 fine
1130 4175 1317 4252 collocutio
1341 4173 1405 4247 illa

183 4289 285 4364 finita
302 4299 366 4365 est.
383 4291 431 4364 Et
455 4291 558 4364 infra.
576 4294 735 4387 Legatus
760 4285 975 4362 Michabelis
993 4287 1186 4384 Vulgarici
1204 4287 1303 4384 regis
1320 4313 1405 4363 cum

182 4401 282 4478 donis
299 4403 483 4500 regalibus
500 4404 620 4500 regias
637 4403 776 4478 litteras
789 4401 918 4478 obtulit
934 4429 1116 4477 summum
1133 4402 1340 4478 Pontificem
1359 4407 1406 4476 A·

183 4515 347 4591 drianum
369 4516 599 4614 deprecantes
624 4525 665 4590 ut
690 4516 846 4614 aliquem
871 4540 916 4591 ex
941 4515 1194 4592 cardinalibus
1218 4516 1406 4591 dumtaxat
