3638 5294
762 406 957 468 -499-

248 523 493 622 supplicamus
506 547 729 622 quocumque
742 525 962 621 interceptus
970 523 1181 600 obstaculoa
1195 549 1342 600 munere
1356 525 1472 601 indul·

247 639 381 734 gantiae
394 638 569 734 presentis
582 635 764 726 exciderit,
777 646 813 711 et
826 637 1035 734 priusquam
1049 637 1093 712 ad
1107 638 1301 712 constituta
1315 639 1470 713 remedia

247 751 431 848 perveniat
448 751 677 850 temporalem
696 751 808 824 vitam
827 750 986 824 humana
999 750 1205 826 condicione
1220 751 1365 842 finierit,
1377 751 1470 849 quod

249 891 397 941 manens
415 865 453 940 in
472 889 616 963 corpore
633 889 705 939 non
723 864 867 962 recepit,
880 864 1049 960 consequi
1063 875 1192 939 exutus
1205 890 1313 940 earne
1331 887 1401 939 non
1415 887 1472 963 po-

251 980 346 1055 terit.
355 981 509 1055 Necesse
522 990 577 1055 est
590 1003 676 1076 ergo
685 1004 748 1055 nos
757 985 879 1054 corum
889 976 950 1075 qui
959 976 1152 1052 obiecerint
1161 977 1288 1053 merita
1297 987 1470 1076 actusque

246 1092 435 1179 discutere,
461 1117 544 1166 eum
561 1093 735 1166 Dominus
757 1101 875 1166 noster
892 1090 998 1165 cuius
1023 1091 1157 1166 iudicia
1174 1101 1359 1190 nequeunt
1375 1115 1469 1166 com-

247 1205 427 1301 prehendi,
445 1205 536 1302 quod
553 1205 775 1280 sacerdotum
793 1204 942 1304 implere
960 1228 1029 1278 non
1047 1215 1143 1295 sunt,
1161 1207 1239 1280 suae'
1251 1205 1399 1280 iustitie
1418 1229 1470 1280 re·

247 1328 416 1394 servaret.
430 1321 485 1392 Ita
498 1328 707 1417 potestatem
722 1344 825 1392 suam
839 1317 959 1393 timeri
972 1317 1110 1404 nolens,
1123 1328 1164 1393 ut
1176 1320 1236 1394 hic
1249 1343 1346 1395 error
1358 1319 1472 1395 omni-

248 1431 316 1505 bns
333 1431 454 1528 prosit,
472 1443 508 1506 et
521 1431 613 1530 quod
627 1431 837 1528 quibusdam
856 1432 985 1529 tepidis
1002 1442 1066 1506 aut
1083 1433 1361 1530 neglegentibus
1378 1434 1471 1508 acci-

248 1543 311 1628 dir,
328 1567 430 1618 nemo
447 1567 517 1618 non
535 1553 682 1618 metuat.
699 1543 857 1618 Multum
876 1545 972 1618 enim
986 1545 1075 1620 utile
1088 1571 1131 1622 ao
1144 1547 1385 1622 necessarium
1404 1556 1469 1634 est,

248 1664 290 1729 ut
302 1669 529 1753 peccatorum
544 1666 664 1744 reatus
677 1665 760 1731 ante
776 1656 943 1731 ultimum
961 1659 1055 1734 diem
1069 1660 1279 1735 sacerdotali
1294 1659 1471 1758 supplica·

245 1768 340 1842 tione
353 1769 524 1842 solvatur.
533 1770 630 1844 Idem
645 1770 682 1842 in
696 1770 828 1844 eadem.
838 1770 905 1843 His
917 1781 1037 1846 autem
1052 1774 1113 1871 qui
1127 1773 1164 1847 in
1178 1783 1335 1872 tempore
1348 1797 1470 1848 neees-

245 1881 362 1955 sitatis
374 1891 410 1956 et
423 1881 574 1979 periculi
587 1892 768 1978 urguente
785 1883 969 1973 instantia,
983 1886 1187 1982 praesidium
1202 1887 1418 1984 paenitentiae
1432 1896 1469 1961 et

246 2017 327 2068 mox
340 1995 536 2070 remedium
553 1995 849 2070 reconciliationis
864 1998 1142 2094 implorant‚nee
1154 2001 1468 2076 satisfactiointer-

245 2109 394 2184 dicenda
408 2121 472 2198 est,
490 2134 555 2184 nec
573 2109 815 2185 reconciliatio
834 2111 1010 2206 neganda.
1024 2112 1116 2199 Quia
1135 2113 1385 2189 misericordia
1402 2116 1468 2188 Do·

246 2222 335 2294 mini
350 2247 415 2297 nec
426 2247 809 2321 mensuraspossumus
818 2246 946 2321 ponere
956 2249 1023 2300 nec
1032 2235 1189 2322 tempora
1198 2227 1363 2315 diffinire,
1371 2226 1466 2324 apud

242 2360 348 2432 quem
358 2335 478 2409 nullas
488 2335 622 2433 patitur
636 2337 760 2410 venire
770 2359 887 2410 moras
900 2339 1073 2412 conversi.
1082 2338 1232 2414 Dicente
1242 2339 1392 2413 Domino
1401 2363 1465 2435 per

243 2447 460 2545 prophetam.
474 2449 567 2523 Cum
581 2471 775 2523 conversus
789 2447 900 2524 fueris
913 2449 1136 2545 ingemueris
1149 2462 1237 2526 tunc
1251 2452 1373 2526 salvus
1386 2453 1468 2527 eris.

243 2564 289 2634 Et
310 2560 405 2634 alibi.
427 2561 493 2635 Dic
510 2561 720 2658 iniquitates
737 2571 820 2635 tuas
845 2561 940 2658 prior
959 2572 999 2636 ut
1016 2563 1231 2640 iustificeris.
1250 2566 1348 2638 Item.
1375 2564 1467 2651 Quia

244 2673 538 2771 apudDominum
550 2675 791 2750 misericordia
804 2675 987 2772 etcopiose
998 2677 1466 2774 redemptiolndispensan·

241 2785 296 2859 dis
313 2786 432 2883 itaque
457 2788 558 2862 donis
575 2789 638 2862 Dei
657 2811 726 2862 non
744 2788 914 2863 debemus
930 2814 1007 2864 esse
1023 2791 1197 2879 difficiles,
1215 2815 1282 2866 nee
1304 2815 1341 2864 se
1359 2816 1466 2866 accu-

245 2899 403 2973 santium
422 2901 582 2996 gemitus
603 2900 841 2999 lacrimasque
863 2901 1058 2997 negligere.
1076 2903 1167 2978 Cum
1186 2903 1262 3000 ipse
1283 2902 1466 3001 penitendi

242 3013 468 3088 afflictionem
496 3037 539 3088 ex
559 3014 623 3088 Dei
641 3015 827 3090 credamus
840 3015 1071 3112 inspiratione
1085 3039 1302 3091 concessam.
1317 3016 1465 3091 Dicente

241 3125 405 3222 apostolo.
415 3129 469 3199 Ne
482 3126 572 3200 forte
585 3126 644 3200 det
657 3127 730 3200 illis
740 3129 835 3202 Deus
849 3127 1007 3224 penitere
1021 3137 1062 3203 ut
1076 3129 1322 3228 resipiscente
1334 3129 1465 3204 diaboli

245 3239 393 3334 laquaeis
410 3238 574 3334 aquibus
590 3239 686 3335 eapti
703 3249 872 3314 tenentur
889 3240 934 3314 ad
947 3239 1061 3337 ipsius
1073 3241 1305 3317 voluntatem.
1318 3245 1408 3316 item
1427 3242 1465 3314 in

241 3349 373 3425 eadem.
399 3351 544 3446 Oportet
560 3373 647 3445 ergo
663 3375 956 3449 unumquemque
977 3353 1215 3428 christianum
1234 3353 1463 3428 eonscientiae

241 3489 315 3536 suae
332 3463 463 3538 habere
480 3463 667 3550 iudicium,
693 3488 737 3537 ne
763 3463 806 3539 de
830 3464 886 3538 die
911 3465 949 3536 in
971 3465 1064 3540 diem
1082 3465 1222 3540 differat
1239 3467 1399 3542 converti
1417 3467 1463 3540 ad

241 3577 446 3664 Dominum,
463 3600 529 3652 nec
547 3575 802 3650 satisfactionis
819 3577 887 3650 sibi
904 3587 1046 3674 tempus
1059 3579 1097 3652 in
1110 3579 1196 3653 vitre
1209 3604 1284 3653 suae
1301 3579 1371 3652 fine
1383 3601 1465 3654 eon·

227 3689 378 3777 ‘stituat
396 3713 501 3786 quem
520 3689 717 3787 periculose
734 3689 940 3784 ignorantia
957 3689 1116 3764 humana
1137 3691 1330 3778 concludit,
1348 3700 1399 3765 ut·
1418 3691 1463 3766 ad

239 3823 433 3898 paucorum
451 3801 620 3875 horarum
638 3801 794 3898 spatium
807 3827 845 3876 se
859 3813 1016 3878 reservet
1028 3805 1217 3880 incertum.
1231 3807 1277 3878 Et
1290 3830 1373 3880 cum
1388 3815 1463 3903 pos·

239 3913 288 3988 sit
304 3913 452 4012 pleniori
471 3913 713 3988 satisfactione
729 3913 993 4010 indulgentiam
1011 3917 1203 4013 promereri
1217 3916 1317 3991 illius
1330 3927 1463 4015 tempo-

240 4028 290 4100 ris
307 4027 496 4124 angustias
513 4026 637 4122 eligat,
655 4027 692 4100 in
711 4051 779 4124 quo
797 4028 860 4102 vix
871 4028 1033 4102 inveniat
1046 4029 1202 4125 spatium
1216 4028 1273 4104 vel
1287 4030 1464 4106 confessio

240 4139 453 4235 paenitentis,
466 4137 523 4213 vel
537 4137 777 4214 reconciliatio
790 4140 992 4215 sacerdotis.
1004 4143 1093 4215 Item
1108 4139 1147 4214 in
1162 4141 1295 4216 eadem.
1309 4145 1363 4216 lta
1376 4167 1463 4238 ergo

241 4252 369 4326 talium
387 4251 590 4328 necessitati
604 4251 855 4327 auxiliandum
869 4260 933 4339 est,
951 4262 992 4326 ut
1008 4276 1075 4326 neo
1095 4252 1190 4328 actio
1202 4252 1278 4326 illis
1294 4253 1464 4351 paeniteu-

239 4365 310 4451 tiae,
326 4389 392 4440 nec
410 4365 670 4440 communionis
687 4365 806 4460 gratia
831 4365 1030 4458 denegetur
1054 4364 1085 4438 si
1110 4389 1188 4439 eam
1214 4365 1346 4439 amisso
1362 4366 1461 4440 vocis

241 4475 356 4551 officio
373 4501 435 4574 per
453 4476 584 4551 indicia
602 4476 736 4570 integri
761 4501 889 4551 sensus
906 4499 1053 4574 querere
1075 4477 1344 4576 conprobentur.
1361 4480 1461 4568 Quod
