3638 5294
721 413 854 478 *445
879 449 919 471 .-

211 542 311 632 peret
327 535 530 632 imperator,
546 557 770 632 nequaquam
789 559 810 607 a
828 533 967 609 caeteris
985 532 1161 608 ministris
1177 534 1315 610 deserta
1335 534 1436 632 plebe

211 647 387 724 catholica
404 673 483 746 quaa
508 649 546 722 in
566 649 780 723 Alexandria
805 647 1059 722 commonebat.
1077 649 1168 722 Cum
1196 657 1318 721 autom
1336 648 1434 744 plebs

211 771 344 852 manet,
362 772 397 838 at
416 762 571 836 ministri
594 763 754 858 fugiunt,
770 760 1082 859 ministeriumque
1096 760 1332 850 subtrahitur,
1349 762 1436 858 quid

212 873 310 948 enim
324 874 394 948 nisi
410 876 735 950 mercennariorum
745 875 809 948 illa
823 873 912 969 fuga
925 873 1139 948 damnabilis
1152 874 1282 972 quibus
1296 897 1365 948 non
1376 884 1436 953 ‚est

213 987 362 1063 curado
387 985 538 1062 ovibus?
555 989 689 1064 Veniat
713 999 833 1063 autem
860 987 966 1088 lupus
980 1013 1050 1062 non
1067 988 1170 1063 homo
1188 990 1248 1064 sed
1265 989 1437 1078 diabolus,

212 1099 272 1196 qui
292 1099 502 1198 pierumque
520 1101 606 1176 fides
623 1111 800 1199 apostatas
817 1127 894 1178 esse
912 1104 1099 1200 persuasit,
1117 1103 1246 1201 quibus
1264 1103 1433 1178 cotidiani

212 1211 410 1288 ministerio
427 1213 569 1287 Domini
592 1215 756 1312 Corporis
780 1217 952 1315 pabulum
978 1217 1101 1306 defuit,
1118 1227 1155 1292 et
1179 1217 1314 1317 peribat
1339 1218 1437 1290 infir·

214 1351 295 1400 mus
311 1326 349 1399 iu
365 1335 429 1400 tua
446 1351 518 1401 non
535 1327 686 1402 scientia
709 1329 768 1403 sed
794 1329 1010 1426 ignorantia,
1027 1331 1139 1406 frater
1151 1321 1303 1429 'propter
1328 1356 1435 1429 quem

212 1438 380 1514 Christus
397 1451 560 1515 mortuus
576 1445 655 1516 est?
671 1445 718 1516 Et
734 1443 838 1518 infra.
856 1445 977 1541 Magis
994 1445 1185 1520 timeamus
1198 1470 1244 1520 ne
1257 1471 1365 1522 sensu
1383 1446 1437 1519 in·

211 1552 341 1628 teriora
359 1564 525 1652 corrupto
542 1565 663 1653 pereat
680 1556 827 1630 castitas
845 1558 937 1646 fidei,
954 1582 1059 1656 quam
1080 1583 1124 1633 ne
1142 1559 1284 1633 fominae
1301 1559 1435 1634 violan-

213 1676 268 1740 ter
286 1678 585 1766 construprcutur
601 1669 639 1742 in
662 1675 797 1746 carne?
815 1671 907 1758 Quia
925 1671 1094 1746 violentia
1111 1694 1182 1744 nou
1200 1671 1356 1748 violatur
1373 1696 1437 1769 pu·

210 1779 344 1866 dicitia,
369 1781 400 1854 si
426 1797 545 1857 mente
574 1792 748 1858 servatur.
774 1783 948 1870 Quoniam
975 1809 1042 1859 nec
1067 1784 1106 1857 in
1132 1809 1240 1858 carne
1265 1783 1433 1873 violatur,

210 1893 350 1989 quaudo
365 1893 534 1970 voluutas
550 1895 720 1994 patientis
737 1921 802 1969 sua
819 1897 973 1994 turpiter
990 1922 1097 1999 carue
1115 1897 1287 1985 nutritur,
1304 1899 1365 1973 sed
1391 1898 1437 1972 si-

210 2031 257 2080 ne
273 2029 450 2082 consensu
475 2008 604 2084 tolerat
628 2009 720 2106 quod
745 2009 846 2084 alius
863 2020 1038 2108 operatur.
1056 2014 1137 2086 Non
1165 2012 1248 2109 quia
1275 2013 1344 2086 ista
1362 2035 1434 2086 non

212 2118 286 2193 sint
303 2121 451 2194 vitanda
469 2145 552 2196 cum
567 2122 712 2218 possint,
722 2122 783 2198 sed
796 2123 880 2221 quia
897 2123 1016 2220 potius
1033 2124 1176 2200 ferenda
1191 2125 1436 2222 sunt,quando

213 2233 323 2308 vitari
341 2233 419 2310 sine
436 2235 619 2334 impietate
636 2259 706 2310 non
724 2246 884 2334 possunt.
901 2241 948 2311 Et
967 2237 1123 2312 infra.Si
1139 2247 1259 2313 autem
1279 2237 1436 2312 ministri

212 2345 327 2420 assint
340 2371 402 2445 pro
414 2347 554 2422 viribus
567 2373 656 2446 quas
668 2348 719 2423 eis
731 2351 904 2424 Dominus
917 2350 1168 2426 subministrat
1181 2350 1345 2426 omnibus
1355 2351 1437 2426 sub·

213 2459 369 2536 venitur.
387 2460 461 2534 Alii
487 2461 725 2559 baptizantur,
750 2461 812 2535 alii
839 2462 1129 2546 reconciliantur,
1145 2462 1238 2536 nulli
1257 2462 1434 2538 Dominici

212 2572 377 2671 Corporis
390 2575 638 2668 communione
652 2575 876 2664 fraudantur,
885 2598 1007 2650 omnes
1021 2574 1260 2666 consolantur,
1270 2575 1437 2678 adifican-

211 2694 282 2776 tur,
299 2697 518 2777 exortantur,
531 2697 573 2762 ut
589 2689 703 2762 Deum
722 2699 850 2784 rogent
867 2689 929 2786 qui
947 2699 1070 2786 potens
1087 2699 1142 2764 est
1158 2688 1276 2762 omnia
1295 2713 1374 2786 quaa
1391 2689 1435 2763 ti-

212 2809 357 2874 mentur
381 2811 554 2876 avertere.
572 2801 693 2875 Parati
710 2801 755 2875 ad
772 2811 978 2898 utrumque,
997 2809 1036 2874 ut
1053 2799 1082 2874 si
1101 2825 1171 2875 neu
1189 2809 1304 2898 potest
1320 2800 1363 2874 ab
1381 2799 1433 2876 eis

212 2912 308 2987 calix
324 2913 392 2989 iste
408 2915 573 3004 transire,
587 2916 650 2988 fiat
667 2914 834 2989 voluutas
850 2913 939 2998 eius,
956 2913 1017 3011 qui
1035 2913 1120 2986 mali
1137 2913 1274 3010 aliquid
1291 2936 1361 2987 non
1379 2936 1437 3010 po-

210 3026 461 3102 mavellem
478 3027 583 3101 infra.
601 3029 762 3125 Denique
779 3035 927 3102 sanatus
945 3025 1060 3099 David
1077 3050 1122 3100 ne
1139 3049 1177 3100 se
1194 3025 1437 3100 committeret

211 3139 382 3238 periculis
403 3139 617 3238 praeliorum,
634 3149 671 3214 et
692 3138 853 3214 fortassis
878 3137 1152 3233 extingueretur
1176 3138 1273 3212 sicut
1297 3138 1357 3212 ubi
1384 3138 1436 3212 di-

211 3263 311 3326 etum
335 3263 390 3328 ast
414 3252 562 3328 lucerna
579 3253 739 3341 Israel,a
764 3253 839 3328 suis
863 3249 930 3325 hoe
955 3250 1158 3348 petentibus
1183 3251 1338 3347 sumpsit
1364 3273 1434 3324 non

211 3363 286 3461 ipse
303 3363 369 3439 hoe
387 3364 622 3462 praesumpsit.
643 3364 956 3466 Alioquinmultos
973 3364 1171 3438 imitatores
1188 3363 1315 3440 fecisse
1333 3363 1436 3459 igna-

210 3475 291 3564 viae,
304 3477 365 3573 qui
383 3501 465 3550 eum
485 3477 671 3551 crederent
686 3476 752 3550 hoc
770 3477 897 3552 fecisse
912 3501 981 3552 non
1006 3477 1287 3552 consideratione
1299 3476 1437 3550 utilita-

181 3623 185 3632 ·
212 3589 260 3664 tis
277 3587 441 3678 aliorum,
457 3589 518 3664 sed
543 3615 618 3662 suan
634 3587 898 3685 perturbatione
924 3589 1136 3664 formidinis.
1154 3593 1202 3674 Et
1225 3590 1330 3687 paulo
1348 3601 1436 3687 post.

213 3701 312 3788 Quod
330 3701 360 3774 si
386 3711 533 3776 eotenus
550 3701 666 3776 seriat
690 3699 755 3773 illa
781 3702 968 3797 pernicies
985 3712 1027 3777 ut
1043 3702 1134 3778 solos
1155 3703 1336 3778 ministros
1360 3727 1437 3800 per

212 3824 392 3911 sequatur.
414 3813 507 3902 Quid
524 3813 709 3889 dicemus?
731 3819 789 3887 An
807 3815 1039 3913 relinquenda
1058 3831 1112 3890 est
1137 3841 1159 3888 a
1181 3815 1357 3892 ministris
1377 3817 1430 3890 fu·

211 3927 397 4022 gientibus
413 3925 585 4012 oecolesia,
602 3951 647 4002 ne
664 3951 685 3998 a
704 3927 937 4002 morientibus
956 3927 1209 4024 relinquatur?
1227 3928 1296 4002 Sed
1314 3927 1344 4002 si
1371 3927 1436 4000 lai·

212 4041 246 4115 oi
264 4063 332 4115 nou
356 4049 568 4139 quaeruntur
581 4039 624 4113 ad
638 4049 799 4130 mortem,
813 4048 962 4137 possunt
977 4039 1159 4115 occultare
1177 4063 1316 4138 quoquo
1333 4039 1434 4114 modo

208 4155 391 4253 episcopos
407 4165 443 4230 et
459 4154 608 4254 clericos
624 4177 719 4243 auos,
737 4154 832 4229 siout
856 4152 919 4228 ille
943 4151 1125 4227 adiuverit
1149 4152 1186 4225 in
1213 4153 1317 4226 ouius
1343 4162 1438 4250 pote·

211 4279 302 4342 state
318 4277 405 4342 sunt
420 4267 550 4356 omnia,
567 4267 628 4364 qui
646 4275 760 4362 potest
784 4275 821 4341 et
844 4288 914 4339 uon
940 4265 1122 4361 fugientes
1148 4289 1209 4361 per
1235 4263 1436 4339 mirabilem

210 4403 422 4456 conservare
439 4379 641 4477 potentiam.
659 4381 707 4454 Et
724 4378 829 4452 infra.
846 4381 1070 4476 Quamquam
1089 4377 1120 4450 si
1139 4377 1233 4452 iuter
1246 4378 1312 4452 Dei
1331 4376 1437 4450 mini-

212 4505 305 4582 stros
328 4492 411 4568 inde
434 4493 483 4567 sit
506 4491 726 4589 disceptatio,
745 4491 830 4589 quia
848 4514 969 4566 eorum
989 4498 1171 4579 moueant,
1188 4489 1347 4586 nefuga
1374 4491 1437 4564 fiat
