3654 5302
728 427 765 438 -
791 395 856 458 423
882 429 951 458 ·-.

772 547 878 632 ovrr.
962 510 965 517 ’

414 725 495 776 Item
513 735 556 776 ex
575 725 604 776 11
623 721 705 776 rubro
724 721 847 786 regestu
865 723 1012 776 eiusdem
1031 737 1103 791 cap.
1124 726 1235 776 XLIII.

313 858 509 954 Gregorius
526 857 732 956 Episcopus,
749 857 898 932 Rodulfo
922 860 1016 934 Duci
1042 858 1183 936 Sveinae
1209 869 1245 934 et
1269 848 1432 933 Bertullo

216 971 308 1047 Duci
322 971 525 1047 carentano
541 971 637 1046 inter
650 979 778 1046 cetera.
788 971 880 1046 Cum
899 971 1019 1080 igitur
1027 973 1217 1072 Episcopos
1232 959 1432 1075 Apostolica

215 1083 324 1158 immo
342 1083 498 1182 Spiritus
515 1083 631 1160 sancti
649 1081 817 1157 mandata
834 1094 1053 1181 spernentes,
1070 1095 1106 1160 et
1122 1084 1258 1158 scelera
1275 1083 1432 1157 subdito-

217 1223 296 1271 rum
314 1196 506 1272 criminosa
523 1197 686 1272 faventes
706 1189 889 1294 patientia,
905 1207 942 1272 et
966 1197 1087 1270 divina
1107 1196 1266 1272 misteria
1282 1183 1432 1292 indigne

214 1308 363 1385 tractari
380 1307 630 1406 conspicimus,
646 1308 765 1405 aliquo
791 1308 947 1407 quolibet
964 1311 1063 1384 modo
1079 1333 1143 1384 nos
1156 1298 1284 1385 ‘contras
1301 1309 1364 1383 hos
1381 1309 1434 1382 vi-

175 1465 181 1478 ·
214 1421 331 1518 gilare
344 1421 522 1510 convenit,
531 1419 661 1519 quibus
674 1445 800 1497 curam
811 1421 989 1497 Dominiei
1003 1423 1129 1518 gregis
1143 1447 1215 1521 prae
1228 1410 1432 1497 cunctisin·

216 1534 363 1610 cumbit.
380 1534 495 1610 Multo
511 1534 608 1608 enim
625 1533 724 1608 nohis
743 1534 874 1609 melius
891 1535 1033 1610 ¹videtur
1050 1535 1226 1610 iustitiam
1245 1533 1309 1609 Dei
1327 1534 1430 1610 novis

214 1647 405 1723 hedificare
430 1646 599 1736 consiliio,
616 1671 724 1745 quam
749 1647 890 1721 animas
906 1647 1093 1722 hominum
1110 1647 1253 1744 legibus
1270 1647 1430 1744 deperire

213 1761 399 1858 neglectis.
412 1763 631 1858 Quapropter
647 1760 692 1834 ad
708 1783 783 1851 vos,
798 1771 835 1836 et
850 1762 895 1836 ad
911 1786 1033 1836 omnes
1049 1762 1093 1836 de
1109 1784 1260 1860 quorum
1277 1749 1432 1836 deuotio·

212 1899 257 1948 ne
284 1873 505 1963 confidimus,
522 1873 767 1949 convertimur
785 1875 986 1972 Apostolica
1007 1875 1221 1951 auctoritate
1237 1885 1431 1962 monentes,

212 1998 254 2060 ut
270 1986 439 2084 quiequid
457 1985 621 2084 Episcopi
639 1985 769 2062 dehinc
793 1995 947 2077 taceant,
964 1979 1024 2063 vel
1049 1987 1252 2084 loquentur,
1270 1983 1333 2059 vos
1358 1986 1431 2059 offi-

212 2099 310 2175 cium
329 2099 603 2174 simoniacorum
616 2099 702 2174 etin
716 2099 948 2177 fornicatione
966 2092 1161 2176 iacentium
1180 2099 1334 2175 scienter
1350 2090 1431 2172 nul·

212 2213 348 2289 lomodo
366 2212 557 2311 recipiatis,
570 2223 606 2288 et
623 2222 797 2311 quantum
817 2213 974 2311 potestis,
990 2213 1082 2289 tales
1098 2213 1232 2288 sanctis
1246 2202 1430 2310 mysteriis

212 2328 320 2403 etiam
351 2328 389 2401 vi
420 2327 450 2400 si
480 2327 674 2426 oportuerit
703 2327 927 2425 prohibeatis.
945 2327 983 2400 Si
1008 2327 1071 2424 qui
1100 2349 1184 2399 vero
1215 2333 1339 2400 contra
1367 2347 1430 2398 vos

212 2441 312 2538 quasi
335 2440 431 2516 istud
456 2463 526 2515 non
552 2440 600 2514 sit
624 2440 736 2515 vestri
760 2441 866 2516 officii
891 2439 1031 2536 garrire
1056 2439 1239 2536 incipient,
1256 2437 1363 2514 dicite
1388 2448 1430 2513 ut

135 2553 138 2558 ’
211 2564 367 2629 vestram
381 2545 418 2630 et
434 2553 553 2653 populi
571 2553 725 2628 sulutem
743 2577 812 2628 non
830 2553 1074 2647 impedientes,
1087 2552 1130 2626 de
1147 2542 1311 2626 iniuncta
1328 2551 1429 2626 vobis

211 2666 410 2743 obedientia
426 2668 471 2742 ad
487 2691 551 2743 nos
567 2667 753 2742 vobiscum
772 2665 987 2767 disputaturi
1005 2663 1229 2740 conveniant.

760 2871 884 2957 ovlll.

395 3031 579 3142 Hysidoruo
598 3077 630 3128 in
649 3077 694 3128 111
712 3076 795 3129 libro
815 3073 1054 3128 sententiarum·
1066 3084 1139 3138 cap.
1159 3073 1258 3125 LIIII.

306 3238 490 3336 Principes
507 3237 616 3312 huius
633 3237 758 3312 saculi
775 3259 1032 3335 nonnunquam
1045 3236 1140 3310 inter
1153 3234 1351 3310 aecolesiam
1369 3261 1428 3334 po·

213 3352 354 3428 testatis
371 3354 505 3452 adeptae
522 3351 683 3428 culmina
701 3358 835 3439 tenent,
853 3359 894 3424 ut
911 3374 972 3447 per
989 3348 1136 3423 eandem
1155 3356 1361 3444 potestatem
1379 3349 1430 3422 di·

211 3466 402 3565 sciplinam
420 3466 701 3543 ecclesiasticam
721 3463 897 3537 muniant.
915 3463 1081 3538 Ceterum
1101 3460 1138 3533 in
1157 3459 1356 3536 aecclesiam
1374 3485 1431 3559 po·

211 3588 359 3654 testatos
376 3580 584 3654 necessariae
601 3601 671 3651 non
693 3585 823 3665 essent,
840 3577 909 3650 nisi
936 3585 977 3649 ut
994 3575 1085 3673 quod
1103 3597 1171 3649 non
1189 3576 1360 3672 praevalet
1377 3602 1431 3650 sa·
1498 3563 1499 3568 ¹

211 3692 334 3767 cardos
351 3692 490 3767 efficere
508 3715 570 3791 per
595 3690 765 3765 doctrinae
789 3710 999 3776 sermonem,
1016 3695 1170 3784 potestas
1194 3685 1261 3762 hoc
1278 3687 1430 3786 imperet

212 3827 273 3902 per
290 3803 486 3901 disciplinae
511 3813 691 3878 terrorem.
709 3805 798 3900 Sepe
824 3825 885 3899 per
911 3823 1063 3896 regnum
1083 3811 1267 3874 terrenum
1284 3801 1430 3876 caeleste

212 3917 398 4017 proficitur
414 3941 581 4013 regnum,
595 3925 636 3990 ut
653 3915 715 4014 qui
733 3917 828 3989 intra
847 3913 1046 3989 aecclesiam
1064 3912 1168 4012 positi
1188 3923 1311 3988 contra
1325 3913 1429 3988 fidem

212 4039 248 4106 et
256 4029 481 4128 disciplinam
496 4029 666 4105 aeoclesiae
678 4027 767 4126 egit,
777 4027 897 4123 rigore
910 4024 1112 4124 principum
1122 4023 1429 4122 constringantur.

124 4232 128 4238 ¹
212 4146 399 4243 Ipsemque
423 4141 649 4240 disciplinam
675 4165 783 4240 quam
809 4139 979 4215 acclesiae
1003 4137 1144 4213 utilitas
1168 4161 1332 4214 exercere
1357 4159 1427 4213 non

212 4255 393 4354 praevalet,
406 4255 609 4332 cervicibus
622 4254 855 4352 superborum
867 4261 1022 4349 potestas
1036 4247 1245 4350 principalis
1258 4251 1428 4349 imponat,

212 4379 248 4444 et
260 4379 302 4443 ut
313 4369 580 4444 venerationem
599 4377 788 4456 mereatur,
805 4365 943 4441 virtute
960 4367 1145 4464 potestatis
1162 4366 1352 4464 impertiat.
1366 4367 1430 4442 Co·

211 4493 434 4580 gnoscantur
450 4482 631 4584 principes
655 4480 779 4558 saeculi
797 4482 869 4556 Deo
892 4480 1019 4557 debere
1040 4479 1270 4556 serationem
1288 4490 1428 4579 propter
