<?xml version="1.0" encoding="UTF-8"?>
<!DOCTYPE html PUBLIC "-//W3C//DTD XHTML 1.0 Transitional//EN"
    "http://www.w3.org/TR/xhtml1/DTD/xhtml1-transitional.dtd">
<html xmlns="http://www.w3.org/1999/xhtml" xml:lang="en" lang="en">
 <head>
  <title>
</title>
<meta http-equiv="Content-Type" content="text/html;charset=utf-8" />
  <meta name='ocr-system' content='tesseract 3.04.00' />
  <meta name='ocr-capabilities' content='ocr_page ocr_carea ocr_par ocr_line ocrx_word'/>
</head>
<body>
  <div class='ocr_page' id='page_1' title='image "./deusdeditpresby00martgoog_0036.png"; bbox 0 0 3642 5294; ppageno 0'>
   <div class='ocr_carea' id='block_1_1' title="bbox 752 401 928 466">
    <p class='ocr_par' dir='ltr' id='par_1_1' title="bbox 752 401 928 466">
     <span class='ocr_line' id='line_1_1' title="bbox 752 401 928 466; baseline -0.006 -13"><span class='ocrx_word' id='word_1_1' title='bbox 752 401 928 466; x_wconf 88' lang='lat'>-11-</span> 
     </span>
    </p>
   </div>
   <div class='ocr_carea' id='block_1_2' title="bbox 225 519 1449 734">
    <p class='ocr_par' dir='ltr' id='par_1_2' title="bbox 225 519 1449 734">
     <span class='ocr_line' id='line_1_2' title="bbox 225 519 1449 621; baseline 0.009 -27"><span class='ocrx_word' id='word_1_2' title='bbox 225 521 325 606; x_wconf 85' lang='lat' dir='ltr'><strong>Quod</strong></span> <span class='ocrx_word' id='word_1_3' title='bbox 342 519 444 595; x_wconf 89' lang='lat' dir='ltr'><strong>nulla</strong></span> <span class='ocrx_word' id='word_1_4' title='bbox 463 523 643 621; x_wconf 87' lang='lat' dir='ltr'><strong>scriptura</strong></span> <span class='ocrx_word' id='word_1_5' title='bbox 660 524 708 597; x_wconf 91' lang='lat' dir='ltr'><strong>sit</strong></span> <span class='ocrx_word' id='word_1_6' title='bbox 724 521 906 599; x_wconf 87' lang='lat' dir='ltr'><strong>autentica</strong></span> <span class='ocrx_word' id='word_1_7' title='bbox 931 523 1001 596; x_wconf 89' lang='lat' dir='ltr'><strong>nisi</strong></span> <span class='ocrx_word' id='word_1_8' title='bbox 1019 521 1120 597; x_wconf 92' lang='lat' dir='ltr'><strong>illius</strong></span> <span class='ocrx_word' id='word_1_9' title='bbox 1137 523 1270 600; x_wconf 89' lang='lat' dir='ltr'><strong>iudicio</strong></span> <span class='ocrx_word' id='word_1_10' title='bbox 1288 526 1336 601; x_wconf 90' lang='lat' dir='ltr'><strong>sit</strong></span> <span class='ocrx_word' id='word_1_11' title='bbox 1353 529 1449 604; x_wconf 91' lang='lat' dir='ltr'><strong>robo-</strong></span> 
     </span>
     <span class='ocr_line' id='line_1_3' title="bbox 297 635 1187 734; baseline 0.007 -28"><span class='ocrx_word' id='word_1_12' title='bbox 297 643 385 709; x_wconf 88' lang='lat' dir='ltr'><strong>rata.</strong></span> <span class='ocrx_word' id='word_1_13' title='bbox 403 635 489 734; x_wconf 84' lang='lat' dir='ltr'><strong>Cap.</strong></span> <span class='ocrx_word' id='word_1_14' title='bbox 508 640 553 710; x_wconf 91' lang='lat' dir='ltr'><strong>V.</strong></span> <span class='ocrx_word' id='word_1_15' title='bbox 566 639 765 712; x_wconf 88' lang='lat' dir='ltr'>LXXVIII.</span> <span class='ocrx_word' id='word_1_16' title='bbox 783 637 878 712; x_wconf 94' lang='lat' dir='ltr'>XCI.</span> <span class='ocrx_word' id='word_1_17' title='bbox 895 637 989 712; x_wconf 89' lang='lat' dir='ltr'>CVI.</span> <span class='ocrx_word' id='word_1_18' title='bbox 1003 637 1187 714; x_wconf 78' lang='lat' dir='ltr'>CCXXII.</span> 
     </span>
    </p>
   </div>
   <div class='ocr_carea' id='block_1_3' title="bbox 226 735 1447 961">
    <p class='ocr_par' dir='ltr' id='par_1_3' title="bbox 226 735 1447 961">
     <span class='ocr_line' id='line_1_4' title="bbox 226 735 1447 854; baseline 0.007 -34"><span class='ocrx_word' id='word_1_19' title='bbox 226 747 326 834; x_wconf 87' lang='lat' dir='ltr'><strong>Quod</strong></span> <span class='ocrx_word' id='word_1_20' title='bbox 336 750 495 822; x_wconf 85' lang='lat' dir='ltr'><strong>Romana</strong></span> <span class='ocrx_word' id='word_1_21' title='bbox 505 748 668 824; x_wconf 82' lang='lat' dir='ltr'><strong>Ecclesia</strong></span> <span class='ocrx_word' id='word_1_22' title='bbox 678 773 862 847; x_wconf 90' lang='lat' dir='ltr'><strong>nunquam</strong></span> <span class='ocrx_word' id='word_1_23' title='bbox 877 775 898 823; x_wconf 88' lang='lat' dir='ltr'><strong>a</strong></span> <span class='ocrx_word' id='word_1_24' title='bbox 912 775 998 826; x_wconf 88' lang='lat' dir='ltr'><strong>vera</strong></span> <span class='ocrx_word' id='word_1_25' title='bbox 1008 752 1074 826; x_wconf 85' lang='lat' dir='ltr'><strong>fide</strong></span> <span class='ocrx_word' id='word_1_26' title='bbox 1088 735 1447 854; x_wconf 69' lang='lat' dir='ltr'><strong>erraverareritlsic).</strong></span> 
     </span>
     <span class='ocr_line' id='line_1_5' title="bbox 297 864 710 961; baseline -0.005 -23"><span class='ocrx_word' id='word_1_27' title='bbox 297 864 383 961; x_wconf 91' lang='lat' dir='ltr'><strong>Cap.</strong></span> <span class='ocrx_word' id='word_1_28' title='bbox 400 867 529 938; x_wconf 83' lang='lat' dir='ltr'>LXVI.</span> <span class='ocrx_word' id='word_1_29' title='bbox 546 866 710 938; x_wconf 93' lang='lat' dir='ltr'>LXXIII.</span> 
     </span>
    </p>
   </div>
   <div class='ocr_carea' id='block_1_4' title="bbox 224 977 1447 1309">
    <p class='ocr_par' dir='ltr' id='par_1_4' title="bbox 224 977 1447 1309">
     <span class='ocr_line' id='line_1_6' title="bbox 228 977 1089 1079; baseline -0.002 -27"><span class='ocrx_word' id='word_1_30' title='bbox 228 977 279 1052; x_wconf 88' lang='lat' dir='ltr'><strong>De</strong></span> <span class='ocrx_word' id='word_1_31' title='bbox 296 977 458 1054; x_wconf 86' lang='lat' dir='ltr'><strong>doctrina</strong></span> <span class='ocrx_word' id='word_1_32' title='bbox 471 977 640 1053; x_wconf 85' lang='lat' dir='ltr'><strong>ciusdem.</strong></span> <span class='ocrx_word' id='word_1_33' title='bbox 654 979 822 1079; x_wconf 88' lang='lat' dir='ltr'><strong>Capitula</strong></span> <span class='ocrx_word' id='word_1_34' title='bbox 837 980 1089 1058; x_wconf 89' lang='lat' dir='ltr'>CCXXXVII.</span> 
     </span>
     <span class='ocr_line' id='line_1_7' title="bbox 224 1091 1446 1190; baseline 0.001 -25"><span class='ocrx_word' id='word_1_35' title='bbox 224 1091 325 1178; x_wconf 90' lang='lat' dir='ltr'><strong>Quod</strong></span> <span class='ocrx_word' id='word_1_36' title='bbox 345 1094 520 1166; x_wconf 86' lang='lat' dir='ltr'><strong>Damasus</strong></span> <span class='ocrx_word' id='word_1_37' title='bbox 537 1104 574 1168; x_wconf 90' lang='lat' dir='ltr'><strong>et</strong></span> <span class='ocrx_word' id='word_1_38' title='bbox 591 1094 744 1170; x_wconf 77' lang='lat' dir='ltr'><strong>Siris-ius</strong></span> <span class='ocrx_word' id='word_1_39' title='bbox 761 1097 921 1174; x_wconf 78' lang='lat' dir='ltr'><strong>scribant</strong></span> <span class='ocrx_word' id='word_1_40' title='bbox 937 1094 980 1168; x_wconf 85' lang='lat' dir='ltr'><strong>de</strong></span> <span class='ocrx_word' id='word_1_41' title='bbox 998 1091 1137 1167; x_wconf 91' lang='lat' dir='ltr'><strong>Liberio</strong></span> <span class='ocrx_word' id='word_1_42' title='bbox 1156 1116 1262 1190; x_wconf 90' lang='lat' dir='ltr'><strong>quem</strong></span> <span class='ocrx_word' id='word_1_43' title='bbox 1285 1092 1446 1167; x_wconf 88' lang='lat' dir='ltr'><strong>Hieroni·</strong></span> 
     </span>
     <span class='ocr_line' id='line_1_8' title="bbox 254 1205 1447 1309; baseline 0.001 -29"><span class='ocrx_word' id='word_1_44' title='bbox 254 1259 259 1264; x_wconf 95' lang='grc'>-</span> <span class='ocrx_word' id='word_1_45' title='bbox 297 1233 377 1281; x_wconf 91' lang='lat' dir='ltr'><strong>mus</strong></span> <span class='ocrx_word' id='word_1_46' title='bbox 394 1206 520 1282; x_wconf 84' lang='lat' dir='ltr'><strong>scribit</strong></span> <span class='ocrx_word' id='word_1_47' title='bbox 536 1208 573 1280; x_wconf 91' lang='lat' dir='ltr'><strong>in</strong></span> <span class='ocrx_word' id='word_1_48' title='bbox 591 1207 772 1300; x_wconf 80' lang='lat' dir='ltr'><strong>chronica,</strong></span> <span class='ocrx_word' id='word_1_49' title='bbox 790 1220 868 1309; x_wconf 90' lang='lat' dir='ltr'><strong>post</strong></span> <span class='ocrx_word' id='word_1_50' title='bbox 889 1205 1187 1304; x_wconf 81' lang='lat' dir='ltr'><strong>subscriptionem</strong></span> <span class='ocrx_word' id='word_1_51' title='bbox 1209 1206 1339 1280; x_wconf 90' lang='lat' dir='ltr'><strong>iterum</strong></span> <span class='ocrx_word' id='word_1_52' title='bbox 1363 1231 1447 1282; x_wconf 84' lang='lat' dir='ltr'><strong>exu-</strong></span> 
     </span>
    </p>
   </div>
   <div class='ocr_carea' id='block_1_5' title="bbox 224 1319 1449 2216">
    <p class='ocr_par' dir='ltr' id='par_1_5' title="bbox 295 1319 1031 1420">
     <span class='ocr_line' id='line_1_9' title="bbox 295 1319 1031 1420; baseline 0 -26"><span class='ocrx_word' id='word_1_53' title='bbox 295 1319 408 1394; x_wconf 87' lang='lat' dir='ltr'><strong>latum</strong></span> <span class='ocrx_word' id='word_1_54' title='bbox 427 1320 550 1396; x_wconf 84' lang='lat' dir='ltr'><strong>fuisse.</strong></span> <span class='ocrx_word' id='word_1_55' title='bbox 567 1323 651 1420; x_wconf 89' lang='lat' dir='ltr'><strong>Cap.</strong></span> <span class='ocrx_word' id='word_1_56' title='bbox 666 1327 830 1400; x_wconf 94' lang='lat' dir='ltr'>LXXXI.</span> <span class='ocrx_word' id='word_1_57' title='bbox 847 1325 1031 1398; x_wconf 87' lang='lat' dir='ltr'>LXXXV.</span> 
     </span>
    </p>

    <p class='ocr_par' dir='ltr' id='par_1_6' title="bbox 224 1434 1446 1648">
     <span class='ocr_line' id='line_1_10' title="bbox 224 1434 1446 1536; baseline -0.002 -27"><span class='ocrx_word' id='word_1_58' title='bbox 224 1438 312 1511; x_wconf 88' lang='lat' dir='ltr'><strong>Item</strong></span> <span class='ocrx_word' id='word_1_59' title='bbox 330 1435 530 1511; x_wconf 89' lang='lat' dir='ltr'><strong>deLiberio.</strong></span> <span class='ocrx_word' id='word_1_60' title='bbox 544 1439 628 1536; x_wconf 86' lang='lat' dir='ltr'><strong>Cap.</strong></span> <span class='ocrx_word' id='word_1_61' title='bbox 646 1439 861 1514; x_wconf 89' lang='lat' dir='ltr'>CCXXXII.</span> <span class='ocrx_word' id='word_1_62' title='bbox 879 1448 915 1518; x_wconf 86' lang='lat' dir='ltr'><strong>et</strong></span> <span class='ocrx_word' id='word_1_63' title='bbox 932 1438 970 1509; x_wconf 90' lang='lat' dir='ltr'><strong>in</strong></span> <span class='ocrx_word' id='word_1_64' title='bbox 984 1435 1070 1509; x_wconf 80' lang='grc' dir='ltr'><strong>ΙΙΙΙο</strong></span> <span class='ocrx_word' id='word_1_65' title='bbox 1090 1434 1148 1508; x_wconf 93' lang='lat' dir='ltr'><strong>lib.</strong></span> <span class='ocrx_word' id='word_1_66' title='bbox 1162 1435 1247 1532; x_wconf 90' lang='lat' dir='ltr'><strong>Cap.</strong></span> <span class='ocrx_word' id='word_1_67' title='bbox 1261 1435 1446 1510; x_wconf 92' lang='lat' dir='ltr'>CXXXV.</span> 
     </span>
     <span class='ocr_line' id='line_1_11' title="bbox 295 1547 921 1648; baseline 0.002 -25"><span class='ocrx_word' id='word_1_68' title='bbox 295 1558 332 1623; x_wconf 86' lang='lat' dir='ltr'><strong>et</strong></span> <span class='ocrx_word' id='word_1_69' title='bbox 347 1547 390 1623; x_wconf 91' lang='lat' dir='ltr'><strong>de</strong></span> <span class='ocrx_word' id='word_1_70' title='bbox 408 1549 548 1645; x_wconf 84' lang='lat' dir='ltr'><strong>Vigilio</strong></span> <span class='ocrx_word' id='word_1_71' title='bbox 565 1551 650 1648; x_wconf 88' lang='lat' dir='ltr'><strong>Cap.</strong></span> <span class='ocrx_word' id='word_1_72' title='bbox 669 1551 921 1626; x_wconf 90' lang='lat' dir='ltr'>CCXXXIIII.</span> 
     </span>
    </p>

    <p class='ocr_par' dir='ltr' id='par_1_7' title="bbox 224 1661 1444 1874">
     <span class='ocr_line' id='line_1_12' title="bbox 224 1661 1444 1762; baseline -0.001 -27"><span class='ocrx_word' id='word_1_73' title='bbox 224 1661 325 1747; x_wconf 83' lang='lat' dir='ltr'><strong>Quod</strong></span> <span class='ocrx_word' id='word_1_74' title='bbox 338 1665 496 1736; x_wconf 85' lang='lat' dir='ltr'><strong>Romana</strong></span> <span class='ocrx_word' id='word_1_75' title='bbox 510 1664 670 1740; x_wconf 85' lang='lat' dir='ltr'><strong>Ecclesia</strong></span> <span class='ocrx_word' id='word_1_76' title='bbox 688 1692 709 1739; x_wconf 88' lang='lat' dir='ltr'><strong>a</strong></span> <span class='ocrx_word' id='word_1_77' title='bbox 727 1667 900 1740; x_wconf 86' lang='lat' dir='ltr'><strong>fidelitate</strong></span> <span class='ocrx_word' id='word_1_78' title='bbox 914 1664 1118 1762; x_wconf 91' lang='lat' dir='ltr'><strong>iniquorum</strong></span> <span class='ocrx_word' id='word_1_79' title='bbox 1133 1662 1311 1738; x_wconf 85' lang='lat' dir='ltr'><strong>subiectos</strong></span> <span class='ocrx_word' id='word_1_80' title='bbox 1324 1685 1444 1736; x_wconf 89' lang='lat' dir='ltr'><strong>eorum</strong></span> 
     </span>
     <span class='ocr_line' id='line_1_13' title="bbox 294 1775 1307 1874; baseline -0.001 -23"><span class='ocrx_word' id='word_1_81' title='bbox 294 1776 403 1874; x_wconf 86' lang='lat' dir='ltr'><strong>possit</strong></span> <span class='ocrx_word' id='word_1_82' title='bbox 419 1775 612 1852; x_wconf 87' lang='lat' dir='ltr'><strong>absolvero.</strong></span> <span class='ocrx_word' id='word_1_83' title='bbox 629 1778 704 1853; x_wconf 91' lang='lat' dir='ltr'><strong>Lib.</strong></span> <span class='ocrx_word' id='word_1_84' title='bbox 721 1781 808 1854; x_wconf 84' lang='lat' dir='ltr'>IIII⁰</span> <span class='ocrx_word' id='word_1_85' title='bbox 827 1781 920 1855; x_wconf 93' lang='lat' dir='ltr'>CVI.</span> <span class='ocrx_word' id='word_1_86' title='bbox 938 1779 1049 1864; x_wconf 88' lang='lat' dir='ltr'>CVII.</span> <span class='ocrx_word' id='word_1_87' title='bbox 1068 1777 1307 1852; x_wconf 87' lang='lat' dir='ltr'>CXXXVIII.</span> 
     </span>
    </p>

    <p class='ocr_par' dir='ltr' id='par_1_8' title="bbox 225 1889 1449 2106">
     <span class='ocr_line' id='line_1_14' title="bbox 225 1889 1449 1988; baseline -0.002 -24"><span class='ocrx_word' id='word_1_88' title='bbox 225 1893 274 1964; x_wconf 90' lang='lat' dir='ltr'><strong>Ut</strong></span> <span class='ocrx_word' id='word_1_89' title='bbox 286 1890 448 1988; x_wconf 84' lang='lat' dir='ltr'><strong>Episcopi</strong></span> <span class='ocrx_word' id='word_1_90' title='bbox 463 1889 507 1964; x_wconf 89' lang='lat' dir='ltr'><strong>ad</strong></span> <span class='ocrx_word' id='word_1_91' title='bbox 520 1891 728 1966; x_wconf 88' lang='lat' dir='ltr'><strong>comitatum</strong></span> <span class='ocrx_word' id='word_1_92' title='bbox 744 1917 814 1967; x_wconf 89' lang='lat' dir='ltr'><strong>non</strong></span> <span class='ocrx_word' id='word_1_93' title='bbox 828 1902 912 1968; x_wconf 87' lang='lat' dir='ltr'><strong>eant</strong></span> <span class='ocrx_word' id='word_1_94' title='bbox 925 1891 996 1965; x_wconf 91' lang='lat' dir='ltr'><strong>nisi</strong></span> <span class='ocrx_word' id='word_1_95' title='bbox 1009 1889 1156 1966; x_wconf 89' lang='lat' dir='ltr'><strong>licentia</strong></span> <span class='ocrx_word' id='word_1_96' title='bbox 1169 1889 1319 1964; x_wconf 88' lang='lat' dir='ltr'><strong>Romani</strong></span> <span class='ocrx_word' id='word_1_97' title='bbox 1330 1889 1449 1964; x_wconf 89' lang='lat' dir='ltr'><strong>Ponti·</strong></span> 
     </span>
     <span class='ocr_line' id='line_1_15' title="bbox 295 2004 1446 2106; baseline -0.003 -27"><span class='ocrx_word' id='word_1_98' title='bbox 295 2004 372 2080; x_wconf 87' lang='lat' dir='ltr'><strong>ficis</strong></span> <span class='ocrx_word' id='word_1_99' title='bbox 390 2005 519 2082; x_wconf 82' lang='lat' dir='ltr'><strong>vel‘sui</strong></span> <span class='ocrx_word' id='word_1_100' title='bbox 533 2006 712 2082; x_wconf 83' lang='lat' dir='ltr'><strong>Primatis</strong></span> <span class='ocrx_word' id='word_1_101' title='bbox 726 2009 811 2106; x_wconf 89' lang='lat' dir='ltr'><strong>Cap.</strong></span> <span class='ocrx_word' id='word_1_102' title='bbox 824 2009 959 2080; x_wconf 90' lang='lat' dir='ltr'>XXIII.</span> <span class='ocrx_word' id='word_1_103' title='bbox 973 2007 1081 2079; x_wconf 90' lang='lat' dir='ltr'>XLII.</span> <span class='ocrx_word' id='word_1_104' title='bbox 1095 2004 1351 2079; x_wconf 88' lang='lat' dir='ltr'>CXXXVIIII.</span> <span class='ocrx_word' id='word_1_105' title='bbox 1361 2004 1446 2079; x_wconf 92' lang='lat' dir='ltr'>CLI.</span> 
     </span>
    </p>

    <p class='ocr_par' dir='ltr' id='par_1_9' title="bbox 224 2118 1413 2216">
     <span class='ocr_line' id='line_1_16' title="bbox 224 2118 1413 2216; baseline -0.003 -22"><span class='ocrx_word' id='word_1_106' title='bbox 224 2120 273 2194; x_wconf 90' lang='lat' dir='ltr'><strong>Ut</strong></span> <span class='ocrx_word' id='word_1_107' title='bbox 289 2118 433 2192; x_wconf 89' lang='lat' dir='ltr'><strong>finitimi</strong></span> <span class='ocrx_word' id='word_1_108' title='bbox 452 2119 617 2216; x_wconf 89' lang='lat' dir='ltr'><strong>Episcopi</strong></span> <span class='ocrx_word' id='word_1_109' title='bbox 634 2120 840 2195; x_wconf 84' lang='lat' dir='ltr'><strong>annualiter</strong></span> <span class='ocrx_word' id='word_1_110' title='bbox 858 2123 1004 2194; x_wconf 84' lang='lat' dir='ltr'><strong>Romam</strong></span> <span class='ocrx_word' id='word_1_111' title='bbox 1023 2119 1181 2193; x_wconf 88' lang='lat' dir='ltr'><strong>veniant.</strong></span> <span class='ocrx_word' id='word_1_112' title='bbox 1199 2118 1283 2216; x_wconf 88' lang='lat' dir='ltr'><strong>Cap.</strong></span> <span class='ocrx_word' id='word_1_113' title='bbox 1301 2118 1413 2194; x_wconf 92' lang='lat' dir='ltr'>CXX.</span> 
     </span>
    </p>
   </div>
   <div class='ocr_carea' id='block_1_6' title="bbox 224 2231 1444 2420">
    <p class='ocr_par' dir='ltr' id='par_1_10' title="bbox 224 2231 1444 2420">
     <span class='ocr_line' id='line_1_17' title="bbox 224 2231 1444 2328; baseline -0.002 -22"><span class='ocrx_word' id='word_1_114' title='bbox 224 2231 362 2319; x_wconf 86' lang='lat' dir='ltr'><strong>Quibus</strong></span> <span class='ocrx_word' id='word_1_115' title='bbox 391 2231 430 2305; x_wconf 90' lang='lat' dir='ltr'><strong>in</strong></span> <span class='ocrx_word' id='word_1_116' title='bbox 464 2233 551 2307; x_wconf 91' lang='lat' dir='ltr'><strong>locis</strong></span> <span class='ocrx_word' id='word_1_117' title='bbox 585 2237 743 2306; x_wconf 85' lang='lat' dir='ltr'><strong>Romana</strong></span> <span class='ocrx_word' id='word_1_118' title='bbox 772 2233 992 2309; x_wconf 88' lang='lat' dir='ltr'><strong>consuetudo</strong></span> <span class='ocrx_word' id='word_1_119' title='bbox 1021 2232 1158 2307; x_wconf 87' lang='lat' dir='ltr'><strong>servari</strong></span> <span class='ocrx_word' id='word_1_120' title='bbox 1193 2231 1329 2307; x_wconf 87' lang='lat' dir='ltr'><strong>debeat.</strong></span> <span class='ocrx_word' id='word_1_121' title='bbox 1359 2231 1444 2328; x_wconf 86' lang='lat' dir='ltr'><strong>Cap.</strong></span> 
     </span>
     <span class='ocr_line' id='line_1_18' title="bbox 293 2346 584 2420; baseline 0.003 -2"><span class='ocrx_word' id='word_1_122' title='bbox 293 2347 495 2419; x_wconf 91' lang='lat' dir='ltr'>LXXXVI.</span> <span class='ocrx_word' id='word_1_123' title='bbox 509 2346 584 2420; x_wconf 89' lang='lat' dir='ltr'>CV.</span> 
     </span>
    </p>
   </div>
   <div class='ocr_carea' id='block_1_7' title="bbox 222 2461 1463 4358">
    <p class='ocr_par' dir='ltr' id='par_1_11' title="bbox 225 2461 1445 2652">
     <span class='ocr_line' id='line_1_19' title="bbox 225 2461 1445 2558; baseline -0.002 -23"><span class='ocrx_word' id='word_1_124' title='bbox 225 2463 275 2535; x_wconf 89' lang='lat' dir='ltr'><strong>De</strong></span> <span class='ocrx_word' id='word_1_125' title='bbox 315 2461 601 2536; x_wconf 88' lang='lat' dir='ltr'><strong>inobedientibus</strong></span> <span class='ocrx_word' id='word_1_126' title='bbox 640 2462 852 2558; x_wconf 80' lang='lat' dir='ltr'><strong>Apostolicae</strong></span> <span class='ocrx_word' id='word_1_127' title='bbox 894 2463 986 2536; x_wconf 82' lang='lat' dir='ltr'><strong>sedi.</strong></span> <span class='ocrx_word' id='word_1_128' title='bbox 1025 2463 1110 2558; x_wconf 89' lang='lat' dir='ltr'><strong>Cap.</strong></span> <span class='ocrx_word' id='word_1_129' title='bbox 1151 2464 1225 2534; x_wconf 90' lang='lat' dir='ltr'><strong>LV.</strong></span> <span class='ocrx_word' id='word_1_130' title='bbox 1263 2461 1445 2534; x_wconf 90' lang='lat' dir='ltr'>CXVIIII.</span> 
     </span>
     <span class='ocr_line' id='line_1_20' title="bbox 298 2573 1445 2652; baseline -0.004 -2"><span class='ocrx_word' id='word_1_131' title='bbox 298 2573 1445 2652; x_wconf 79' lang='lat' dir='ltr'>CXXIIII.CLXXIlIl.CLXXXVIIIICCXXXVI.CCXLVI.</span> 
     </span>
    </p>

    <p class='ocr_par' dir='ltr' id='par_1_12' title="bbox 224 2689 1303 2788">
     <span class='ocr_line' id='line_1_21' title="bbox 224 2689 1303 2788; baseline -0.005 -23"><span class='ocrx_word' id='word_1_132' title='bbox 224 2691 276 2765; x_wconf 87' lang='lat' dir='ltr'><strong>De</strong></span> <span class='ocrx_word' id='word_1_133' title='bbox 293 2689 494 2764; x_wconf 83' lang='lat' dir='ltr'><strong>reverentia</strong></span> <span class='ocrx_word' id='word_1_134' title='bbox 512 2715 590 2788; x_wconf 84' lang='lat' dir='ltr'><strong>quae</strong></span> <span class='ocrx_word' id='word_1_135' title='bbox 608 2691 662 2764; x_wconf 89' lang='lat' dir='ltr'><strong>illi</strong></span> <span class='ocrx_word' id='word_1_136' title='bbox 679 2689 838 2766; x_wconf 87' lang='lat' dir='ltr'><strong>debetur·</strong></span> <span class='ocrx_word' id='word_1_137' title='bbox 855 2691 940 2787; x_wconf 90' lang='lat' dir='ltr'><strong>Cap.</strong></span> <span class='ocrx_word' id='word_1_138' title='bbox 958 2691 1085 2764; x_wconf 91' lang='lat' dir='ltr'>LXXI.</span> <span class='ocrx_word' id='word_1_139' title='bbox 1102 2689 1303 2761; x_wconf 90' lang='lat' dir='ltr'>LXXVIII.</span> 
     </span>
    </p>

    <p class='ocr_par' dir='ltr' id='par_1_13' title="bbox 224 2801 1383 2901">
     <span class='ocr_line' id='line_1_22' title="bbox 224 2801 1383 2901; baseline -0.004 -24"><span class='ocrx_word' id='word_1_140' title='bbox 224 2806 278 2896; x_wconf 89' lang='lat' dir='ltr'><strong>De</strong></span> <span class='ocrx_word' id='word_1_141' title='bbox 292 2802 349 2878; x_wconf 88' lang='lat' dir='ltr'><strong>his</strong></span> <span class='ocrx_word' id='word_1_142' title='bbox 366 2827 445 2901; x_wconf 84' lang='lat' dir='ltr'><strong>quae</strong></span> <span class='ocrx_word' id='word_1_143' title='bbox 462 2804 541 2878; x_wconf 87' lang='lat' dir='ltr'><strong>eius</strong></span> <span class='ocrx_word' id='word_1_144' title='bbox 558 2813 681 2879; x_wconf 88' lang='lat' dir='ltr'><strong>contra</strong></span> <span class='ocrx_word' id='word_1_145' title='bbox 699 2805 841 2880; x_wconf 88' lang='lat' dir='ltr'><strong>decreta</strong></span> <span class='ocrx_word' id='word_1_146' title='bbox 858 2805 960 2877; x_wconf 90' lang='lat' dir='ltr'><strong>fiunt.</strong></span> <span class='ocrx_word' id='word_1_147' title='bbox 979 2803 1064 2900; x_wconf 88' lang='lat' dir='ltr'><strong>Cep.</strong></span> <span class='ocrx_word' id='word_1_148' title='bbox 1082 2802 1212 2876; x_wconf 86' lang='lat' dir='ltr'>CXXI.</span> <span class='ocrx_word' id='word_1_149' title='bbox 1230 2801 1383 2876; x_wconf 91' lang='lat' dir='ltr'>CCXLI.</span> 
     </span>
    </p>

    <p class='ocr_par' dir='ltr' id='par_1_14' title="bbox 225 2915 1315 3012">
     <span class='ocr_line' id='line_1_23' title="bbox 225 2915 1315 3012; baseline -0.006 -21"><span class='ocrx_word' id='word_1_150' title='bbox 225 2920 279 2992; x_wconf 87' lang='lat' dir='ltr'><strong>De</strong></span> <span class='ocrx_word' id='word_1_151' title='bbox 295 2917 580 2992; x_wconf 84' lang='lat' dir='ltr'><strong>inobedientibus</strong></span> <span class='ocrx_word' id='word_1_152' title='bbox 597 2917 863 2993; x_wconf 88' lang='lat' dir='ltr'><strong>universalibus</strong></span> <span class='ocrx_word' id='word_1_153' title='bbox 880 2915 1023 2990; x_wconf 90' lang='lat' dir='ltr'><strong>sinodis.</strong></span> <span class='ocrx_word' id='word_1_154' title='bbox 1041 2916 1126 3012; x_wconf 86' lang='lat' dir='ltr'><strong>Cap.</strong></span> <span class='ocrx_word' id='word_1_155' title='bbox 1143 2916 1315 2988; x_wconf 93' lang='lat' dir='ltr'>XXXVI.</span> 
     </span>
    </p>

    <p class='ocr_par' dir='ltr' id='par_1_15' title="bbox 225 3030 1445 3243">
     <span class='ocr_line' id='line_1_24' title="bbox 225 3030 1445 3130; baseline -0.002 -27"><span class='ocrx_word' id='word_1_156' title='bbox 225 3032 277 3106; x_wconf 87' lang='lat' dir='ltr'><strong>De</strong></span> <span class='ocrx_word' id='word_1_157' title='bbox 293 3030 620 3126; x_wconf 79' lang='lat' dir='ltr'><strong>transgressoribus</strong></span> <span class='ocrx_word' id='word_1_158' title='bbox 638 3033 836 3107; x_wconf 87' lang='lat' dir='ltr'><strong>Canonum.</strong></span> <span class='ocrx_word' id='word_1_159' title='bbox 855 3032 941 3130; x_wconf 87' lang='lat' dir='ltr'><strong>Cap.</strong></span> <span class='ocrx_word' id='word_1_160' title='bbox 965 3032 1082 3105; x_wconf 91' lang='lat' dir='ltr'>XIIII.</span> <span class='ocrx_word' id='word_1_161' title='bbox 1107 3031 1279 3103; x_wconf 88' lang='lat' dir='ltr'>XXXVI.</span> <span class='ocrx_word' id='word_1_162' title='bbox 1300 3031 1445 3103; x_wconf 92' lang='lat' dir='ltr'>LXXX.</span> 
     </span>
     <span class='ocr_line' id='line_1_25' title="bbox 296 3142 727 3243; baseline 0.005 -25"><span class='ocrx_word' id='word_1_163' title='bbox 296 3151 333 3218; x_wconf 88' lang='lat' dir='ltr'><strong>et</strong></span> <span class='ocrx_word' id='word_1_164' title='bbox 350 3142 387 3216; x_wconf 92' lang='lat' dir='ltr'><strong>in</strong></span> <span class='ocrx_word' id='word_1_165' title='bbox 406 3147 491 3218; x_wconf 83' lang='lat' dir='ltr'>IIII⁰</span> <span class='ocrx_word' id='word_1_166' title='bbox 509 3144 569 3219; x_wconf 92' lang='lat' dir='ltr'><strong>lib.</strong></span> <span class='ocrx_word' id='word_1_167' title='bbox 587 3145 672 3243; x_wconf 87' lang='lat' dir='ltr'><strong>Cap.</strong></span> <span class='ocrx_word' id='word_1_168' title='bbox 689 3149 727 3220; x_wconf 93' lang='lat' dir='ltr'><strong>L.</strong></span> 
     </span>
    </p>

    <p class='ocr_par' dir='ltr' id='par_1_16' title="bbox 222 3259 1446 3471">
     <span class='ocr_line' id='line_1_26' title="bbox 222 3259 1446 3358; baseline -0.002 -26"><span class='ocrx_word' id='word_1_169' title='bbox 222 3261 274 3332; x_wconf 87' lang='lat' dir='ltr'><strong>De</strong></span> <span class='ocrx_word' id='word_1_170' title='bbox 291 3259 503 3333; x_wconf 83' lang='lat' dir='ltr'><strong>auctoritato</strong></span> <span class='ocrx_word' id='word_1_171' title='bbox 521 3259 709 3333; x_wconf 85' lang='lat' dir='ltr'><strong>Canonum</strong></span> <span class='ocrx_word' id='word_1_172' title='bbox 729 3261 976 3357; x_wconf 83' lang='lat' dir='ltr'><strong>Apostolorum</strong></span> <span class='ocrx_word' id='word_1_173' title='bbox 991 3259 1230 3358; x_wconf 87' lang='lat' dir='ltr'><strong>quorumlibet</strong></span> <span class='ocrx_word' id='word_1_174' title='bbox 1244 3259 1446 3344; x_wconf 80' lang='lat' dir='ltr'><strong>Canobum,</strong></span> 
     </span>
     <span class='ocr_line' id='line_1_27' title="bbox 294 3372 1149 3471; baseline 0.001 -26"><span class='ocrx_word' id='word_1_175' title='bbox 294 3397 412 3470; x_wconf 83' lang='lat' dir='ltr'><strong>quaere</strong></span> <span class='ocrx_word' id='word_1_176' title='bbox 430 3372 468 3446; x_wconf 92' lang='lat' dir='ltr'><strong>in</strong></span> <span class='ocrx_word' id='word_1_177' title='bbox 485 3372 630 3470; x_wconf 79' lang='lat' dir='ltr'><strong>prologo</strong></span> <span class='ocrx_word' id='word_1_178' title='bbox 647 3382 683 3446; x_wconf 89' lang='lat' dir='ltr'><strong>et</strong></span> <span class='ocrx_word' id='word_1_179' title='bbox 700 3374 784 3471; x_wconf 87' lang='lat' dir='ltr'><strong>Cap.</strong></span> <span class='ocrx_word' id='word_1_180' title='bbox 802 3378 948 3449; x_wconf 90' lang='lat' dir='ltr'>LVIIII.</span> <span class='ocrx_word' id='word_1_181' title='bbox 966 3375 1149 3449; x_wconf 92' lang='lat' dir='ltr'>CXXIIII.</span> 
     </span>
    </p>

    <p class='ocr_par' dir='ltr' id='par_1_17' title="bbox 223 3485 1444 3698">
     <span class='ocr_line' id='line_1_28' title="bbox 223 3485 1444 3585; baseline -0.003 -23"><span class='ocrx_word' id='word_1_182' title='bbox 223 3490 274 3562; x_wconf 88' lang='lat' dir='ltr'><strong>Ut</strong></span> <span class='ocrx_word' id='word_1_183' title='bbox 289 3486 421 3584; x_wconf 84' lang='lat' dir='ltr'><strong>absque</strong></span> <span class='ocrx_word' id='word_1_184' title='bbox 439 3489 596 3560; x_wconf 88' lang='lat' dir='ltr'><strong>Romano</strong></span> <span class='ocrx_word' id='word_1_185' title='bbox 611 3487 783 3562; x_wconf 84' lang='lat' dir='ltr'><strong>Pontifice</strong></span> <span class='ocrx_word' id='word_1_186' title='bbox 801 3487 877 3585; x_wconf 85' lang='lat' dir='ltr'><strong>(sic)</strong></span> <span class='ocrx_word' id='word_1_187' title='bbox 892 3487 1075 3562; x_wconf 86' lang='lat' dir='ltr'><strong>licentium</strong></span> <span class='ocrx_word' id='word_1_188' title='bbox 1089 3485 1248 3561; x_wconf 84' lang='lat' dir='ltr'><strong>basilicae</strong></span> <span class='ocrx_word' id='word_1_189' title='bbox 1261 3509 1362 3560; x_wconf 84' lang='lat' dir='ltr'><strong>novae</strong></span> <span class='ocrx_word' id='word_1_190' title='bbox 1375 3508 1444 3560; x_wconf 93' lang='lat' dir='ltr'><strong>non</strong></span> 
     </span>
     <span class='ocr_line' id='line_1_29' title="bbox 294 3602 791 3698; baseline -0.004 -22"><span class='ocrx_word' id='word_1_191' title='bbox 294 3611 558 3676; x_wconf 85' lang='lat' dir='ltr'><strong>consecrentur.</strong></span> <span class='ocrx_word' id='word_1_192' title='bbox 577 3603 662 3698; x_wconf 87' lang='lat' dir='ltr'><strong>Cap.</strong></span> <span class='ocrx_word' id='word_1_193' title='bbox 680 3602 791 3676; x_wconf 92' lang='lat' dir='ltr'>CIIII.</span> 
     </span>
    </p>

    <p class='ocr_par' dir='ltr' id='par_1_18' title="bbox 224 3713 1443 3927">
     <span class='ocr_line' id='line_1_30' title="bbox 224 3713 1443 3814; baseline -0.005 -24"><span class='ocrx_word' id='word_1_194' title='bbox 224 3717 273 3790; x_wconf 90' lang='lat' dir='ltr'><strong>Ut</strong></span> <span class='ocrx_word' id='word_1_195' title='bbox 289 3715 374 3789; x_wconf 88' lang='lat' dir='ltr'><strong>item</strong></span> <span class='ocrx_word' id='word_1_196' title='bbox 392 3714 524 3814; x_wconf 86' lang='lat' dir='ltr'><strong>absque</strong></span> <span class='ocrx_word' id='word_1_197' title='bbox 541 3714 619 3789; x_wconf 90' lang='lat' dir='ltr'><strong>eius</strong></span> <span class='ocrx_word' id='word_1_198' title='bbox 635 3714 782 3790; x_wconf 86' lang='lat' dir='ltr'><strong>licentio</strong></span> <span class='ocrx_word' id='word_1_199' title='bbox 808 3738 909 3790; x_wconf 83' lang='lat' dir='ltr'><strong>novoe</strong></span> <span class='ocrx_word' id='word_1_200' title='bbox 934 3713 1128 3812; x_wconf 73' lang='lat' dir='ltr'><strong>parrochia</strong></span> <span class='ocrx_word' id='word_1_201' title='bbox 1155 3737 1224 3787; x_wconf 89' lang='lat' dir='ltr'><strong>non</strong></span> <span class='ocrx_word' id='word_1_202' title='bbox 1250 3713 1443 3788; x_wconf 88' lang='lat' dir='ltr'><strong>instituan-</strong></span> 
     </span>
     <span class='ocr_line' id='line_1_31' title="bbox 296 3827 688 3927; baseline 0 -25"><span class='ocrx_word' id='word_1_203' title='bbox 296 3827 365 3902; x_wconf 84' lang='lat' dir='ltr'><strong>tur.</strong></span> <span class='ocrx_word' id='word_1_204' title='bbox 383 3829 468 3927; x_wconf 84' lang='lat' dir='ltr'><strong>Cap.</strong></span> <span class='ocrx_word' id='word_1_205' title='bbox 487 3829 688 3903; x_wconf 90' lang='lat' dir='ltr'>CXXVIII.</span> 
     </span>
    </p>

    <p class='ocr_par' dir='ltr' id='par_1_19' title="bbox 225 3941 1444 4153">
     <span class='ocr_line' id='line_1_32' title="bbox 225 3941 1444 4040; baseline -0.002 -25"><span class='ocrx_word' id='word_1_206' title='bbox 225 3941 325 4028; x_wconf 88' lang='lat' dir='ltr'><strong>Quod</strong></span> <span class='ocrx_word' id='word_1_207' title='bbox 342 3941 395 4014; x_wconf 92' lang='lat' dir='ltr'><strong>illi</strong></span> <span class='ocrx_word' id='word_1_208' title='bbox 413 3941 520 4017; x_wconf 87' lang='lat' dir='ltr'><strong>liceat</strong></span> <span class='ocrx_word' id='word_1_209' title='bbox 536 3941 626 4016; x_wconf 87' lang='lat' dir='ltr'><strong>duas</strong></span> <span class='ocrx_word' id='word_1_210' title='bbox 644 3943 869 4040; x_wconf 86' lang='lat' dir='ltr'><strong>Episcopales</strong></span> <span class='ocrx_word' id='word_1_211' title='bbox 883 3943 982 4018; x_wconf 89' lang='lat' dir='ltr'><strong>sedes</strong></span> <span class='ocrx_word' id='word_1_212' title='bbox 1001 3951 1037 4016; x_wconf 91' lang='lat' dir='ltr'><strong>et</strong></span> <span class='ocrx_word' id='word_1_213' title='bbox 1053 3942 1123 4015; x_wconf 83' lang='lat' dir='ltr'><strong>dua</strong></span> <span class='ocrx_word' id='word_1_214' title='bbox 1138 3942 1352 4017; x_wconf 89' lang='lat' dir='ltr'><strong>monasteria</strong></span> <span class='ocrx_word' id='word_1_215' title='bbox 1366 3941 1444 4013; x_wconf 90' lang='lat' dir='ltr'><strong>uni-</strong></span> 
     </span>
     <span class='ocr_line' id='line_1_33' title="bbox 297 4055 863 4153; baseline 0.005 -26"><span class='ocrx_word' id='word_1_216' title='bbox 297 4079 345 4129; x_wconf 89' lang='lat' dir='ltr'><strong>re.</strong></span> <span class='ocrx_word' id='word_1_217' title='bbox 362 4055 447 4153; x_wconf 88' lang='lat' dir='ltr'><strong>Cap.</strong></span> <span class='ocrx_word' id='word_1_218' title='bbox 464 4057 568 4131; x_wconf 92' lang='lat' dir='ltr'>CLII.</span> <span class='ocrx_word' id='word_1_219' title='bbox 582 4057 703 4130; x_wconf 88' lang='lat' dir='ltr'>CLIII.</span> <span class='ocrx_word' id='word_1_220' title='bbox 722 4057 863 4131; x_wconf 90' lang='lat' dir='ltr'>CLIIlI.</span> 
     </span>
    </p>

    <p class='ocr_par' dir='ltr' id='par_1_20' title="bbox 228 4166 1463 4358">
     <span class='ocr_line' id='line_1_34' title="bbox 228 4166 1463 4266; baseline 0.002 -26"><span class='ocrx_word' id='word_1_221' title='bbox 228 4166 326 4253; x_wconf 87' lang='lat' dir='ltr'><strong>Quod</strong></span> <span class='ocrx_word' id='word_1_222' title='bbox 343 4167 409 4241; x_wconf 88' lang='lat' dir='ltr'><strong>sibi</strong></span> <span class='ocrx_word' id='word_1_223' title='bbox 427 4167 577 4242; x_wconf 88' lang='lat' dir='ltr'><strong>alterius</strong></span> <span class='ocrx_word' id='word_1_224' title='bbox 599 4168 759 4244; x_wconf 86' lang='lat' dir='ltr'><strong>ecclesiae</strong></span> <span class='ocrx_word' id='word_1_225' title='bbox 785 4169 1058 4266; x_wconf 86' lang='lat' dir='ltr'><strong>parrochianum</strong></span> <span class='ocrx_word' id='word_1_226' title='bbox 1084 4169 1232 4244; x_wconf 89' lang='lat' dir='ltr'><strong>ordinat.</strong></span> <span class='ocrx_word' id='word_1_227' title='bbox 1251 4170 1335 4266; x_wconf 88' lang='lat' dir='ltr'><strong>Cap.</strong></span> <span class='ocrx_word' id='word_1_228' title='bbox 1362 4171 1463 4243; x_wconf 83' lang='lat' dir='ltr'>XII·</span> 
     </span>
     <span class='ocr_line' id='line_1_35' title="bbox 298 4282 614 4358; baseline 0 -1"><span class='ocrx_word' id='word_1_229' title='bbox 298 4282 438 4357; x_wconf 87' lang='lat' dir='ltr'>CLVII.</span> <span class='ocrx_word' id='word_1_230' title='bbox 456 4283 614 4358; x_wconf 90' lang='lat' dir='ltr'>CXLVI.</span> 
     </span>
    </p>
   </div>
   <div class='ocr_carea' id='block_1_8' title="bbox 229 4395 1444 4584">
    <p class='ocr_par' dir='ltr' id='par_1_21' title="bbox 229 4395 1444 4584">
     <span class='ocr_line' id='line_1_36' title="bbox 229 4395 1444 4584; baseline 0.006 -117"><span class='ocrx_word' id='word_1_231' title='bbox 229 4395 329 4584; x_wconf 64' lang='lat' dir='ltr'><strong>Quog</strong></span> <span class='ocrx_word' id='word_1_232' title='bbox 338 4395 514 4470; x_wconf 83' lang='lat' dir='ltr'><strong>violenter</strong></span> <span class='ocrx_word' id='word_1_233' title='bbox 526 4409 723 4492; x_wconf 87' lang='lat' dir='ltr'><strong>promotum</strong></span> <span class='ocrx_word' id='word_1_234' title='bbox 738 4397 773 4470; x_wconf 92' lang='lat' dir='ltr'><strong>in</strong></span> <span class='ocrx_word' id='word_1_235' title='bbox 794 4399 984 4495; x_wconf 90' lang='lat' dir='ltr'><strong>pristinum</strong></span> <span class='ocrx_word' id='word_1_236' title='bbox 1002 4399 1168 4474; x_wconf 88' lang='lat' dir='ltr'><strong>restituat</strong></span> <span class='ocrx_word' id='word_1_237' title='bbox 1181 4399 1345 4496; x_wconf 82' lang='lat' dir='ltr'><strong>gradum.</strong></span> <span class='ocrx_word' id='word_1_238' title='bbox 1360 4400 1444 4500; x_wconf 89' lang='lat' dir='ltr'><strong>Cap.</strong></span> 
     </span>
     <span class='ocr_line' id='line_1_37' title="bbox 331 4511 403 4584; baseline -0.028 0"><span class='ocrx_word' id='word_1_239' title='bbox 331 4511 403 4584; x_wconf 87' lang='lat' dir='ltr'><strong>LX.</strong></span> 
     </span>
    </p>
   </div>
   <div class='ocr_carea' id='block_1_9' title="bbox 0 0 1826 5294">
    <p class='ocr_par' dir='ltr' id='par_1_22' title="bbox 0 0 1826 5294">
     <span class='ocr_line' id='line_1_38' title="bbox 0 0 1826 5294; baseline 0 0"><span class='ocrx_word' id='word_1_240' title='bbox 0 0 1826 5294; x_wconf 95' lang='lat' dir='ltr'><strong> </strong></span> 
     </span>
    </p>
   </div>
  </div>
 </body>
</html>
