3582 5288
710 465 750 478 ..
775 432 817 493 93
843 465 883 479 -

724 592 879 676 oxvssl.

285 793 473 867 Feretrum
487 815 555 889 quo
569 795 751 866 Romanus
764 793 930 868 Pontifex
946 793 991 867 ad
1008 793 1249 891 sepeliendum
1267 799 1412 876 ducitur

185 905 287 982 nullo
304 907 465 1002 tegmine
485 907 633 982 veletur.
652 907 843 982 Ouiusmet
860 907 993 983 decreti
1018 933 1143 983 curam
1169 931 1294 1006 gerere
1317 915 1411 990 sedis

184 1018 297 1094 huius
307 1021 541 1119 Presbyteros
554 1021 781 1097 acDiaconos
794 1046 992 1098 censemus.
1002 1022 1041 1096 si
1054 1023 1409 1121 quieveroexeorum

185 1133 309 1210 ordine
326 1133 393 1212 hoc
411 1159 539 1210 curare
555 1135 759 1232 neglexerit
775 1136 968 1213 anathema
986 1138 1042 1211 sit.
1362 1145 1366 1153 '

709 1365 883 1449 exvuu.
927 1352 942 1486 J

282 1581 428 1677 Agatho
446 1583 512 1654 ΡΡ.
526 1581 691 1656 omnibus
704 1582 897 1680 Episcopis.
911 1582 973 1657 Sic
986 1605 1108 1660 omnes
1121 1587 1331 1684 Apostolicae
1349 1592 1409 1666 Se-

184 1691 242 1764 dis
260 1694 462 1768 sanctiones
478 1695 695 1792 accipiendae
712 1705 808 1784 sunt,
826 1706 1009 1792 tamquam
1028 1697 1140 1794 ipsius
1167 1699 1289 1774 Divini
1309 1703 1405 1776 Petri

183 1829 270 1880 voce
288 1807 451 1884 firmatae.

746 1953 846 2037 CXX.

279 2150 471 2226 Zacharias
488 2154 594 2251 Papa.
612 2157 716 2227 quta
734 2163 939 2228 sanctorum
957 2163 1100 2251 patrum
1114 2165 1150 2229 et
1163 2177 1339 2230 canonum
1353 2157 1406 2228 in·

183 2263 321 2338 stituta.
339 2265 464 2338 Omnis
478 2266 642 2363 Episcopi
655 2267 716 2364 qui
730 2265 839 2341 huius
849 2268 1061 2366 Apostolicae
1075 2270 1176 2345 Sedis
1189 2270 1403 2345 ordinationi

182 2378 380 2468 subiacent,
393 2381 454 2478 qui
469 2381 657 2478 propinqui
672 2392 757 2456 sunt
770 2408 889 2458 annue
901 2383 982 2457 idus
996 2384 1081 2457 Maii
1092 2394 1297 2459 sanctorum
1308 2387 1403 2482 prin-

182 2492 304 2590 cipum
327 2494 576 2592 Apostolorum
603 2495 700 2570 Petri
729 2505 765 2570 et
791 2497 895 2571 Pauli
925 2497 1112 2572 liminibus
1142 2508 1404 2595 praesententur

181 2609 279 2682 omni
297 2610 480 2686 occasione
498 2611 659 2708 seposita.
674 2611 743 2698 Qui
756 2636 841 2686 vero
854 2612 896 2687 de
910 2611 1107 2710 longinquo
1120 2613 1220 2686 iuxta
1233 2635 1404 2712 cyrogra-

182 2722 294 2820 phum
313 2750 419 2798 suum
437 2724 619 2820 impleant.
635 2728 729 2800 Nam
748 2726 809 2822 qui
826 2725 935 2799 huius
960 2725 1226 2800 constitutionis
1250 2736 1405 2801 contem·

181 2847 261 2933 ptor
277 2838 448 2927 extiterit,
466 2848 597 2936 praeter
611 2838 642 2912 si
660 2839 863 2934 egritudine
878 2839 997 2912 valida
1011 2838 1120 2914 luerit
1134 2839 1300 2915 detentus
1313 2839 1404 2914 sciat

183 2975 219 3024 se
237 2951 422 3028 canonicis
439 2953 623 3029 subiacere
640 2952 837 3028 sententiis.

734 3177 851 3263 lllllll.

277 3395 459 3470 Adrianus
473 3396 876 3494 AgilramnoEpiscopo.
886 3396 1169 3472 Constitutioncs
1182 3406 1305 3472 contra
1323 3421 1402 3470 san·

178 3519 237 3582 cta
254 3509 397 3584 decreta
414 3512 652 3584 Romanorum
671 3509 872 3584 Praesulum
889 3509 1026 3584 nullius
1044 3511 1091 3585 sit
1108 3511 1288 3585 momenti.

719 3737 856 3820 exuli.

276 3959 345 4030 Leo
365 3966 517 4053 quartus
533 3965 569 4030 et
586 3955 765 4030 secundus
783 3954 980 4050 Eugenius
993 3953 1190 4051 Episcopus
1215 3954 1260 4028 ad
1285 3955 1402 4028 cultu-

180 4095 255 4143 ram
282 4069 433 4168 propriae
457 4069 617 4145 ecclesia
642 4067 828 4166 sepissime
851 4067 954 4142 debet
974 4067 1108 4155 adesse,
1130 4067 1214 4165 quia
1238 4067 1401 4142 absentia

180 4183 344 4281 Episcopi
369 4183 579 4281 plerumque
604 4182 645 4256 fit
669 4181 864 4256 calamitas.
883 4181 1032 4278 Ideoque
1058 4181 1262 4270 sardicensi
1284 4181 1402 4254 admo

178 4308 285 4374 nente
302 4297 472 4382 Concilio,
489 4298 584 4372 ultra
602 4297 712 4370 trium
731 4292 1007 4369 ebdomadarum
1031 4288 1187 4389 spatium
1209 4316 1231 4364 a
1248 4293 1400 4390 propriis

178 4411 339 4488 ecclesiis
355 4434 427 4486 non
444 4419 627 4488 morentur
643 4409 715 4486 nisi
733 4409 823 4483 forte
841 4431 902 4504 per
919 4403 1113 4480 iussionem
1137 4405 1399 4504 metropolitani

179 4550 222 4600 ex
238 4523 453 4600 necessitate
470 4523 668 4618 contingat.
