3618 5316
727 432 767 448 -
786 397 857 462 ³55
883 431 923 448 -·

788 553 865 638 XX.

629 732 680 784 ¹Ex
698 728 816 784 eodem
834 741 906 798 cap.
926 731 1000 786 ΧΗ.

310 865 350 936 Si
368 889 449 947 ovis
465 865 653 965 presbyter
666 865 724 942 vel
738 865 908 940 diaconus
920 891 983 966 per
995 865 1201 941 secularem
1219 864 1435 961 dignitatem

211 976 403 1058 ecclesiam
417 979 559 1053 Domini
572 979 778 1068 obtinuerit,
790 977 968 1054 deiciatur
980 987 1015 1054 et
1027 978 1102 1077 ipse
1115 987 1152 1054 et
1164 978 1343 1072 ordinator
1355 967 1433 1053 eius

215 1093 502 1169 acommunione
527 1094 639 1176 modis
664 1092 829 1169 omnibus
853 1102 1094 1190 segregentur
1118 1090 1186 1171 snb
1208 1089 1436 1166 anathemato

217 1203 300 1294 sint,
318 1204 414 1282 sicut
431 1207 554 1283 Simon
572 1231 702 1304 magus
720 1231 741 1281 a
757 1209 872 1282 Petro.

776 1374 868 1459 XXI.

523 1528 572 1580 Ex
592 1529 726 1583 concilio
745 1526 929 1582 sardicensi
948 1538 1020 1592 cap.
1039 1525 1126 1577 XXI.

309 1635 633 1760 Christianumpro
645 1663 822 1738 catholica
835 1663 904 1738 fide
916 1661 975 1736 vel
989 1683 1051 1758 pro
1063 1659 1317 1736 ecclesiasticis
1329 1658 1436 1735 rebus

212 1779 248 1845 et
264 1772 462 1849 christiana
479 1775 652 1872 religione
670 1774 918 1852 tribulationes
936 1773 1144 1872 patientem,
1156 1773 1252 1847 omni
1266 1772 1396 1847 honore
1414 1796 1436 1844 a

213 1887 453 1964 sacerdotibus
469 1888 725 1980 honorandum,
742 1891 850 1965 ctiam
867 1914 931 1989 per
947 1889 1136 1976 diaconum
1149 1887 1270 1963 victus
1283 1887 1317 1963 ei
1330 1885 1437 1960 mini·

212 2007 382 2076 strentur.
905 2081 906 2084 Ἴ

769 2099 881 2186 ΧΧΗ.

600 2249 843 2312 cartaginensis
861 2259 934 2316 cap.
953 2245 1050 2298 XLII.

311 2347 367 2421 Ab
384 2351 660 2447 imperatoribus
676 2347 858 2425 universis
875 2345 992 2420 visum
1012 2354 1066 2420 est
1091 2343 1343 2442 postulandum
1361 2367 1438 2441 pro·

213 2468 292 2556 pter
308 2460 519 2537 afflictiones
531 2487 740 2563 pauperum,
756 2485 906 2561 qnorum
925 2456 1097 2532 molestiis
1114 2457 1192 2531 sine
1207 2454 1438 2530 intermissio-

212 2596 257 2647 ne
271 2573 457 2670 fatigatur‚
471 2585 512 2650 ut
525 2576 726 2652 defensores
744 2577 795 2652 eis
808 2575 981 2648 adversus
995 2571 1171 2671 potentias
1183 2571 1337 2646 divitum
1351 2595 1435 2646 cum

213 2687 455 2788 episcoporum
473 2689 672 2788 provisione
689 2689 911 2786 delegentur.

628 2971 916 3076 Arelatensisoap.
935 3009 1006 3061 vn.
1124 3005 1127 3010 ’

308 3143 376 3228 Qvi
395 3142 514 3218 fideles
530 3145 575 3218 ad
592 3144 835 3241 praesidiatum
852 3143 1053 3241 prosiliunt,
1066 3141 1117 3217 ita
1134 3139 1281 3242 placuit,
1296 3149 1337 3214 ut
1350 3164 1433 3214 cum
1491 3163 1494 3166 ·

212 3253 360 3346 promoti
378 3253 523 3342 luerint,
539 3254 679 3329 litteras
695 3256 876 3353 accipiant
897 3256 1169 3332 aecclesiasticas
1194 3252 1435 3330 communica·

211 3364 331 3454 torias,
348 3364 399 3438 ita
415 3375 535 3442 tamen
553 3381 595 3442 ut
611 3367 651 3442 in
667 3354 953 3468 quibuscumque
969 3368 1059 3444 locis
1075 3375 1278 3465 gesserunt,
1294 3366 1340 3440 ab
1364 3366 1436 3464 epi-

214 3500 318 3576 scopo
334 3478 492 3554 eiusdem
506 3479 575 3555 loci
589 3505 676 3556 cura
689 3481 732 3556 do
744 3481 820 3556 illis
832 3490 976 3578 agatur,
989 3489 1030 3556 ut
1043 3503 1126 3558 cum
1139 3480 1299 3578 ceperint
1311 3489 1435 3554 contra

213 3591 439 3689 disciplinam
457 3593 640 3692 publicam
655 3617 775 3692 agere,
791 3605 880 3674 tunc
897 3595 1041 3672 demum
1059 3621 1081 3669 a
1100 3592 1349 3678 communione
1375 3616 1433 3667 ex·

213 3703 416 3781 eludantur.

746 3823 895 3906 XXIIII.

368 4025 369 4028 =
427 3999 476 4050 Ex
495 4000 629 4054 conctlio
648 3998 870 4052 Aurelianensi
887 4001 1087 4070 Episcopum
1105 3999 1217 4052 nim.
1298 3967 1301 3974 ,

309 4153 378 4238 Qvi
396 4175 451 4226 res
469 4153 627 4228 ecclesie
644 4161 772 4251 petunt
788 4177 809 4226 a
827 4151 974 4249 regibus
991 4163 1026 4228 ot
1042 4150 1214 4228 horrende
1227 4149 1434 4249 cupiditatis

213 4261 371 4360 impulsu
388 4265 572 4360 egentium
592 4265 828 4342 substantiam
851 4265 1006 4363 rapiunt,
1023 4263 1126 4338 irrita
1142 4263 1343 4339 habeantur
1355 4287 1434 4362 quae

212 4374 383 4473 optinent,
400 4385 436 4451 et
452 4402 473 4450 a
490 4378 738 4455 communione
755 4377 926 4456 aecclesia
943 4376 1048 4453 cuius
1065 4375 1275 4454 facultatem
1292 4375 1433 4451 auferre

210 4487 364 4585 cupiunt
380 4489 627 4566 excludantur.
