3582 5288
892 409 1111 482 --100--Ι

375 541 454 607 tuta
465 529 599 606 Christi
613 529 782 627 quosdam
797 529 889 606 velle
903 530 1122 621 subvertere,
1132 555 1215 606 cum
1229 531 1337 605 XXX
1350 553 1524 604 annorum
1539 528 1597 603 Iex

372 645 532 720 omnium
549 667 619 719 nou
638 643 747 740 possit
764 644 938 742 abrumpi.
959 647 1133 719 Sanctum
1161 643 1399 718 Athanasium
1426 644 1503 719 ideo
1527 666 1597 716 non

293 831 295 838 ,
374 759 484 834 fuisse
502 759 708 832 damnatum
729 783 750 830 a
768 758 904 855 synodo
921 759 1097 848 Orientis,
1109 759 1194 856 qnia
1218 759 1317 833 sedes
1334 758 1403 833 ista
1424 781 1494 832 non
1519 779 1602 832 con·

374 871 535 948 senserit.
558 873 730 945 Sanctum
754 870 948 946 Iohannem
968 872 1412 970 Constantinopolitanum,
1433 879 1598 945 sanctum

375 985 601 1060 Flavianum.
620 983 658 1058 Si
672 1007 759 1080 ergo
771 1009 812 1058 ea
826 1008 894 1058 non
909 987 1153 1062 consentiente
1170 986 1256 1076 sola,
1269 986 1330 1084 qui
1343 983 1502 1059 damnati
1515 993 1601 1058 suut

374 1123 396 1172 a
416 1097 537 1172 sinodo
550 1095 705 1171 Orientis
723 1119 791 1170 non
808 1106 1001 1194 potuerunt
1018 1123 1093 1173 esse
1111 1098 1281 1188 damnati,
1299 1121 1518 1195 consequens
1536 1107 1600 1184 est,

374 1211 482 1285 etiam
501 1210 578 1284 sinc
596 1208 716 1284 sinodo
733 1210 793 1307 qui
812 1210 934 1286 eadem
952 1211 1026 1284 sola
1043 1212 1235 1286 damnante
1261 1213 1452 1285 damnatus
1479 1211 1599 1294 fucrit,

374 1323 565 1398 damnatus
581 1323 637 1396 sit.
656 1326 700 1396 Et
717 1333 795 1420 post
813 1347 936 1420 pauca.
953 1326 1031 1410 Qua
1049 1349 1134 1400 vero
1151 1334 1288 1399 statuta
1306 1323 1443 1400 Christi
1469 1323 1600 1398 dixerit

376 1437 528 1512 inferius
553 1436 771 1535 explanavit,
788 1437 869 1512 sede
892 1437 1093 1535 Apostolica
1119 1460 1189 1510 non
1215 1437 1469 1526 consentiente,
1490 1437 1601 1510 nemi-

375 1576 456 1626 nem
474 1552 646 1640 damnari,
664 1562 700 1626 et
713 1551 786 1625 sola
800 1576 841 1626 ea
855 1551 1110 1640 consentiente,
1128 1552 1189 1648 qui
1204 1550 1527 1638 damnatussuerit,
1540 1549 1600 1623 da·

379 1673 523 1740 mnatns
537 1663 721 1753 habeatur,
734 1659 905 1762 exposuit.
920 1669 1062 1738 Statuta
1081 1664 1203 1761 itaque
1217 1663 1351 1738 Christi
1365 1663 1454 1736 dixit
1467 1687 1525 1737 cos
1537 1687 1601 1760 per

377 1777 593 1874 quingentos
605 1775 822 1851 annosvella
836 1776 1056 1866 subvertere,
1066 1778 1151 1875 quia
1169 1777 1239 1850 iam
1254 1776 1444 1875 quinquies
1457 1777 1600 1852 centeni

375 1889 519 1965 circiter
535 1891 621 1964 anni
640 1890 887 1988 praeterIerant
904 1891 1045 1990 quando
1062 1891 1121 1966 hic
1141 1891 1356 1966 venerabilis
1370 1895 1464 1988 Papa
1478 1889 1600 1965 dicens

377 2002 501 2079 Sedem
522 2003 762 2101 Apostolieam
780 2013 915 2078 statuta
930 2004 1063 2079 Christi
1079 2003 1314 2101 promeruisse
1328 2004 1471 2078 fatetur.
1486 2001 1601 2075 Privi-

379 2117 475 2214 legia
493 2118 589 2192 enim
608 2143 673 2191 sua
686 2141 707 2190 a
722 2117 865 2194 Christo
879 2117 1041 2194 Ecclesia
1055 2121 1213 2192 Romana
1226 2143 1288 2216 per
1302 2121 1448 2192 Petrum
1463 2141 1602 2192 conser-

377 2241 461 2304 vata
478 2241 533 2306 est
550 2243 585 2306 et
602 2232 678 2329 ipsa
696 2241 781 2306 sunt
798 2241 934 2307 statuta
952 2232 1097 2307 Christi.

908 2459 1076 2544 CXXXV.

472 2677 647 2753 Iohannes
661 2681 757 2752 VIII.
770 2678 908 2766 Quaeris
922 2677 1002 2775 quis
1016 2677 1317 2774 metropolitanus,
1331 2677 1426 2750 intra
1440 2677 1491 2749 III
1505 2700 1603 2750 men·

370 2816 435 2874 vses
443 2792 720 2867 consecrationis
730 2817 814 2879 suae,
823 2791 866 2866 ad
880 2791 982 2865 fidem
998 2817 1099 2864 suam
1113 2791 1366 2888 exponendam,
1376 2790 1601 2887 Palliumqne

373 2904 643 3003 suscipiendum
663 2904 865 3003 Apostolica
883 2905 964 2980 sede
982 2903 1083 2978 nulla
1097 2904 1297 2980 inevitabili
1311 2905 1523 2980 necessitate
1538 2905 1602 2978 iur-

379 3018 536 3093 minente
554 3042 623 3092 non
647 3019 794 3107 miserit,
820 3020 1005 3093 commissa
1032 3019 1099 3092 sibi
1125 3029 1245 3094 careat
1270 3019 1458 3117 dignitate,
1484 3020 1533 3092 ita
1562 3030 1603 3092 ut

363 3131 515 3205 tamdiu
533 3131 722 3230 episcopali
745 3131 799 3205 illi
817 3132 891 3208 sedi
916 3131 1028 3221 cedat,
1045 3132 1211 3230 omnique
1236 3131 1468 3208 consecrandi
1494 3132 1601 3206 licen-

380 3245 430 3318 tia
446 3254 578 3334 careat,
595 3247 765 3343 quamdiu
784 3247 820 3320 in
839 3244 1043 3344 exponenda
1062 3244 1139 3333 fide,
1156 3255 1192 3319 et
1209 3245 1246 3318 in
1269 3244 1472 3342 exponendo
1496 3242 1602 3341 pallio

380 3356 537 3452 priscum
556 3381 689 3432 morem
707 3359 969 3457 contempserit.

901 3581 1086 3667 CXXXVI.

477 3808 660 3903 Nycolans
678 3810 808 3882 Iunior.
826 3811 914 3896 Quae
931 3817 1051 3882 autem
1070 3809 1257 3905 provincia
1275 3831 1337 3908 per
1358 3809 1477 3883 omnia
1494 3819 1603 3883 terra-

384 3943 462 3997 rum
490 3943 602 4016 regna
628 3947 648 3992 a
674 3925 842 3997 Romanae
868 3917 1039 3997 Ecclesia
1064 3922 1202 3998 dicione
1229 3932 1397 3998 extranea
1419 3921 1603 4019 reperitur,

382 4031 766 4132 cuiusarbitrioipsum
777 4059 915 4134 quoque
925 4033 1041 4109 celum
1057 4035 1246 4123 clauditur
1257 4035 1603 4134 etapcritur.0mnis

382 4154 504 4219 autem
530 4146 606 4221 sive
632 4147 866 4246 patriarchivi
892 4147 1086 4222 cuiuslibet
1107 4147 1255 4247 apicem,
1272 4148 1348 4224 sive
1370 4147 1604 4245 metropoleon

383 4257 569 4354 primatus,
582 4270 646 4335 aut
658 4262 927 4359 episcopatuum
945 4260 1143 4352 cathedras,
1160 4260 1218 4337 vel
1236 4255 1469 4338 ecclesiarum
1487 4259 1606 4334 cuius-

381 4394 535 4470 cumque
552 4373 686 4448 ordinis
703 4375 920 4470 dignitatem
934 4373 1010 4471 ipsa
1025 4373 1193 4448 instituit.
1207 4371 1308 4447 Illam
1324 4395 1409 4446 vero
1421 4371 1517 4447 solus
1530 4371 1605 4468 ipsc

383 4483 560 4574 fundavit,
576 4495 612 4561 et
629 4510 736 4584 super
753 4495 889 4584 petram
908 4486 988 4561 fidei
1004 4510 1083 4561 mox
1097 4487 1277 4562 nascentis
1290 4485 1414 4576 erexit,
1428 4485 1490 4583 qui
1502 4485 1605 4559 beato
