3654 5302
900 389 905 396 ·
925 395 966 413 -
992 365 1057 430 aas
1077 401 1124 416 .-

972 538 1076 625 Lxx.

507 711 704 808 Gregorius
721 711 758 787 in
776 715 845 788 VH
862 712 953 787 libro
970 714 1170 789 moralium.
1187 717 1385 792 lustiiuris
1402 717 1527 796 nullus
1551 739 1634 791 eou-

411 834 467 898 tra
484 828 649 922 potestati
667 827 776 902 huius
793 827 982 902 veritatem
1000 838 1164 928 pareunt,
1181 829 1241 904 sed
1258 852 1346 927 quos
1358 829 1473 904 attolli
1487 855 1552 928 per
1564 828 1633 903 ela·

410 938 542 1014 tionem
559 942 795 1038 conspiciunt,
811 967 873 1040 per
889 941 1039 1039 spiritus
1054 941 1305 1016 auctoritatem
1332 953 1509 1040 premunt.
1535 941 1631 1017 Hine

410 1062 465 1128 est
481 1054 577 1130 enim
594 1056 687 1154 qnod
703 1082 725 1130 a
741 1056 878 1132 deserto
895 1055 1025 1130 Moises
1042 1054 1191 1131 veniens
1208 1055 1332 1153 Egipti
1351 1079 1475 1151 regem
1500 1079 1547 1129 ex
1571 1079 1633 1127 au·
1768 1079 1769 1104 ¹

409 1169 573 1244 ctoritate
589 1171 804 1267 aggreditur
821 1169 953 1246 dicens.
971 1173 1057 1245 Haec
1073 1170 1161 1246 dieit
1179 1171 1353 1244 Dominus
1366 1173 1464 1245 Deus
1476 1170 1632 1245 Hebrae-

409 1306 500 1358 rum.
517 1287 709 1385 Usquequo
721 1309 791 1360 non
804 1284 860 1359 vis
873 1284 987 1359 subici
1002 1282 1141 1366 miehi?
1158 1282 1306 1357 Dimitte
1324 1282 1494 1381 populum
1508 1308 1631 1356 meum
1769 1305 1770 1350 1

408 1406 450 1472 nt
466 1399 646 1475 sacrificet
662 1399 762 1473 mihi.
780 1399 849 1475 Cui
866 1399 952 1473 dum
970 1396 1089 1497 plagis
1106 1421 1249 1495 prossus
1268 1396 1409 1472 Pharao
1422 1397 1569 1485 diceret,
1582 1397 1631 1470 ite

408 1509 609 1586 sacrificate
626 1514 699 1586 Deo
717 1522 835 1588 vestro
852 1512 891 1586 in
902 1521 1004 1586 terra
1021 1510 1101 1600 hae,
1118 1521 1225 1585 aneta
1243 1511 1406 1608 protinus
1417 1510 1631 1585 auctoritate

409 1625 597 1722 respondit.
614 1629 693 1700 Non
713 1636 826 1726 potest
847 1627 899 1700 ita
916 1625 1005 1700 fieri.
1023 1623 1314 1698 Abominationes
1339 1624 1435 1698 enim
1458 1624 1632 1721 Egyptio

408 1761 488 1810 rum
505 1736 769 1814 immolabimus
787 1739 937 1814 Domino
953 1739 1026 1812 Deo
1042 1747 1171 1811 nostre.
1189 1737 1285 1812 Hine
1301 1747 1356 1812 est
1372 1739 1466 1835 quod
1483 1762 1631 1836 pecean-
1770 1799 1771 1828 ἶ

406 1860 478 1925 tem
494 1875 617 1948 regem
632 1853 777 1928 Nathan
790 1851 1004 1949 aggreditur
1016 1851 1149 1926 diesne.
1163 1850 1232 1926 cui
1246 1851 1345 1949 prius
1355 1849 1629 1924 similitudinem

407 1975 606 2064 perpetrate
623 1966 927 2066 pravaricationis
944 1964 1113 2052 obiciens,
1129 1988 1283 2062 eumque
1305 1988 1406 2038 reum
1423 1962 1555 2062 proprii
1578 1963 1630 2036 iu·
1770 1987 1771 1992 ¹

406 2079 492 2154 dieii
509 2103 596 2156 voee
613 2091 751 2169 tenens,
769 2080 930 2179 protinus
947 2077 1112 2156 adiunxit
1128 2077 1260 2152 dicens.
1277 2081 1331 2152 Tu
1348 2102 1387 2151 es
1404 2077 1466 2152 ille
1482 2075 1542 2150 vir
1568 2076 1628 2174 qni

405 2191 524 2267 fecisti
540 2193 634 2268 hane
652 2219 737 2268 rem.
755 2193 850 2268 Hine
867 2191 1030 2291 estquod
1048 2190 1148 2266 Aeab
1165 2190 1339 2287 superbus
1349 2189 1539 2288 ydolorum
1558 2214 1629 2263 ser·

406 2303 495 2378 vitio
512 2305 694 2395 subactus
710 2331 793 2382 eum
812 2305 996 2404 inerepare
1023 2301 1165 2378 Heliam
1189 2325 1404 2401 praesumere
1427 2301 1564 2389 dicens,
1588 2312 1626 2374 tn

405 2441 451 2491 ne
468 2441 507 2492 es
524 2417 584 2493 ille
602 2418 664 2516 qui
681 2419 872 2494 conturbas
889 2417 1028 2493 Israel?
1045 2415 1168 2490 Helias
1187 2416 1349 2513 protinus
1366 2413 1508 2512 superbi
1530 2415 1629 2508 regis

406 2529 600 2604 stultitiam
610 2529 1211 2626 obiurgationisliberaanetoritate
1221 2529 1399 2627 percussit
1408 2527 1538 2603 dicens.
1547 2533 1628 2602 Non

405 2666 473 2737 ego
489 2643 644 2730 turbavi,
661 2645 722 2718 sed
739 2655 779 2718 tu
797 2654 833 2718 et
851 2645 977 2730 domus
995 2645 1105 2740 patris
1123 2644 1188 2731 tui,
1201 2645 1261 2742 qni
1276 2643 1516 2741 dereliquistis
1530 2668 1628 2716 man·

405 2757 487 2834 data
505 2758 647 2834 Domini
665 2771 701 2833 et
717 2759 831 2834 secuti
846 2759 933 2832 estis
946 2759 1120 2834 Bahalim.
1134 2758 1229 2832 Hinc
1242 2757 1401 2854 estquod
1417 2757 1555 2832 llliseus
1569 2781 1626 2830 ve-

406 2895 481 2944 ram
503 2871 668 2968 magistri
683 2871 922 2972 eelsitutidem
937 2897 1100 2970 sequens,
1113 2871 1276 2950 eumdem
1295 2870 1478 2944 Hababad
1490 2896 1527 2946 se
1544 2895 1627 2946 eum

403 2983 568 3081 Iosophat
581 3009 704 3080 regem
718 2985 923 3060 venientem
937 2985 1122 3083 aspiceret,
1135 3011 1179 3062 ex
1192 2996 1293 3060 reatu
1307 2985 1462 3084 perfidiae
1479 2987 1627 3060 confun-

403 3095 456 3170 dit
473 3097 604 3172 dieens.
622 3097 714 3186 Quid
734 3097 821 3172 mihi
839 3107 875 3173 et
892 3098 958 3172 tibi
975 3103 1055 3174 est?
1068 3099 1169 3174 Vade
1180 3099 1225 3178 ad
1238 3098 1426 3197 prophetas
1439 3098 1551 3195 patris
1568 3097 1623 3173 tui

402 3221 439 3284 et
455 3211 582 3286 matris
597 3221 678 3286 tuae.
696 3209 800 3287 Vivit
816 3211 991 3286 Dominus
1009 3215 1105 3287 Deus
1123 3212 1346 3288 exercituum
1365 3211 1526 3289 inanius
1544 3234 1625 3286 eon·

403 3333 527 3421 speetu
545 3333 609 3414 sto,
626 3325 719 3423 qnod
736 3325 765 3398 si
783 3348 854 3399 non
872 3325 1015 3400 vultum
1034 3323 1200 3422 Iosephat
1217 3325 1316 3420 regis
1332 3323 1430 3398 ludae
1442 3322 1625 3397 erubesce·

403 3461 574 3538 ramnes
598 3437 828 3513 attendissem
854 3449 890 3513 te
916 3437 1071 3536 quidem,
1097 3462 1163 3512 nee
1188 3438 1431 3534 respexissem.
1450 3437 1545 3511 Hine
1569 3445 1625 3510 est

403 3551 495 3648 quod
512 3551 605 3626 idem
623 3551 680 3624 vir
696 3555 856 3626 Naaman
869 3551 914 3625 ad
928 3577 965 3626 se
978 3576 1062 3627 eum
1075 3550 1177 3648 equis
1191 3560 1226 3624 et
1238 3549 1404 3623 curribus
1420 3548 1623 3623 venientem

403 3673 487 3737 ante
504 3662 660 3738 hostium
677 3665 802 3756 domus
820 3663 898 3738 fixit
914 3672 950 3737 et
962 3663 1176 3738 talentorum
1191 3662 1292 3760 copia
1304 3685 1347 3736 ao
1363 3660 1520 3737 vestium
1535 3660 1624 3735 fulto

401 3798 472 3849 non
489 3775 657 3865 occurrit,
673 3777 744 3850 non
762 3775 907 3850 ianuam
926 3776 1051 3851 domus
1064 3774 1214 3873 apernit,
1227 3775 1288 3850 sed
1300 3785 1342 3849 ut
1359 3775 1480 3849 lavare
1493 3775 1623 3872 septies

402 3889 441 3962 in
466 3889 615 3964 Iordane
639 3889 819 3964 debuisset
843 3914 904 3988 per
928 3888 1097 3962 nuntium
1126 3887 1318 3961 mandavit.
1342 3888 1444 3962 Unde
1468 3896 1505 3962 et
1528 3886 1621 3960 idem

403 4003 562 4074 Neeman
581 4000 695 4076 iratus
713 4002 899 4077 recedebat
916 4001 1048 4076 dicens.
1074 3999 1248 4074 Putabam
1274 3999 1366 4096 quod
1391 3999 1622 4094 egrederetur

402 4111 447 4184 ad
464 4136 530 4186 me.
544 4112 639 4186 Hine
656 4123 711 4188 est
728 4113 820 4210 quod
838 4116 966 4188 Petrus
983 4139 1067 4188 enm
1085 4137 1168 4188 eum
1182 4112 1381 4188 sacerdotes
1394 4122 1431 4186 et
1443 4111 1621 4211 principes

402 4225 511 4300 etiam
528 4249 591 4324 per
607 4225 753 4321 flagella
770 4227 959 4316 sevientes,
977 4226 1014 4300 in
1040 4225 1149 4301 Ihesu
1173 4225 1316 4300 nomine
1341 4225 1437 4322 loqui
1461 4221 1639 4324 prohibe'

402 4347 492 4426 rent,
509 4361 592 4411 eum
611 4361 744 4434 magna
762 4339 925 4436 protinus
942 4339 1155 4415 auctoritate
1173 4338 1352 4436 respondit
1368 4337 1500 4413 dicens.
1513 4339 1551 4411 Si
1568 4338 1620 4410 iu·

401 4459 496 4521 stum
515 4449 622 4522 estin
641 4461 832 4549 conspectu
853 4451 915 4526 Dei
934 4475 997 4525 vos
1015 4452 1132 4549 potius
1148 4451 1270 4526 audire
1288 4475 1395 4549 quam
1421 4451 1547 4538 Deum
1568 4449 1621 4521 iu·
