3618 5316
904 415 1102 477 -33ti-—

385 566 478 629 nem,
495 541 546 614 ita
563 541 749 615 dumtaxat
766 539 796 613 si
814 537 956 636 culpam
983 563 1091 638 quam
1117 540 1296 615 commisit
1323 536 1475 612 venialis
1501 533 1616 608 fucrit

385 658 542 732 inventa.
560 655 623 730 Sin
642 655 745 731 aliter
762 653 1058 752 comprehensum
1072 665 1201 729 vestrae
1214 653 1380 752 potestati
1393 677 1475 728 enm
1491 650 1616 726 remit·

386 771 414 846 ti
421 797 508 857 mus,
527 769 684 866 exceptis
700 768 758 842 his
775 769 837 866 qui
855 767 1062 842 violentiam
1081 766 1137 842 vel
1155 766 1415 866 oppressionem
1442 763 1617 861 potentio-

388 912 468 960 rum
488 885 631 983 passim,
650 885 725 958 ideo
742 883 786 957 ad
803 907 866 956 nos
884 882 1060 968 venerint,
1077 892 1119 955 ut
1138 905 1198 978 per
1216 891 1373 954 nostram
1391 875 1616 951 intercessio-

387 1024 468 1074 nem
487 997 660 1071 iustitiam
679 997 839 1094 accipere
853 1003 1057 1070 mereantur
1074 1016 1224 1090 quorum
1242 991 1354 1066 altera
1372 989 1526 1066 conditio
1543 998 1613 1078 est,

387 1123 423 1186 et
440 1138 461 1184 a
478 1110 718 1208 superioribus
735 1109 838 1183 valde
856 1109 1045 1182 disiuncta.
1064 1109 1110 1178 Et
1127 1103 1267 1201 qnando
1284 1103 1406 1176 divina
1424 1101 1612 1176 vocatione

388 1224 498 1297 hrains
517 1223 769 1298 sacratissimae
787 1222 880 1297 sedis
898 1219 1061 1294 Pontifex
1077 1218 1119 1291 de
1137 1216 1203 1292 hoc
1230 1217 1362 1290 mundo
1387 1215 1613 1310 migraverit,

388 1336 511 1410 nullus
523 1362 567 1411 ex
583 1359 696 1430 regno
712 1345 842 1420 nostro,
859 1345 922 1408 aut
935 1337 1108 1418 Francus,
1124 1341 1189 1404 aut
1206 1329 1472 1426 Langobardos,
1488 1337 1552 1402 aut
1569 1328 1615 1401 de

389 1449 547 1547 qualibet
559 1460 668 1544 gente
682 1449 784 1523 homo
797 1447 864 1522 sub
877 1457 996 1522 nostra
1007 1454 1176 1542 potestate
1187 1442 1615 1529 constitutuslicentIam

389 1564 519 1638 habeat
536 1573 661 1638 contra
678 1567 853 1637 Romanos
869 1571 933 1636 aut
950 1557 1102 1658 publice,
1120 1567 1183 1631 aut
1200 1556 1340 1655 private
1357 1555 1535 1643 veniendi,
1552 1553 1615 1627 vel

379 1677 596 1752 electionem
615 1676 779 1764 faciendi,
796 1675 991 1772 nullusque
1011 1673 1047 1745 in
1066 1671 1277 1746 civitatibus
1290 1671 1349 1744 vel
1362 1669 1552 1744 territoriis
1567 1667 1615 1740 ad

389 1789 560 1865 aecclesiae
577 1789 669 1862 beati
685 1789 780 1863 Petri
799 1786 958 1886 Apostoli
975 1793 1183 1883 potestatem
1198 1783 1460 1882 pertinentibus
1472 1779 1616 1878 aliquod

392 1901 525 1975 malum
544 1895 684 1999 propter
701 1901 766 1976 hoc
779 1901 896 1975 facere
910 1909 1112 1996 presumat.
1131 1896 1197 1969 Sed
1218 1895 1325 1970 liceat
1339 1895 1507 1970 Romanis
1529 1919 1614 1968 cum

390 2015 486 2088 omni
505 2013 741 2102 veneratione,
758 2024 794 2088 et
812 2013 888 2087 sine
914 2009 1073 2110 qualibet
1090 2009 1354 2107 perturbatione
1380 2009 1612 2083 honorificam

390 2151 454 2201 suo
467 2127 630 2202 Pontifici
650 2127 789 2201 exibere
806 2127 1038 2224 sepulturam,
1056 2133 1092 2198 et
1109 2149 1189 2197 eum
1205 2147 1309 2222 quem
1326 2123 1450 2196 divina
1463 2121 1613 2218 inspira-

390 2239 485 2314 tione
505 2247 542 2314 et
561 2238 655 2313 beati
676 2239 770 2313 Petri
788 2237 1041 2312 intercessione
1058 2261 1183 2312 omnes
1201 2237 1349 2312 Romani
1373 2260 1445 2310 uno
1466 2233 1614 2310 consilio

389 2361 496 2449 atque
521 2351 707 2427 concordia
725 2351 801 2424 sine
818 2350 939 2448 aliqua
961 2349 1193 2446 promissione
1210 2349 1255 2423 ad
1273 2349 1501 2447 pontificatus
1522 2347 1614 2420 ordi-

391 2490 473 2538 nem
498 2465 675 2560 elegerint
699 2465 775 2540 sine
801 2463 960 2562 qualibet
983 2462 1221 2558 ambiguitate
1246 2463 1305 2536 vel
1331 2460 1610 2537 contradictione

390 2601 485 2651 more
499 2579 668 2653 canonico
682 2576 891 2652 consecrari.
906 2579 952 2650 Et
966 2577 1051 2651 dnm
1066 2584 1296 2650 consecratus
1310 2574 1430 2663 fuerit,
1442 2573 1554 2670 legati
1566 2573 1611 2646 ad

393 2713 457 2764 nos
475 2689 533 2765 vel
555 2689 599 2763 ad
620 2713 843 2765 successores
860 2701 1000 2765 nostros
1027 2713 1132 2784 reges
1154 2692 1374 2763 Francorum
1400 2687 1615 2783 dirigantur,

391 2801 454 2899 qui
472 2801 642 2876 internos
659 2811 695 2876 et
712 2802 792 2876 illos
808 2801 1004 2877 amicitiam
1020 2812 1056 2876 et
1069 2803 1258 2878 caritatem
1273 2829 1315 2878 ac
1329 2826 1453 2900 pacem
1471 2801 1617 2888 socient,

390 2915 486 2988 sicut
509 2915 727 3013 temporibus
745 2915 800 3012 pie
818 2914 1073 2990 recordationis
1091 2916 1219 2990 Domni
1234 2914 1353 2990 Caroli
1371 2914 1485 2989 attavi
1503 2912 1615 2988 nostri

389 3027 578 3101 ueletiam
601 3027 728 3103 Domni
757 3027 875 3124 Pipini
893 3027 952 3100 avi
976 3028 1108 3117 nostri,
1132 3053 1194 3104 seu
1217 3029 1323 3102 etiarn
1346 3027 1474 3102 Domni
1496 3025 1616 3102 Caroli

390 3139 613 3239 imperatoris
630 3142 806 3238 genitoris
824 3144 936 3217 nostri
954 3141 1174 3216 consuetudo
1192 3151 1269 3215 erat
1282 3139 1446 3215 faciendi.
1461 3142 1537 3214 Hoc
1554 3164 1617 3211 au·

390 3263 463 3328 tem
485 3264 527 3330 ut
547 3255 591 3328 ab
612 3255 777 3330 omnibus
794 3253 956 3329 fidelibus
978 3263 1112 3329 sanctae
1139 3253 1203 3328 Dei
1229 3252 1398 3328 aecclesiae
1423 3263 1460 3328 et
1484 3251 1616 3327 nostris

391 3367 535 3440 firmum
562 3391 638 3442 esse
663 3367 840 3454 credatur,
865 3366 1075 3464 firmiusque
1105 3389 1167 3463 per
1196 3366 1338 3440 futuras
1366 3365 1616 3461 generationes

388 3505 431 3556 ac
448 3480 580 3555 saecula
598 3490 751 3555 ventura
776 3479 1010 3566 custodiatur,
1027 3477 1176 3574 propriae
1202 3503 1333 3550 manus
1357 3476 1560 3574 signacula,
1582 3484 1618 3550 et

388 3591 648 3668 venerabilium
666 3591 921 3689 episcoporum,
937 3600 1044 3688 atque
1060 3589 1243 3679 abbatum,
1264 3590 1322 3664 vel
1341 3590 1449 3665 etiam
1468 3589 1616 3688 optima·

389 3716 466 3780 tum
493 3714 705 3794 nostrorum,
730 3702 797 3778 snb
821 3703 1050 3778 iureiurando
1075 3703 1369 3800 promissionibus
1395 3713 1432 3778 et
1455 3702 1611 3777 subscri·

389 3817 568 3916 ptionibus
581 3826 725 3916 pactum
739 3817 835 3892 istud
852 3826 982 3892 nostrae
999 3816 1277 3891 confirmationis
1298 3816 1558 3904 roboravimus,
1574 3826 1611 3889 et

390 3955 452 4027 per
466 3929 626 4026 legatum
641 3940 774 4006 sanctae
784 3934 950 4005 Romanae
967 3927 1137 4004 aecclesia
1151 3928 1372 4003 Theodorum
1386 3927 1615 4003 nomencula-

389 4061 501 4127 torem
515 4054 650 4126 Domno
667 4051 832 4126 Paschali
851 4054 954 4148 Papae
966 4049 1170 4124 direximus.
1190 4063 1304 4239 ΒΕ
1335 4145 1607 4242 Egoffludouui

389 4292 454 4342 cus
472 4265 714 4341 misericordia
732 4266 797 4342 Dei
820 4268 1015 4363 Imperator
1033 4266 1239 4366 subscripsi.
1258 4271 1304 4342 Et
1326 4267 1619 4365 subscripserunt

391 4383 443 4454 III
461 4379 526 4452 filii
544 4381 632 4470 eius,
646 4390 682 4454 et
699 4379 863 4480 Episcopi
889 4381 925 4454 X
940 4388 976 4453 et
1003 4377 1159 4454 Abbates
1185 4381 1271 4453 VIII
1296 4389 1333 4453 et
1358 4379 1516 4454 Comites
1540 4381 1612 4452 XV

388 4501 425 4566 et
442 4491 741 4568 Bibliothecarius
756 4517 853 4568 unus
878 4502 913 4567 et
938 4491 1203 4568 Mansionarius
1227 4502 1262 4568 et
1279 4491 1483 4584 Hostiarius
1510 4517 1617 4566 unus.
