3582 5288
902 369 1100 433 -134-

962 589 1042 672 cot.

907 794 956 844 Ex
974 790 1099 845 eodem.

485 958 687 1032 Bonifatius
703 955 832 1031 tertius
848 955 991 1029 natione
1009 957 1191 1029 Romanus
1204 955 1359 1030 obtinuit
1370 979 1391 1027 a
1404 957 1497 1029 Foca
1510 955 1613 1028 Prin·

391 1073 520 1171 cipeut
529 1075 685 1146 Romana
698 1069 860 1145 Ecclesia
869 1076 1078 1165 essetcaput
1089 1069 1249 1142 omnium
1263 1067 1519 1157 Ecclesiam,
1528 1069 1613 1166 quia

393 1185 556 1260 Ecclesia
574 1182 965 1280 Constantinopolitano
982 1183 1134 1278 primam
1152 1207 1192 1257 se
1203 1182 1363 1257 omnium
1377 1181 1611 1257 ecclesiarum

391 1299 578 1375 scribebat.
587 1298 753 1372 Hicfecit
764 1296 1000 1372 constitutum
1014 1296 1051 1369 in
1064 1293 1216 1370 ecclesia
1229 1294 1323 1370 beati
1337 1295 1435 1369 Petri
1444 1294 1614 1393 Apostoli,

392 1415 430 1488 in
451 1437 521 1512 quo
541 1412 708 1487 sederunt
727 1411 890 1508 Episcopi
908 1411 1043 1483 LXXII
1060 1409 1267 1508 Presbyteri
1284 1411 1435 1484 Romani
1452 1411 1614 1484 XXXIII

392 1537 565 1624 praesente
582 1527 678 1601 omni
695 1526 789 1599 clero
806 1524 873 1598 sub
893 1523 1193 1613 anathemamus
1217 1523 1341 1598 nullus
1366 1524 1538 1598 Pontifice
1562 1523 1615 1596 vi·

391 1650 509 1730 vente,
530 1649 593 1716 aut
610 1640 781 1737 Episcopo
798 1639 958 1713 civitatis
983 1662 1057 1710 sure
1081 1647 1276 1734 prasumat
1293 1636 1390 1735 loqui
1407 1646 1471 1710 aut
1495 1644 1614 1732 partes

391 1754 462 1828 sibi
479 1753 597 1828 facere
614 1753 685 1826 nisi
703 1753 808 1826 tertio
832 1753 889 1826 dic
914 1750 1144 1850 depositionis
1168 1751 1257 1840 eius,
1281 1751 1436 1824 adunato
1461 1749 1556 1824 clero
1579 1759 1616 1824 ct

393 1867 478 1941 filiis
503 1865 673 1956 ecclesiae,
689 1874 726 1940 ct
742 1875 831 1941 tunc
847 1866 973 1940 electio
998 1867 1060 1938 fiat
1076 1875 1112 1940 et
1128 1890 1234 1964 quem
1256 1867 1437 1942 voluerint
1460 1863 1615 1939 habeant

392 1979 573 2056 licentiam
591 1979 748 2076 eligendi
767 1979 834 2053 sibi
851 1980 1079 2055 sacerdotem.

955 2211 1053 2294 oon.

490 2435 669 2509 Bonifatio
685 2435 736 2506 ΙΙο
755 2436 855 2510 venit
872 2435 997 2510 relatio
1009 2435 1054 2510 ab
1069 2435 1177 2509 Affris
1194 2435 1379 2532 Episcopis
1392 2433 1433 2508 de
1447 2433 1618 2507 constitu-

394 2551 490 2624 tione
502 2572 623 2623 eorum
638 2557 679 2622 ut
692 2549 839 2623 consilio
852 2550 953 2624 Sedis
966 2547 1175 2647 Apostolicae
1188 2548 1462 2643 Cartaginensis
1475 2546 1618 2643 Episco-

395 2688 463 2761 pus
479 2664 600 2738 omnia
617 2663 762 2739 faceret.
778 2667 871 2739 Nam
890 2664 957 2738 sub
973 2664 1087 2765 primo
1112 2663 1282 2738 Bonifatii
1308 2669 1562 2761 separaverant
1579 2685 1617 2734 se

394 2803 416 2850 a
433 2779 592 2852 Romarm
610 2778 709 2853 Sede.

952 3003 1068 3088 ooln.

490 3224 705 3300 Benedictus
715 3226 749 3297 II
762 3225 904 3298 natione
918 3225 1098 3298 Βιιιιιιιιιιιε
1111 3223 1268 3318 suscepit
1281 3223 1455 3296 iussiones
1463 3220 1618 3298 clemen·

395 3335 526 3410 tissimi
543 3337 721 3434 Principis
739 3336 965 3412 Constantini
977 3335 1028 3439 'ad
1044 3334 1285 3409 venerabilem
1299 3335 1444 3411 Clarum
1459 3343 1495 3410 et
1511 3357 1618 3432 popu·

396 3448 473 3523 lum
491 3452 658 3524 Bomanae
674 3450 835 3524 civitatis
851 3475 914 3547 per
931 3473 1019 3547 quos
1036 3448 1211 3523 concessit
1228 3449 1342 3546 utqui
1355 3448 1491 3525 electus
1508 3448 1617 3524 fuerit

397 3561 562 3637 Pontifex
577 3586 596 3637 e
614 3562 769 3659 vestigio
786 3572 1015 3639 consecretur
1031 3563 1164 3662 absque
1181 3564 1359 3639 tarditate.

945 3792 1080 3876 oclffl.

492 4019 750 4093 Constantinus
767 4020 910 4094 natione
927 4021 1044 4118 Syrus
1060 4018 1239 4092 ordinavit
1256 4017 1413 4093 Felicem
1432 4019 1617 4118 Archiepi-

396 4155 541 4231 scopum
558 4133 804 4207 Ravennatem
825 4134 887 4230 qui
913 4133 1110 4208 secundum
1135 4131 1429 4208 consuetudinem
1456 4134 1614 4230 priorum

396 4269 542 4320 suorum
559 4245 681 4320 solitas
697 4245 813 4320 noluit
830 4247 867 4318 in
893 4247 1026 4320 scrinio
1051 4246 1168 4324 facere
1193 4245 1387 4333 cautiones,
1409 4245 1469 4320 sed
1486 4268 1615 4344 praepo

396 4360 545 4435 tentiam
564 4359 738 4434 iudicium
756 4359 926 4456 exposuit,
951 4369 992 4433 ut
1010 4359 1173 4432 Pontifex
1198 4357 1336 4431 maluit.
1361 4357 1472 4432 Venit
1495 4368 1615 4434 autem

396 4483 433 4550 et
449 4473 665 4550 Benedictus
683 4471 981 4570 Archiepiscopus
996 4471 1269 4548 Mediolanensis
1286 4469 1520 4546 ordinationis
1537 4480 1616 4547 voto
