3642 5294
904 406 1079 471 „25-

381 526 483 614 Quod
496 525 695 602 conditores
704 525 865 601 eeclesiae
877 525 968 600 nihil
979 526 1070 600 iuris
1079 527 1117 598 in
1130 550 1171 600 ea
1185 525 1348 599 habeant.
1361 528 1444 624 Cap.
1456 527 1601 602 XCIIII.

455 642 673 716 CXXVIIII.
692 642 777 738 Cap.
794 641 888 715 XCI.
904 650 941 715 et
957 641 995 713 in
1012 641 1099 714 IIII⁰
1116 639 1175 714 lib.
1193 640 1393 714 CXXXIII.

383 753 484 840 Quod
517 752 665 826 vincula
695 753 789 828 beati
821 753 918 828 Petri
948 753 1054 830 titulo
1084 754 1244 829 Eudoxia
1272 755 1345 827 sint
1377 756 1483 830 etiam
1508 755 1600 830 beati

454 865 569 940 Pauli.

465 1074 641 1180 Explicit
659 1075 893 1180 capitulatio
912 1075 1010 1159 libri
1027 1077 1091 1160 III.
1276 1078 1421 1181 Incipit
1438 1078 1520 1161 IIII.

383 1315 435 1386 De
452 1313 664 1387 auctoritate
682 1311 971 1387 Constantiniani
988 1312 1184 1408 privilegii.
1202 1314 1287 1411 Cap.
1305 1317 1331 1388 I.

383 1425 544 1513 Qualiter
561 1429 756 1523 Imperator
774 1425 1032 1500 Constantinus
1055 1426 1294 1523 Apostolicam
1320 1427 1445 1501 Sedem
1471 1427 1602 1502 exalta-

453 1539 558 1613 rerit.
575 1540 660 1637 Cap.
676 1539 750 1614 eod.

383 1653 522 1741 Quibus
538 1653 577 1726 in
592 1653 681 1728 locis
697 1653 810 1728 eidem
830 1653 960 1752 praedia
977 1652 1180 1727 contulerit.
1197 1653 1283 1748 Cap.
1299 1652 1372 1726 eod.

383 1771 460 1856 Qua
477 1767 636 1864 insignia
654 1771 752 1842 Rom.
766 1768 929 1844 Pontifici
943 1777 979 1843 et
996 1765 1099 1841 Clero
1112 1765 1189 1839 cius
1202 1763 1404 1840 contulerit.
1418 1766 1503 1861 Cap.
1515 1766 1600 1840 item

454 1881 584 1957 eodem.

384 1995 545 2082 Qualiter
562 1995 641 2068 cius
666 1994 886 2092 dispositioni
912 2003 1027 2069 totum
1049 1991 1279 2066 Occidentem
1297 1991 1491 2088 reliquerit.
1516 1993 1600 2090 Cap.

453 2109 537 2183 item
556 2109 685 2184 eodem.

382 2222 482 2309 Quod
499 2221 720 2319 imperialem
737 2243 902 2296 coronam
927 2221 1042 2294 eidem
1059 2217 1262 2305 contulerit,
1279 2227 1316 2291 et
1332 2213 1517 2294 diffinierit
1533 2229 1601 2293 ter·

454 2359 580 2410 renum
604 2335 793 2433 imperium
819 2339 938 2410 Romae
964 2339 1173 2431 potestatem
1199 2353 1269 2404 non
1292 2329 1431 2405 habere.
1456 2331 1600 2429 Capitu-

454 2449 500 2538 la,
517 2473 586 2548 quo
603 2473 721 2546 supra.

382 2561 545 2650 Qualiter
561 2562 628 2637 hec
646 2562 683 2634 in
701 2587 809 2638 causa
835 2584 918 2636 suos
942 2558 1159 2656 obligaverit
1184 2579 1415 2632 successores.
1434 2558 1518 2655 Cap.
1535 2581 1603 2656 quo

454 2699 573 2773 supra.

383 2785 546 2873 Qualiter
562 2785 628 2862 hoc
645 2785 879 2885 privilegium
896 2785 1173 2860 confirmaverit.
1192 2785 1277 2880 Cap.
1295 2784 1380 2858 item
1399 2783 1520 2880 primo.

383 2904 435 2975 De
460 2901 652 2997 privilegio
677 2905 774 2975 Rom.
792 2899 972 2976 Ecclesiae.
994 2903 1037 2973 In
1062 2901 1095 2971 1⁰
1120 2897 1179 2970 lib.
1196 2921 1271 2994 cap.
1289 2897 1356 2970 CL.
1379 2898 1603 2971 XXXVIIII.

455 3015 688 3090 CCXXXVI.
706 3015 974 3090 CCXXXVIII.
992 3013 1128 3087 CCXL.

383 3127 483 3213 Quod
500 3127 694 3224 privilegia
710 3131 809 3201 Rom.
834 3126 1006 3202 Ecclesia
1022 3124 1123 3198 nulla
1140 3123 1275 3219 possint
1292 3123 1428 3198 virtute
1451 3123 1603 3197 dirrum-

455 3239 500 3335 pi.
517 3243 609 3313 XLI.
626 3240 739 3314 XCII.

383 3352 483 3438 Quod
499 3353 622 3426 saeculi
640 3362 794 3450 potestas
811 3352 987 3449 praecipue
1004 3377 1026 3424 a
1042 3350 1136 3425 beati
1155 3349 1252 3424 Petri
1266 3349 1348 3424 sede
1365 3374 1407 3424 ea
1425 3373 1504 3446 quae
1517 3373 1602 3424 vera

455 3473 541 3537 sunt
557 3465 660 3538 debet
676 3488 900 3560 cognoscere.
918 3465 1002 3562 Cap.
1019 3467 1092 3538 XL.
1109 3466 1200 3537 XLI.
1218 3465 1454 3536 LXXXVIII.

384 3578 436 3650 De
453 3576 649 3652 obedientia
667 3577 824 3652 eiusdem
842 3601 930 3674 erga
948 3577 1106 3651 candem.
1122 3601 1198 3672 cap.
1215 3577 1325 3648 XLV.

384 3691 435 3763 De
454 3689 654 3764 reverentia
670 3690 898 3788 antiquorum
916 3695 1173 3787 Imperatorum
1191 3713 1280 3784 erga
1301 3689 1458 3763 eandem.
1476 3689 1560 3786 Cap.
1577 3691 1603 3761 I.

458 3805 500 3874 II.
514 3805 576 3874 III.
587 3804 668 3875 IIII.
683 3806 726 3876 V.
739 3806 884 3878 XLVII.
898 3806 988 3878 LVI.
1001 3807 1131 3885 XCVI.
1141 3807 1216 3879 CX.
1227 3806 1339 3880 CXII.
1348 3806 1603 3880 CXXXVIIII.

456 3914 560 3988 CXL.
576 3917 619 3986 In
645 3916 677 3987 1⁰
696 3915 774 3988 libr.
800 3916 1032 3992 CCXXXVI.
1058 3919 1309 3995 CCXXXVII.
1336 3919 1604 3993 CCXXXVIII.

385 4143 473 4214 Item
491 4141 534 4214 de
555 4142 757 4217 reverentie
783 4146 1002 4219 Francorum
1029 4149 1287 4242 Imperatorum
1312 4168 1388 4241 cap.
1405 4147 1450 4218 X.
1475 4144 1605 4218 CXIII.

457 4254 604 4328 CXIIII.
621 4254 659 4327 in
676 4257 709 4328 1⁰
727 4255 786 4329 lib.
804 4257 974 4333 CCXLII.
991 4269 1028 4333 et
1044 4258 1136 4356 quod
1153 4245 1251 4333 Rom.
1268 4258 1441 4332 Ecclesia
1454 4281 1525 4330 non
1538 4256 1606 4353 ipsi

459 4367 589 4464 praedia
605 4369 823 4445 contulerint
840 4372 903 4446 sed
921 4371 1154 4447 restituerint.
1173 4371 1257 4469 Cap.
1277 4374 1322 4444 X.
1344 4374 1380 4444 L.
1401 4369 1438 4442 in
1460 4369 1520 4443 lib.
1538 4369 1607 4442 ΙΙΙ·

457 4506 533 4579 cap.
551 4483 654 4556 CLII.
