3618 5316
718 405 757 432 ⁴·-
784 383 847 446 327
873 415 913 430 -

206 508 354 584 Talassa
367 507 453 582 rotis
466 515 502 581 et
514 505 666 579 fundum
681 502 1000 601 Ampitheanorum
1013 526 1058 577 ex
1070 465 1213 600 corpore
1227 527 1354 577 massae
1367 491 1424 575 Pi-

78 675 84 682 ·
208 649 305 698 ranae
314 619 579 718 praestatnauri
589 617 947 714 solidos‚etcampum
958 616 1111 715 positum
1122 617 1158 689 in
1169 616 1329 692 Scauriis
1339 641 1424 714 prae·

207 734 790 830 statamaurisiliquasetterram
805 741 993 807 vacantem
1004 732 1090 806 loris
1104 754 1223 806 muros
1236 732 1345 806 castri
1359 732 1425 807 Ca·

203 839 313 926 ietani
322 870 381 920 aar
390 835 470 922 auri
480 845 755 945 siliquasomnia
765 867 960 945 excorpore
968 845 1172 943 patrimonii
1183 844 1424 934 Caietanibus‚

209 966 474 1039 iurisRomanae
483 961 652 1037 aecclesia
661 969 830 1058 praestant
840 959 958 1035 omnia
967 976 1068 1033 arum
1081 958 1160 1032 auri
1174 959 1312 1034 solidos.
1325 959 1424 1034 Idem

208 1077 392 1153 in'eodem.
405 1075 583 1174 Hysidoro
600 1074 752 1148 fundum
767 1076 944 1162 Sororum,
957 1081 993 1148 et
1009 1071 1162 1145 fundum
1180 1070 1351 1144 Virorum
1364 1068 1425 1142 via

209 1191 390 1266 Lauicano
407 1188 493 1262 mill.
506 1187 588 1286 plus
605 1187 726 1261 minus
738 1187 845 1260 XIIII
858 1193 1004 1282 praestat
1016 1210 1065 1258 arr
1083 1183 1162 1258 auri
1177 1183 1313 1258 solidos.
1325 1182 1426 1258 Idem

209 1303 247 1376 in
261 1303 391 1379 eodem.
404 1305 495 1378 Urso
508 1301 659 1376 fundum
670 1298 882 1388 Ananvilas‚
897 1323 980 1374 cum
993 1297 1164 1397 apendice
1177 1322 1254 1387 sua,
1267 1321 1426 1372 cucunu·

209 1415 266 1505 lis,
279 1415 339 1513 qui
349 1413 586 1491 etcoroorulis
595 1412 832 1504 ettabernala‚
844 1412 956 1510 posita
966 1413 1003 1486 in
1017 1412 1165 1488 civitate
1174 1411 1426 1501 Tiburtinam

210 1551 352 1626 corpore
375 1530 500 1602 massae
516 1527 773 1613 intromurane,
790 1526 994 1623 patrimonii
1012 1525 1190 1600 Tiburtini
1204 1535 1350 1624 praestat
1373 1551 1425 1598 au

208 1641 287 1714 auri
301 1633 437 1716 solidos.
451 1643 536 1716 Haec
549 1638 748 1714 Zacharias.
762 1639 942 1738 Septimus
958 1662 1044 1714 vero
1058 1641 1153 1736 Papa
1171 1638 1370 1734 Gregorius
1386 1638 1425 1711 in

210 1759 262 1829 VI
274 1755 363 1830 libro
377 1755 434 1829 sui
447 1755 580 1850 regesti
593 1753 690 1829 dicit.
703 1755 872 1830 Castrum
886 1753 1123 1850 quoddicitur
1136 1750 1319 1826 Moriciola
1331 1751 1425 1826 beati

210 1869 308 1943 Petri
320 1891 398 1943 esse
416 1868 527 1942 situm
545 1868 581 1940 in
600 1867 734 1943 ducatu
756 1867 946 1965 Spoletina,
962 1867 1055 1942 inter
1068 1865 1243 1968 Murieem
1261 1875 1297 1938 et
1313 1863 1428 1940 Olari-

209 2006 372 2078 gnanum
389 1981 427 2054 in
445 1981 545 2080 plebe
558 1981 600 2056 de
614 1983 768 2071 Luzano,
786 2005 830 2055 ex
847 1979 1017 2055 reditione
1036 1977 1180 2068 Gisleri,
1197 1977 1263 2052 snb
1283 1977 1427 2051 usufru-

210 2103 271 2169 ctu
285 2094 370 2169 vitae
384 2119 468 2182 suae,
481 2103 517 2168 et
530 2093 594 2166 filii
609 2094 676 2183 sui,
689 2103 725 2168 et
741 2093 984 2189 legitimorum
999 2091 1152 2166 filiorum
1170 2091 1259 2164 eius.
1275 2092 1366 2166 ltem
1382 2113 1427 2165 ex

209 2206 323 2303 primo
339 2205 495 2280 eiusdem
515 2229 590 2304 cap.
607 2209 734 2282 LXVI.
753 2206 971 2282 Croscientis
987 2205 1148 2281 aecclesia
1165 2204 1203 2277 in
1220 2204 1425 2305 episcopatu

211 2319 437 2395 Sistoricensi
455 2320 493 2393 in
511 2319 723 2396 comitatu...
739 2320 834 2396 beati
851 2319 947 2395 Petri
965 2330 1028 2394 est.
1045 2320 1136 2392 Item
1149 2317 1191 2390 in
1208 2317 1328 2392 eodem
1350 2341 1426 2414 cap.

210 2435 317 2508 XVII
330 2433 466 2530 legitur
477 2433 603 2510 beatus
616 2435 769 2530 Egidius
782 2434 853 2508 iuri
866 2434 958 2508 beati
978 2433 1075 2508 Petri
1092 2432 1291 2508 subdidisse
1308 2455 1427 2506 mona-

211 2549 359 2623 sterium
378 2574 483 2623 suum
502 2559 538 2624 et
554 2550 698 2625 abbates
715 2549 793 2624 eius
809 2547 1122 2624 consecrationem.
1138 2547 1228 2622 Item
1245 2546 1284 2618 in
1304 2545 1426 2620 eodem

211 2661 301 2735 libro
314 2665 347 2736 II
356 2685 430 2760 cap.
439 2665 510 2736 XV
520 2662 658 2758 legitur
667 2661 921 2737 monasterium
932 2661 1156 2735 Pultariense
1166 2659 1204 2734 in
1214 2659 1427 2756 Burgundio

211 2776 249 2848 in
263 2776 466 2875 episcopatu
479 2777 709 2873 Lingonensi,
722 2775 812 2849 iuris
824 2775 918 2850 beati
932 2775 1029 2850 Petri
1042 2799 1128 2850 esse.
1140 2776 1230 2849 Item
1249 2773 1287 2846 in
1304 2773 1434 2848 eodem¹

79 2923 92 2929 ·
211 2913 286 2987 cap.
298 2891 433 2964 XVIII.
444 2891 699 2966 Monasterium
709 2889 859 2964 Dolense
872 2887 1172 2987 inAquitania‚in
1183 2885 1427 2984 Archiepisco

211 3011 297 3100 patu
311 3002 528 3078 Bituricensi
541 3003 631 3078 iuris
644 3003 737 3078 beati
752 3003 933 3078 Petriesse
947 3001 1092 3098 legitur.
1105 3004 1195 3076 Item
1208 3025 1229 3077 c
1242 3000 1330 3076 libro
1356 3003 1426 3075 VII

212 3138 287 3214 cap.
300 3119 401 3191 LXX
412 3116 548 3213 legitur
560 3117 685 3192 beatus
699 3117 867 3192 Giraldus
880 3114 1136 3190 monasterium
1150 3139 1256 3189 suum
1266 3114 1375 3189 situm
1386 3116 1424 3188 in

212 3231 390 3305 Arvernia
401 3231 475 3308 loco
484 3232 546 3330 qui
555 3231 687 3307 dicitur
697 3229 1031 3320 Aureliacus,beato
1045 3231 1149 3304 Petro
1162 3229 1350 3304 tradidisse
1360 3229 1427 3303 sub

212 3336 333 3418 annua
347 3345 513 3442 pensione
527 3347 564 3419 X
575 3345 777 3420 solidorum.
794 3347 884 3420 Item
901 3368 946 3418 ex
962 3343 1093 3430 eodem,
1111 3367 1185 3442 cap.
1202 3345 1339 3417 LXXV
1358 3367 1429 3418 mo·

213 3457 412 3533 casterium
430 3459 628 3534 Salvatoris
645 3461 682 3532 in
702 3459 850 3548 Svevia,
864 3452 902 3531 in
920 3457 1124 3555 episcopatu
1143 3457 1427 3547 Constantiam

212 3570 300 3645 villa
310 3597 388 3671 quaa
397 3573 529 3648 dicitur
542 3573 737 3672 Scaphusa‚
749 3572 856 3648 solvit
863 3571 1049 3646 annuatim
1059 3583 1185 3646 aureos
1193 3573 1264 3646 XII
1277 3593 1428 3668 quorum

211 3685 286 3759 XX
298 3685 442 3759 unciam
456 3685 605 3760 faciunt.
618 3689 708 3760 Item
721 3709 766 3759 ex
778 3688 865 3760 VIII
878 3684 967 3761 libro
979 3709 1055 3783 cap.
1067 3686 1246 3759 XXVIIII
1256 3695 1428 3760 monaste·

213 3801 307 3874 rium
320 3801 412 3900 quod
424 3799 557 3876 dicitur
568 3820 671 3875 mons
684 3799 806 3890 maior,
820 3799 930 3874 situm
944 3799 982 3872 in
996 3799 1198 3889 Provincia,
1209 3808 1245 3873 et
1254 3807 1429 3874 monaste·

213 3916 306 3990 rium
322 3925 454 3990 sancte
468 3915 591 3990 Maria
603 3915 645 3989 de
659 3915 799 4004 Crasso,
808 3914 845 3986 in
858 3911 1164 4010 archiepiscopatu
1177 3911 1362 4000 Narbonae,
1374 3911 1429 3986 iu·

213 4029 263 4102 ris
271 4028 365 4104 beati
376 4027 471 4102 Petri
481 4027 666 4122 leguntur,
674 4037 710 4100 et
718 4026 908 4102 commissa
916 4025 983 4101 sub
992 4025 1105 4101 tutela
1115 4025 1264 4100 Abbatis
1273 4025 1430 4099 Maxiliae

213 4141 275 4238 qui
293 4139 508 4236 regulariter
526 4141 762 4237 promovetur.
775 4142 865 4216 Item
878 4141 916 4216 in
929 4140 1049 4216 eodem
1063 4164 1140 4238 capr
1152 4143 1262 4216 XXX
1278 4140 1429 4216 ecclesia

213 4254 335 4329 Sancti
346 4253 443 4328 Patri
453 4253 489 4326 in
501 4253 704 4352 episcopatu
715 4254 944 4344 pictaviensi,
953 4255 990 4328 in
1000 4254 1087 4330 villa
1097 4257 1343 4346 Mascarans‚a
1354 4253 1430 4329 suis

211 4367 451 4445 conditoribus
461 4371 628 4443 Romanae
636 4367 807 4444 Ecclesia
816 4369 946 4442 tradita
955 4379 1019 4458 ast,
1027 4376 1296 4468 etunaquaeque
1305 4368 1430 4444 domus

212 4483 369 4560 eiusdem
390 4481 487 4558 villae
504 4483 612 4559 solvit
629 4485 815 4560 annuatim
834 4484 920 4558 VIII
937 4481 1099 4557 denarios
1116 4483 1359 4558 Pictaveoses.
