3638 5294
877 393 920 411 ··
943 361 1010 427 456
1036 391 1076 410 -
1178 417 1182 424 .

368 482 471 582 getat
494 481 570 582 ipse
593 480 750 580 Spiritus
763 477 965 556 'invenerit
987 480 1081 556 Nam
1098 481 1247 579 spiritus
1265 479 1378 556 estin
1393 489 1429 556 te
1445 480 1592 569 ohomo,

368 622 438 698 quo
455 607 530 674 stas
545 607 588 672 ut
604 597 707 671 homo
723 595 782 672 sis.
803 595 988 693 Numquid
1012 592 1177 668 vivificat
1201 593 1417 686 membrum,
1431 597 1522 694 quod
1539 622 1593 672 se-

369 722 535 812 paratum
548 711 770 786 invenitura
786 733 895 785 carne
909 711 999 782 tua?
1012 707 1109 782 Idem
1127 707 1164 780 in
1179 731 1341 782 sermone
1354 711 1592 801 Pentecostes,

369 825 476 901 cuius
487 824 633 898 initium
646 833 709 899 est.
720 823 926 898 Adventum
936 820 1096 919 Spiritus
1108 820 1234 896 sancti.
1243 823 1298 894 Ne
1311 831 1499 918 putaretur
1511 845 1591 898 con·

370 961 524 1036 sequens
547 946 612 1026 est,
629 945 671 1011 ut
696 934 859 1034 quisquis
884 935 1111 1032 Baptismum
1129 934 1317 1009 Trinitatis
1338 933 1514 1024 habuerit,
1531 937 1591 1010 ha-

215 1040 230 1109 Ϊ
368 1053 451 1128 beat
466 1049 574 1128 etiam
596 1050 771 1149 Spiritum
796 1059 961 1125 sanetum
988 1057 1172 1146 propterea
1189 1047 1228 1121 in
1246 1049 1324 1146 ipsa
1339 1049 1478 1125 unitate
1497 1051 1594 1126 facta

372 1177 427 1243 est
451 1177 552 1242 tanta
569 1167 762 1257 distinctio,
780 1176 821 1241 ut
838 1164 1068 1242 inveniamus
1084 1161 1253 1260 quosdam
1270 1163 1467 1262 baptizatos
1485 1164 1594 1260 Spiri-

372 1290 451 1356 tum
468 1289 634 1357 sanctum
653 1286 772 1378 postea
790 1279 974 1367 meruisse,
991 1301 1075 1352 oum
1092 1270 1137 1350 ad
1159 1273 1239 1350 illos
1259 1276 1297 1349 iu
1319 1277 1517 1350 Samariam
1535 1302 1595 1352 ve·

370 1393 509 1501 nissent
517 1391 686 1491 Apostoli,
696 1391 825 1490 quibus
834 1389 1042 1467 absentibus
1055 1389 1200 1464 fuerant
1211 1389 1499 1486 baptizatiAlios
1510 1400 1595 1466 ante

369 1505 600 1606 baptismum,
617 1506 670 1583 sic
687 1507 860 1605 loquente
880 1510 984 1582 Petro
1002 1503 1209 1580 Cornelium
1226 1515 1262 1579 et
1277 1527 1336 1579 eos
1353 1504 1416 1603 qui
1433 1529 1514 1579 cum
1533 1505 1596 1579 illc

369 1628 481 1695 erant.
498 1621 613 1716 Super
630 1616 719 1692 alios
733 1640 814 1693 mox
825 1617 1032 1715 baptizatos,
1049 1617 1145 1693 siout
1161 1641 1268 1714 super
1281 1617 1386 1692 illum
1404 1618 1594 1716 spadonem

372 1733 433 1808 oui
451 1731 654 1831 Phylippus
670 1731 937 1828 evangelizavit
955 1730 1150 1808 Christum.
1168 1733 1283 1828 Super
1307 1729 1396 1804 alios
1422 1757 1595 1804 manuum

373 1845 597 1944 impositione
615 1845 874 1946 Apostolorum,
891 1844 987 1920 sicut
1000 1843 1153 1918 maxime
1166 1866 1274 1940 super
1286 1843 1467 1942 plurimos.
1481 1847 1597 1941 Super

371 1959 459 2034 alios
483 1957 583 2032 nullo
608 1983 754 2032 manum
779 1957 1011 2056 imponentes.
1029 1955 1181 2032 Cunctis
1202 1957 1387 2032 orantibus
1408 1957 1504 2032 sicut
1528 1957 1597 2032 hac

371 2072 440 2162 die,
455 2095 539 2148 eum
565 2081 685 2147 essent
709 2070 747 2143 in
765 2093 837 2145 uno
854 2069 1019 2145 conclavi
1039 2071 1144 2147 CXX
1159 2071 1290 2146 animae
1307 2097 1392 2147 cum
1410 2071 1597 2168 Apostolis.

372 2189 488 2284 Super
504 2183 593 2258 alios
609 2205 676 2260 nec
693 2183 813 2282 aliquo
832 2208 980 2258 manum
997 2185 1213 2284 imponente,
1225 2209 1291 2262 nec
1309 2185 1429 2283 aliquo
1445 2195 1597 2272 orantes,

370 2299 433 2374 sed
449 2297 601 2374 verbum
619 2296 685 2372 Dei
699 2297 842 2372 cunctis
859 2297 1089 2374 audientibus
1106 2297 1202 2373 sicut
1218 2322 1325 2396 super
1339 2298 1544 2373 Cornelium
1561 2307 1597 2372 et

372 2401 582 2488 domesticos
599 2409 686 2485 eius.
704 2413 791 2486 Haec
808 2411 929 2509 itaque
948 2410 1131 2486 distinctio
1148 2411 1186 2483 in
1212 2410 1417 2508 acceptione
1439 2410 1595 2505 Spiritus

372 2525 490 2602 sancti
503 2524 591 2600 setis
603 2547 668 2599 nos
680 2523 903 2599 instruitNe
916 2525 1045 2601 habere
1058 2525 1227 2600 continuo
1240 2526 1415 2623 Spiritum
1428 2534 1595 2599 sanctum

370 2649 549 2738 putemus,
566 2662 653 2736 quos
671 2637 803 2714 habere
818 2637 1036 2736 baptismum
1055 2663 1125 2714 non
1150 2663 1337 2736 negamus.
1355 2639 1452 2712 Idem
1466 2638 1519 2710 'in
1542 2659 1595 2712 co·

372 2755 461 2830 dem.
471 2756 579 2829 Recte
591 2753 823 2850 intelligitur,
832 2753 1001 2852 quamvis
1014 2777 1072 2828 eos
1084 2753 1300 2850 baptismum
1315 2751 1451 2826 Christi
1465 2750 1593 2826 habore

371 2870 560 2959 fateamur,
585 2866 761 2943 hereticos
786 2890 856 2941 non
881 2867 1043 2964 accipere
1068 2866 1128 2941 vel
1152 2865 1387 2964 scysmaticos
1416 2865 1591 2962 Spiritum

371 2973 550 3072 sanctum,
577 2973 649 3055 nisi
677 2979 893 3057 adhaeserint
921 2980 1052 3055 unitati
1082 3005 1144 3080 per
1173 2979 1391 3054 consortium
1421 2979 1593 3056 caritatis.

373 3095 545 3194 Quisquis
562 3083 647 3170 vero
659 3104 701 3169 ut
712 3094 765 3169 ait
782 3093 971 3192 Apostolus
988 3092 1155 3191 spiritum
1171 3091 1308 3168 Christi
1321 3115 1392 3166 non
1405 3092 1522 3181 habet,
1536 3093 1595 3168 hic

372 3232 443 3286 non
460 3217 514 3284 est
529 3207 617 3284 eius.
633 3201 731 3284 Idem
749 3207 788 3283 in
800 3207 869 3283 alio
881 3207 1040 3283 eiusdem
1055 3207 1277 3294 festivitatis,
1300 3206 1363 3304 qui
1384 3206 1436 3282 ita
1461 3205 1600 3304 incipit.

372 3324 449 3398 Hoc
465 3319 597 3396 videtis
613 3321 651 3394 in
667 3319 784 3395 altari.
797 3315 994 3396 Italrat1·es
1011 3321 1088 3396 ideo
1104 3321 1237 3395 dentur
1254 3327 1495 3410 sacramenta,
1512 3319 1598 3418 quia

373 3435 413 3511 in
430 3434 482 3511 eis
498 3429 597 3509 aliud
615 3435 770 3524 videtur,
786 3433 885 3508 aliud
902 3433 1133 3531 intelligitur.
1151 3433 1251 3522 Quod
1274 3425 1418 3508 videtur
1443 3431 1598 3528 speciem
1666 3473 1669 3478 ,
1802 3471 1803 3536 3

375 3549 484 3626 habet
496 3541 725 3648 corporalem,
734 3549 826 3646 quod
838 3547 1058 3644 intelligitur
1072 3548 1231 3622 fructum
1245 3545 1353 3621 habet
1362 3543 1599 3642 spiritualem.

373 3665 512 3763 Corpus
529 3662 666 3740 Christi
685 3689 772 3738 suus
789 3661 995 3758 intelligere
1013 3659 1220 3759 Apostolum
1243 3660 1328 3734 audi
1354 3658 1532 3733 dicentem
1559 3658 1597 3731 fi-

373 3779 521 3855 delibus.
539 3781 612 3853 Vos
629 3777 715 3854 estis
732 3778 872 3874 Corpus
887 3775 1033 3851 Christi.
1051 3774 1164 3848 Audis
1181 3796 1309 3872 corpus
1327 3771 1465 3848 Christi
1491 3782 1527 3847 et
1545 3795 1598 3855 re-

373 3891 522 3990 spondes
539 3880 665 3966 Amen.
685 3893 769 3964 Esto
787 3889 985 3964 membrum
1004 3887 1159 3984 corporis
1178 3885 1326 3975 Christi,
1344 3893 1385 3958 ut
1402 3909 1529 3960 verum
1548 3884 1597 3960 sit

376 4011 503 4080 Arnen.
520 4003 618 4079 Idem
632 4003 743 4078 frater
756 4002 793 4076 in
812 4001 1005 4077 Iohannem
1023 4001 1151 4076 omelia
1168 4003 1253 4076 XX'
1274 4003 1353 4074 Vr.
1369 4003 1462 4076 Nam
1481 4009 1517 4075 et
1534 4022 1597 4074 nos

374 4109 482 4193 hodie*
493 4115 692 4214 accipimus
709 4113 886 4190 visibilem
900 4112 1030 4190 cibum.
1044 4115 1112 4190 Sed
1133 4115 1231 4189 eliud
1248 4124 1302 4189 est
1319 4123 1597 4203 sacramentum,

374 4229 473 4304 eliud
491 4230 608 4304 virtus
626 4228 865 4336 Sacramenti.
877 4231 924 4302 Et
941 4237 1017 4325 post
1035 4252 1159 4326 pauca.
1177 4231 1247 4303 Hic
1264 4237 1319 4302 est
1336 4227 1440 4326 panis
1461 4227 1597 4302 de'celo

375 4343 602 4433 descendens,
620 4353 660 4417 ut
677 4343 707 4416 si
721 4343 802 4440 quis
815 4367 859 4417 ex
871 4343 947 4440 ipso
960 4341 1233 4416 manducaverit
1246 4365 1316 4415 non
1331 4339 1513 4416 moriatur.
1527 4339 1597 4413 Sed

375 4455 467 4557 quod
484 4455 639 4560 pertinet
655 4454 699 4532 ad
716 4455 889 4534 virtutem
902 4455 1143 4546 Sacramenti,
1161 4477 1229 4530 non
1255 4453 1345 4556 quod
1372 4452 1528 4554 pertinet
1551 4451 1596 4529 ad
