3654 5302
742 441 783 458 -
802 407 873 471 aaa
896 441 938 458 -

226 553 351 607 mensa
367 553 435 603 sua
450 528 662 604 accensione
686 527 878 618 deferveat,
896 527 996 626 prius
1020 527 1116 602 intra
1132 528 1363 626 semetipsum
1380 530 1449 606 zeli

226 643 283 718 sui
300 641 473 740 impetum
491 641 687 740 tranquilla
704 642 910 741 aequitatem
927 649 1123 740 componat,
1139 665 1185 716 ne
1210 639 1241 715 si
1265 642 1310 716 ad
1334 641 1448 717 animi

226 757 443 832 advertenda
460 755 550 830 vitia
567 755 718 854 abrupto
736 757 855 830 furore
868 754 1057 842 trahimur,
1067 764 1254 853 peccatum
1267 757 1449 853 corrigen-

226 869 269 944 do
286 893 486 968 peccamus,
503 878 538 944 et
555 869 617 967 qui
634 869 776 967 culpam
794 869 1020 945 diiudicaudo
1036 870 1272 967 insequimur,
1283 871 1449 945 immode-

226 994 302 1058 rate
315 983 471 1057 feriendo
483 981 659 1057 faciamus
671 983 764 1081 quod
777 982 848 1056 iam
862 1007 933 1057 non
946 994 1001 1059 est
1013 984 1187 1083 correptio
1196 983 1448 1083 delinquentis,

227 1097 289 1173 sed
306 1096 425 1192 magis
450 1095 636 1193 oppressio.
653 1098 696 1170 In
717 1096 935 1172 correctione
953 1098 1082 1198 quippe
1106 1098 1278 1174 vitiorum
1304 1098 1449 1174 subesse

228 1210 341 1286 menti
358 1209 461 1285 debet
477 1209 665 1284 iracundia
683 1234 754 1285 non
771 1235 930 1309 praeesse.

751 1376 941 1462 LXXVIII.

322 1549 520 1646 Gregorius
537 1549 575 1622 in
592 1551 682 1624 XXI
698 1549 787 1625 libro
806 1550 1004 1626 moralium.
1015 1551 1201 1648 Numquid
1218 1550 1387 1647 alligabis
1405 1550 1452 1624 ri-

227 1673 417 1740 noceronta
434 1664 478 1737 ad
494 1664 667 1737 arandum
687 1663 760 1738 loro
781 1668 869 1739 tuo?
886 1663 961 1738 lora
979 1675 1065 1738 sunt
1089 1664 1249 1741 ecclesia
1274 1674 1450 1762 praecepta

227 1776 434 1875 disciplinae.
451 1781 563 1852 Arare
580 1799 664 1851 vero
679 1785 734 1850 est
752 1801 813 1874 per
831 1779 1092 1875 praedicationis
1117 1779 1277 1854 studium
1299 1776 1450 1852 humani

227 1891 380 1991 pectoris
396 1899 528 1965 terram
545 1901 688 1965 vomere
705 1889 843 1987 linguae
870 1891 1105 1990 proscindere,
1125 1891 1184 1967 hic
1212 1891 1334 1989 itaque
1360 1891 1452 1965 rinc

229 2029 332 2080 cerus
349 2003 440 2078 idest
455 2012 620 2078 terrenus
637 2002 802 2100 princeps
818 2028 889 2079 non
907 2005 1022 2080 solum
1040 2003 1178 2100 ligatus
1191 2013 1256 2094 est,
1268 2004 1331 2078 sed
1343 2003 1452 2078 etiam

228 2117 463 2192 adoraudum
484 2115 622 2212 ligatus
647 2115 731 2214 quia
756 2115 924 2193 videlicet
948 2117 1146 2215 disciplinae
1170 2116 1256 2192 loris
1280 2117 1453 2192 astrictus

229 2254 300 2305 non
314 2229 428 2304 solum
442 2253 480 2304 se
493 2254 513 2301 a
527 2229 649 2326 pravis
661 2229 825 2334 operibus
839 2232 981 2318 retinet,
996 2231 1178 2306 sedetiam
1193 2255 1276 2306 oum
1290 2239 1451 2306 sanctam

229 2346 335 2422 fidem
352 2343 498 2442 prolatis
515 2343 658 2440 legibus
675 2343 867 2441 praedicare
884 2367 955 2417 non
981 2353 1107 2433 cessat,
1132 2342 1216 2440 quid
1242 2341 1341 2416 aliud
1366 2341 1454 2416 facit

229 2459 298 2534 nisi
316 2458 407 2558 quod
424 2459 536 2532 aratri
552 2458 732 2533 laboribus
748 2459 881 2533 sudat?
899 2456 1032 2531 Timeri
1046 2455 1114 2530 iste
1128 2455 1311 2530 rinoceros
1323 2455 1453 2554 poterit

233 2571 303 2646 uisi
322 2572 457 2668 ligatus
475 2581 577 2646 esset.
595 2571 715 2646 Cornu
729 2571 857 2671 quippe
875 2571 993 2659 habet,
1010 2570 1070 2645 sed
1087 2570 1225 2666 ligatus
1242 2579 1307 2659 est,
1319 2569 1453 2644 babent

233 2711 321 2784 ergo
333 2686 370 2759 in
385 2685 470 2760 loris
482 2685 561 2759 eius
574 2685 665 2782 quod
679 2684 835 2760 humiles
847 2685 1012 2781 diligant,
1025 2685 1158 2760 habent
1175 2685 1212 2756 in
1231 2707 1341 2759 cornu
1360 2682 1454 2781 quod

231 2800 315 2876 elati
326 2799 587 2898 pertimescant.
601 2798 757 2874 Strictus
770 2799 865 2874 enim
878 2798 963 2872 loris
975 2808 1097 2873 servat
1110 2797 1276 2896 pietatem
1290 2819 1454 2869 mansue·

234 2914 383 3004 tudima,
396 2913 457 2988 sed
470 2913 584 2987 fultus
595 2921 747 2988 terrenae
763 2911 888 3010 gloriae
900 2921 1041 2987 exercet
1052 2911 1248 2986 dominium
1262 2908 1453 3008 potestatis.

232 3033 279 3106 Et
296 3029 399 3103 infra.
417 3028 596 3126 Sequitur.
615 3034 689 3105 Aut
705 3027 910 3122 confringet
927 3025 1051 3121 glebas
1069 3024 1220 3097 vallium
1239 3033 1315 3122 post
1332 3031 1378 3098 te.
1391 3025 1451 3096 So·

232 3143 308 3218 lent
324 3143 443 3223 exulte
460 3151 565 3216 tarrae
581 3141 846 3240 superiacentes
863 3141 980 3237 glebae
997 3140 1128 3214 iactata
1142 3137 1280 3213 semina
1293 3160 1454 3236 premere

232 3268 267 3334 et
284 3257 468 3333 nascentia
484 3256 666 3332 suffocare.
684 3255 822 3344 Quibus
846 3254 963 3351 glebis
986 3253 1053 3328 hoc
1077 3253 1152 3327 loco
1174 3252 1228 3326 illi
1247 3252 1455 3348 signantur,

233 3370 295 3470 qui
310 3395 370 3468 per
383 3369 552 3444 duritiam
567 3394 670 3442 suam
683 3377 790 3466 atque
804 3367 1011 3465 pestiferum
1027 3365 1140 3438 vitam
1154 3389 1220 3440 nec
1234 3363 1301 3462 ipsi
1314 3363 1454 3438 semina

234 3484 332 3560 verbi
352 3483 542 3581 recipiunt,
558 3508 625 3559 nec
642 3492 864 3580 receptorum
882 3479 1061 3556 seminum
1082 3480 1224 3554 fructus
1249 3477 1336 3553 alios
1361 3477 1455 3552 ferre

234 3596 457 3696 permittunt.
475 3599 522 3670 Et
539 3595 644 3669 infra.
660 3593 769 3669 Multi
787 3619 941 3692 namque
967 3594 1006 3667 in
1032 3593 1144 3668 medio
1168 3591 1361 3666 humilium
1386 3591 1456 3665 fra·
1553 3649 1559 3655 .

235 3721 331 3810 trum
349 3708 464 3807 positi,
481 3708 586 3784 fidem
603 3707 711 3783 verbo
731 3717 838 3783 tenus
854 3717 989 3797 tenent,
1013 3707 1074 3782 sed
1099 3707 1184 3781 dum
1209 3703 1374 3780 elationis
1398 3712 1456 3803 ty-

235 3851 320 3924 pum
338 3845 408 3898 non
425 3823 596 3898 deserunt
612 3821 697 3896 dum
715 3845 803 3921 quos
818 3846 918 3921 posse
943 3821 1055 3897 illatis
1073 3819 1254 3896 violentiis
1279 3827 1457 3918 premunt,

236 3941 321 4014 dum
340 3935 642 4014 fructificantibus
658 3937 738 4011 aliis
755 3936 823 4035 ipsi
840 3961 1066 4036 nequaquam
1088 3935 1226 4011 semina
1242 3933 1343 4010 verbi
1369 3931 1458 4008 reci-

237 4054 352 4153 piunt,
369 4053 430 4128 sed
447 4051 491 4127 ab
508 4052 703 4128 exortantis
721 4071 807 4126 voce
824 4071 949 4124 aurem
966 4048 1081 4125 cordis
1098 4055 1280 4134 avertunt,
1293 4045 1353 4120 isti
1372 4044 1458 4142 quid

237 4166 335 4240 aliud
353 4190 459 4263 quarn
477 4165 657 4241 obduratae
673 4164 789 4260 glebae
806 4163 844 4236 iu
861 4163 1016 4238 exaratis
1036 4161 1192 4236 vallibus
1205 4159 1350 4235 iacent?
1363 4158 1458 4245 Quid

239 4303 279 4355 eo
295 4277 482 4378 nequiores
495 4287 591 4367 sunt,
605 4301 674 4377 quo
686 4302 753 4353 nec
771 4277 839 4377 ipsi
855 4277 1071 4353 humilitatis
1090 4277 1246 4350 fructum
1272 4272 1458 4372 proferunt

239 4405 276 4470 et
292 4393 385 4492 quod
401 4403 455 4467 est
475 4393 632 4468 deterius
650 4392 867 4490 proferentes
884 4389 1041 4465 humiles
1059 4398 1236 4489 premunt.
1254 4387 1309 4461 Ad
1330 4384 1458 4460 horum

241 4505 412 4584 duritiam
426 4505 689 4586 dissolvendam
704 4528 972 4608 nonnumquam
987 4511 1112 4580 sancta
1125 4500 1274 4583 ecclesia
1287 4499 1371 4600 quia
1384 4523 1461 4599 pro·
