3642 5294
716 409 891 471 -49..

189 533 388 606 secundnm
403 531 467 606 Dei
482 531 702 642 voluntatem
717 540 754 604 et
767 553 911 604 sacrum
924 536 1053 603 nutum
1072 540 1294 628 congregato
1307 532 1413 609 Chal·

187 648 376 722 cedonensi
391 647 550 736 civitate,
560 645 775 720 Anastasius
784 643 959 742 quondam
971 641 1167 742 Presbyter
1180 669 1322 741 magnae
1330 647 1413 722 Ale·

188 761 346 835 xandriae
362 757 534 836 civitatis
551 763 641 834 Item
655 759 693 832 in
706 759 839 833 eadem.
857 757 1054 832 Cuiusdam
1069 759 1254 856 Sophronii
1268 760 1334 834 sub
1347 761 1413 834 eis·

188 875 267 950 dem
286 875 415 950 verbis.
434 879 525 950 ltem
543 874 581 950 in
599 874 732 949 eadem.
750 871 926 947 Cointhus
948 872 1144 971 Episcopus
1169 875 1338 950 Foeensis
1363 874 1413 948 di-

188 989 508 1078 xit,intereaetora
1104 1011 1106 1014 ·

283 1103 460 1190 Quoniam
478 1103 653 1178 sanctitas
671 1110 792 1176 vestra
808 1107 844 1175 et
861 1099 971 1174 semel
987 1109 1024 1175 et
1040 1101 1090 1174 11⁰
1116 1109 1152 1176 et
1176 1104 1243 1177 111⁰
1269 1103 1414 1180 vocavit

190 1215 401 1292 Dioscorum
419 1226 454 1290 et
471 1216 680 1292 nullatenus
696 1213 812 1288 voluit
829 1213 980 1302 obedire,
997 1215 1152 1312 petimus
1165 1226 1321 1292 vestram
1335 1244 1415 1292 san·

190 1330 365 1420 mitatem,
383 1329 501 1426 magis
517 1339 638 1405 autem
656 1327 828 1404 habentes
845 1328 964 1404 locum
982 1329 1201 1404 sanctissimi
1215 1334 1319 1430 Papae
1332 1335 1416 1408 Leo·

189 1443 248 1518 nis
265 1444 494 1542 promulgare
512 1446 551 1518 in
564 1469 659 1534 eum,
671 1453 707 1519 et
725 1442 865 1546 regulis
882 1442 1028 1516 insitam
1045 1453 1170 1518 contra
1187 1471 1268 1520 eum
1285 1446 1417 1544 proler-

191 1583 228 1633 re
247 1561 472 1634 sententiam.
490 1559 616 1635 Omnis
633 1558 730 1632 enim
748 1555 966 1631 universalis
982 1557 1142 1656 synodus
1158 1583 1284 1634 censor
1308 1561 1416 1636 effici·

190 1683 252 1747 tar
269 1684 398 1748 vestrae
415 1675 612 1750 sententiae.

287 1789 529 1863 Paschasinus
546 1788 745 1887 Episcopus
757 1786 857 1859 dixit.
870 1788 1005 1860 Iterum
1019 1784 1107 1860 dico.
1121 1786 1213 1873 Quid
1227 1787 1344 1885 placet
1357 1813 1416 1862 va·

190 1911 275 1976 strae
287 1903 496 1978 sanctitati?
509 1903 689 1977 Maximus
703 1901 898 1999 Episcopus
916 1923 1058 1997 magnas
1075 1901 1276 1978 Antiochiae
1291 1903 1418 1979 civita·

191 2016 240 2091 tis
252 2017 352 2092 dixit.
366 2019 466 2106 Quod
480 2019 622 2094 ridetur
636 2015 821 2092 sanctitati
834 2022 1019 2102 vestreaet
1031 2037 1094 2087 nos
1107 2016 1296 2090 concordes
1308 2016 1418 2092 effici-

192 2156 284 2204 mur.
303 2131 546 2207 Paschasinus
559 2130 756 2227 Episcopus
770 2127 957 2202 Libitanus
974 2125 1166 2224 provinciae
1180 2129 1327 2225 Sycilie‚
1340 2130 1417 2228 (sir)

189 2253 225 2318 et
242 2269 327 2320 cum
343 2245 420 2343 ipso
436 2244 621 2320 Licentius
638 2243 835 2340 Episcopus
861 2240 1127 2330 Herc-lanensis
1153 2251 1189 2316 et
1214 2242 1417 2317 Bonifatius

191 2359 386 2458 Presbyter
404 2383 546 2455 magnae
563 2363 731 2432 Romanae
749 2354 919 2431 Ecclesiae
936 2364 1099 2431 tenentes
1125 2354 1241 2431 locum
1268 2356 1418 2432 sanctis-

190 2471 273 2544 simi
298 2483 334 2546 et
358 2472 556 2546 beatissimi
576 2470 843 2568 Archiepiscopi
862 2468 1072 2568 Apostolicae
1094 2470 1188 2545 sedis
1213 2495 1356 2567 magnae
1380 2480 1418 2546 et

191 2585 341 2658 senioris
357 2589 476 2660 Romae
494 2584 621 2658 Leonis
644 2585 980 2680 pronuntiaverunt.
998 2583 1191 2659 Manifesta
1208 2585 1304 2660 facta
1330 2594 1417 2662 sunt
1498 2583 1500 2591 '

191 2722 259 2794 qne
272 2723 293 2770 a
304 2699 468 2774 Dioscoro
482 2699 658 2796 quondam
671 2697 922 2772 Alexandrina
935 2697 1235 2793 magnecivitatis
1245 2698 1417 2796 Episcopo

181 2813 382 2898 ‚commissa
400 2813 474 2887 sint
490 2814 662 2887 adversus
681 2811 884 2908 regularem
903 2812 1063 2887 ordinem
1080 2820 1117 2888 et
1136 2811 1417 2889 ecclesiasticam

191 2925 426 3024 disciplinam.
447 2930 493 3000 Et
510 2926 614 3000 infra.
631 2929 678 2998 Et
695 2925 787 3022 quod
804 2925 916 3000 semel
932 2934 969 3000 et
981 2927 1031 3000 ΙΙο
1045 2934 1081 3000 et
1093 2927 1161 3000 ΙΙΙο
1176 2951 1238 3024 per
1252 2951 1418 3003 reveren-

189 3039 347 3114 tissimos
364 3041 554 3139 Episcopos
571 3049 720 3114 vocatus
737 3039 956 3134 regulariter
975 3039 1120 3115 minime
1137 3040 1253 3115 voluit
1265 3042 1416 3132 obedire,

190 3154 331 3251 propria
357 3155 481 3252 utique
507 3153 714 3228 stimulatus
739 3153 969 3229 couscientia.
993 3156 1040 3227 Et
1064 3153 1170 3250 paulo
1195 3166 1282 3252 post.
1312 3157 1415 3231 Unde

190 3266 441 3342 sanctissimus
458 3277 494 3342 et
517 3267 746 3342 beatissimus
772 3267 1071 3364 Archiepiscopus
1097 3291 1239 3363 magnae
1264 3270 1415 3345 senioris

190 3382 311 3454 Roma
319 3383 388 3455 Leo
398 3405 459 3478 per
471 3404 535 3455 nos
548 3390 584 3456 et
596 3405 659 3478 per
671 3390 870 3478 presentem
884 3389 1045 3456 sanctam
1059 3381 1237 3478 synodum
1250 3411 1414 3462 unacum

190 3493 396 3568 beatissimo
412 3505 448 3570 et
465 3494 562 3570 omni
574 3495 684 3570 lande
701 3494 914 3590 dignissimo
930 3493 1032 3568 beato
1046 3497 1152 3570 Petro
1165 3499 1341 3595 apostolo,
1354 3498 1418 3597 qui

191 3621 244 3683 ost
261 3618 364 3706 petra
379 3618 416 3695 et
432 3608 573 3706 crepido
597 3607 783 3683 catholicas
808 3607 979 3684 Ecclesiae
1004 3617 1041 3682 at
1065 3619 1161 3685 recto
1186 3611 1268 3686 fidei
1290 3613 1417 3688 funda·

190 3734 364 3811 mentum,
382 3722 599 3798 nudavimus
616 3745 699 3796 eum
717 3729 792 3794 tam
809 3721 1033 3819 episcopatus
1050 3722 1240 3818 dignitate,
1257 3749 1365 3824 quam
1383 3752 1417 3802 e·

190 3839 278 3912 tiam
297 3837 395 3936 omni
411 3835 621 3912 sacerdotali
639 3834 815 3910 alienavit
838 3835 1048 3910 ministerio.
1073 3839 1164 3912 Item
1190 3850 1268 3936 post
1292 3842 1419 3916 confir-

192 3954 384 4028 mationem
401 3950 641 4046 singulorum,
659 3948 902 4024 Paschasinus
919 3946 1115 4046 Episcopus
1133 3950 1273 4047 Lylibei
1298 3963 1334 4028 et
1356 3952 1419 4026 Vi·

191 4068 313 4142 carius
328 4064 527 4160 beatissimi
544 4075 580 4138 et
599 4062 792 4159 Apostolici
810 4059 1028 4135 universalis
1041 4061 1212 4138 Ecclesiae
1230 4067 1335 4163 Pepae
1351 4068 1419 4141 Ur·

189 4181 244 4258 bis
261 4185 382 4258 Romae
399 4189 533 4256 sancta
549 4178 685 4276 synodo
702 4176 905 4275 presidens,
923 4177 966 4249 in·
980 4177 1139 4254 Dioscori
1152 4181 1417 4256 damnationem

192 4318 369 4372 consensu
391 4293 607 4398 universalis
624 4292 768 4368 concilii
789 4289 1001 4386 subscriptis
1022 4291 1099 4390 (aio)
1122 4293 1420 4392 LucentiusEpi·

192 4433 318 4507 scopus
331 4407 551 4484 Ausculanae
567 4407 730 4484 civitatis
746 4405 1138 4482 similitunBonifatius
1151 4407 1340 4507 presbyter
1354 4411 1420 4482 Ro-

193 4549 307 4597 manae
320 4522 492 4600 Ecclesiae
509 4521 685 4597 similiter.
703 4525 791 4596 Item
810 4527 889 4617 post
906 4520 1043 4593 eosdem
1059 4521 1223 4618 Episcopi
1238 4521 1420 4596 DCXXX.

1220 4638 1236 4686 r
