3654 5302
928 409 968 426 ..
993 376 1060 442 422
1084 408 1126 426 .-

414 496 783 575 communicaverunt.
796 499 889 571 Nam
912 495 941 570 si
960 493 1134 594 speciales
1150 495 1285 593 aliquid
1303 495 1346 570 de
1363 493 1523 594 personis
1540 494 1640 592 prin·

414 611 536 710 cipum
561 609 767 707 requiratur
795 610 1012 709 exemplum,
1035 611 1162 685 beatus
1189 611 1421 687 Innocentius
1448 611 1544 707 Papa
1569 617 1639 683 Ar·

414 723 584 802 obadium
614 723 864 820 imperatorem
894 725 978 823 quia
1008 725 1189 800 consensit
1219 737 1259 800 ut
1288 734 1436 800 sanctus
1460 724 1637 798 Iohannes

414 835 714 912 Chrisostomnsa
731 836 814 912 sede
831 861 897 911 sna
915 837 1105 936 pelleretur
1122 839 1459 928 excommunicavit,
1472 839 1567 913 sicut
1582 837 1637 912 ait

414 951 554 1050 primus
571 947 769 1024 Nicholaus
786 951 882 1047 Papa
899 951 937 1024 in
955 975 1019 1025 sno
1045 962 1186 1048 regesto
1203 956 1220 1026 l
1237 952 1274 1026 in
1300 951 1448 1050 epistola
1465 951 1511 1026 ad
1526 953 1637 1052 impe-

414 1073 567 1140 ratorem
585 1061 837 1138 Hlndoicbum.
856 1063 961 1138 Alius
985 1063 1070 1140 item
1093 1067 1275 1140 Romanus
1294 1064 1470 1152 Pontifex,
1487 1063 1637 1161 Stepha-

413 1205 483 1254 nus
500 1175 649 1265 scilicet,
663 1199 786 1272 regern
799 1179 1017 1252 Francorum
1036 1200 1104 1253 non
1120 1186 1193 1252 tarn
1207 1200 1269 1274 pro
1283 1177 1359 1251 suis
1371 1175 1635 1274 iniquitatibus,

414 1318 522 1393 quam
540 1315 603 1390 pro
619 1314 659 1366 eo
677 1291 768 1389 quod
784 1300 895 1365 tantae
912 1289 1077 1388 potestati
1095 1312 1165 1363 non
1183 1298 1261 1363 erat
1277 1287 1378 1362 utilis
1402 1313 1424 1362 a
1450 1311 1562 1384 regno
1577 1289 1636 1364 de·

413 1405 596 1508 poenitet
619 1405 788 1502 Pipinum
806 1403 1056 1478 Karolimanni
1083 1401 1306 1498 imperatoris
1330 1411 1467 1499 patrem
1492 1402 1530 1476 in
1556 1403 1636 1477 eius

417 1521 492 1596 loco
516 1515 714 1604 substituit,
738 1539 929 1614 omnesque
953 1517 1200 1612 Francigenas
1225 1517 1426 1590 iuramento
1452 1513 1636 1591 fidelitatis

415 1658 522 1732 quam
541 1629 608 1705 sibi
626 1630 760 1705 fecerat
784 1629 948 1705 absolvit.
966 1631 1066 1718 Quod
1092 1630 1199 1706 etiam
1225 1655 1270 1704 ex
1285 1628 1465 1727 frequenti
1483 1629 1637 1704 auctori·

415 1757 490 1823 tate
506 1769 588 1843 sepe
605 1742 684 1839 agit
700 1753 824 1818 sancte
842 1743 1004 1820 aecclesia
1029 1767 1113 1818 curn
1139 1742 1271 1817 milites
1295 1740 1497 1816 absolutum
1516 1767 1538 1814 a
1554 1743 1635 1815 vin-

413 1857 494 1934 culo
511 1853 704 1929 iuramenti
723 1853 815 1952 quod
831 1854 969 1930 facturn
990 1865 1045 1931 est
1069 1854 1128 1929 bis
1153 1853 1327 1954 episcopis
1351 1853 1414 1951 qui
1438 1853 1632 1950 apostolica

412 1967 626 2046 anctoritate
651 1991 673 2038 a
698 1965 893 2064 pontificali
919 1968 1036 2064 gradu
1062 1970 1298 2067 deponuntur.
1323 1970 1370 2040 Et
1398 1965 1527 2040 beatus
1549 1972 1635 2041 Am·

413 2083 553 2160 brosius
570 2081 655 2157 licet
672 2091 830 2171 sanctus,
847 2103 917 2156 non
943 2091 1065 2158 tamen
1082 2077 1299 2154 universalis
1316 2075 1486 2152 aecclesiae
1503 2077 1635 2175 episco-

412 2221 489 2296 pus,
506 2217 568 2294 pro
593 2192 701 2290 culpa
726 2217 805 2291 quae
830 2193 912 2268 aliis
936 2192 1179 2270 sacerdotibus
1204 2215 1274 2265 non
1291 2191 1376 2266 adeo
1393 2191 1520 2288 gravis
1537 2191 1633 2268 vide-

411 2313 529 2399 batur,
542 2306 715 2384 Theodori
722 2333 780 2380 um
801 2333 974 2405 magnum
992 2308 1241 2406 imperatorem
1256 2305 1574 2380 excommunicans
1586 2307 1632 2380 ab

412 2420 575 2499 aecclesia
592 2419 755 2496 exclusit.
769 2419 839 2506 oui
857 2420 964 2495 etiam
983 2420 1020 2494 in
1038 2421 1114 2495 suis
1131 2417 1276 2516 scriptis
1293 2417 1448 2493 ostendit
1462 2418 1557 2516 ¹qnod
1570 2444 1633 2492 an·

374 2532 377 2540 ’
412 2563 494 2612 rum
511 2559 581 2610 non
599 2542 673 2608 tam
698 2533 887 2632 pretiosius
912 2535 961 2609 sit
986 2533 1130 2632 plumbo
1146 2557 1254 2631 quam
1273 2531 1375 2628 regia
1394 2541 1565 2630 potestate
1582 2534 1633 2608 sit

413 2651 518 2726 altior
543 2649 704 2746 dignitas
729 2649 970 2740 sacerdotalis,
991 2650 1059 2723 boc
1084 2645 1184 2721 modo
1211 2645 1307 2722 circa
1333 2645 1549 2742 principium
1574 2648 1631 2720 sni

412 2761 599 2864 pastoralis
632 2761 801 2838 scribens.
828 2765 946 2836 Honor
980 2764 1109 2838 fratres
1133 2771 1169 2836 et
1195 2758 1398 2834 sublimitas
1424 2759 1631 2856 episcopalis

413 2876 526 2952 nullis
552 2875 681 2973 poterit
710 2875 1034 2973 comparationibus
1065 2873 1243 2973 adequari.
1269 2872 1308 2946 Si
1338 2895 1467 2968 regum
1499 2863 1632 2969 fulgori

413 3013 597 3090 compares
615 2997 651 3063 et
672 2989 873 3087 principum
901 2989 1104 3078 diademati,
1120 2987 1227 3082 longe
1252 2984 1322 3061 erit
1346 2983 1508 3074 inferius,
1525 3009 1630 3083 qnam

413 3106 443 3182 si
462 3102 597 3204 plumbi
617 3101 803 3178 metallum
822 3103 867 3176 ad
884 3103 964 3176 auri
982 3102 1159 3198 fulgorem
1180 3123 1371 3195 compares.
1389 3099 1526 3197 Quippe
1548 3123 1630 3172 cnm

412 3219 536 3294 videas
550 3239 678 3312 regum
693 3215 783 3290 colla
797 3226 833 3290 et
847 3216 1049 3315 principum
1060 3215 1224 3290 submitti
1233 3213 1632 3310 genibnssacerdotum

412 3343 450 3409 et
478 3329 681 3406 exosculata
710 3351 833 3404 eorum
857 3329 1013 3420 dextera,
1030 3328 1249 3405 orationibus
1273 3351 1395 3403 eorum
1421 3329 1569 3403 credant
1592 3353 1631 3403 sc

412 3442 638 3535 communiri,
654 3441 732 3518 haec
756 3451 889 3518 cuncta
914 3443 1043 3519 fratres
1068 3442 1145 3518 ideo
1169 3465 1232 3516 nos
1256 3440 1470 3541 praemisisse
1496 3440 1630 3516 debetis

411 3573 636 3654 cognoscere,
654 3565 695 3630 ut
719 3557 985 3632 ostenderemus
1006 3555 1120 3632 nichil
1138 3555 1175 3628 in
1193 3555 1260 3630 hoc
1277 3553 1408 3630 saeculo
1424 3577 1501 3629 esse
1519 3552 1632 3630 excel·

410 3671 546 3748 lentius
561 3670 816 3760 sacerdotibus
833 3669 947 3746 nicbil
965 3669 1157 3744 sublimius
1173 3668 1346 3767 episcopis
1363 3647 1525 3766 reperirii
1539 3670 1630 3743 ltcm

410 3810 455 3861 ex
478 3783 614 3883 synodo
638 3782 797 3858 eiusdem
824 3782 1066 3880 episcoporum
1093 3783 1196 3858 XCV
1218 3792 1402 3880 sumptum
1427 3805 1472 3856 ex
1488 3776 1522 3854 V
1540 3781 1631 3858 libro

411 3898 547 3996 regesti
564 3897 1045 3974 eiusdemPrradecessorum
1064 3907 1266 3972 nostrorum
1280 3905 1416 3971 statuta
1429 3905 1631 3993 sequentes,

411 4036 470 4088 eos
498 4011 560 4110 qui
589 4011 908 4088 excommunicatis
933 4009 1103 4086 fidelitate
1127 4020 1191 4084 ant
1215 4017 1438 4084 sacramento
1467 4007 1632 4084 adstricti

411 4136 499 4201 sunt
514 4125 706 4224 apostolica
723 4127 936 4201 auctoritate
954 4131 1176 4198 sacramento
1200 4121 1430 4212 absolvimus,
1447 4145 1633 4221 quousque

410 4238 477 4340 ipsi
494 4237 540 4312 ad
557 4236 837 4313 satisfactionem
856 4239 1005 4313 veniant
1021 4247 1057 4312 et
1081 4261 1126 4314 ne
1151 4237 1203 4313 eis
1227 4247 1333 4313 antea
1351 4236 1556 4312 fidelitatem
1574 4237 1633 4312 ob-

411 4360 568 4442 servent,
585 4350 698 4426 modis
714 4350 879 4426 omnibus
896 4350 1133 4450 prohibemus
