3646 5292
734 377 929 440 -183-

766 595 898 680 XXlll.

580 801 630 851 Ex
648 797 788 865 epistola
806 801 907 866 Papae
926 799 1080 852 Anacleti.

314 972 421 1043 Porro
438 979 474 1045 et
491 970 609 1069 Moysi
627 971 833 1068 praecipitur
850 979 892 1045 ut
908 969 1020 1065 eligat
1037 969 1263 1068 presbyteros
1280 971 1371 1047 idest
1388 997 1441 1047 se·

219 1083 345 1158 niores.
362 1083 465 1158 Unde
482 1092 517 1159 et
534 1083 571 1156 in
590 1084 785 1182 proverbiis
809 1084 952 1159 dicitur.
978 1083 1100 1158 Gloria
1125 1109 1251 1158 senum
1277 1085 1439 1175 canities,

219 1197 295 1272 haec
312 1219 397 1272 vero
414 1197 566 1274 canities
583 1198 795 1296 sapientiam
813 1196 990 1293 designat.
1008 1198 1060 1272 De
1085 1221 1155 1294 qua
1175 1195 1349 1296 scriptum
1376 1210 1439 1274 est.

220 1309 380 1386 Canities
396 1309 582 1386 hominum
601 1310 789 1409 prudentia
807 1321 870 1386 est.
888 1311 1053 1409 Cumque
1070 1312 1225 1389 DCOOO
1243 1323 1279 1388 et
1303 1336 1342 1388 eo
1367 1339 1440 1388 am-

217 1422 311 1522 plius
326 1446 438 1498 annos
451 1423 495 1498 ab
513 1423 627 1498 Adam
646 1423 819 1521 usquead
837 1422 1041 1497 Habraham
1059 1423 1192 1499 vixisse
1204 1421 1366 1501 homines
1391 1426 1439 1502 lc·

216 1537 349 1634 gimus,
366 1537 489 1612 nullus
506 1537 601 1615 alius
618 1538 755 1635 primus
771 1536 972 1636 appellatus
990 1545 1045 1612 est
1061 1536 1258 1635 presbyter,
1279 1539 1370 1614 idest
1387 1564 1439 1615 se·

217 1651 305 1740 nior,
313 1651 385 1726 nisi
394 1651 439 1726 ab
453 1651 632 1727 Abraham
651 1652 713 1751 qui
730 1651 843 1726 multo
857 1650 1083 1749 paucioribus
1096 1651 1229 1726 vixisse
1241 1655 1346 1728 annis
1358 1677 1440 1729 eon·

219 1765 387 1841 vincitur.
404 1769 484 1840 Non
502 1790 589 1862 ergo
606 1776 747 1864 propter
760 1765 976 1863 decrepitam
990 1773 1211 1841 senectutem
1225 1767 1285 1842 sed
1297 1777 1438 1867 propter

217 1879 429 1977 sapientiam
447 1879 647 1979 presbyteri
665 1878 906 1954 nominantur.

740 2071 904 2155 ¹XXIIII.

726 2279 776 2328 Ex
796 2273 921 2328 eadem.

309 2440 507 2517 Anacletus
525 2439 631 2516 Urbis
650 2442 768 2514 Romae
789 2437 985 2538 Episcopus
1000 2436 1166 2512 omnibus
1191 2435 1329 2512 Italicis
1353 2439 1437 2538 Epi·

217 2553 329 2654 scopis
341 2553 436 2629 inter
448 2563 586 2630 caetera.
604 2555 727 2628 Minus
743 2578 850 2652 quam
867 2551 1017 2628 atribus
1029 2550 1224 2650 Episcopis,
1236 2559 1273 2626 et
1286 2551 1436 2651 reliquis

216 2669 379 2744 omnibus
395 2695 582 2746 assensum
600 2668 849 2768 prebentibus,
866 2667 1074 2742 nullatenus
1092 2665 1288 2764 Episcopus
1301 2666 1436 2742 ordine·

216 2792 285 2859 tur.
301 2784 402 2872 Quod
420 2784 552 2860 idcirco
568 2783 808 2860 constituente
822 2781 971 2858 Domino
985 2781 1060 2857 fieri
1075 2780 1228 2868 iubetur,
1241 2805 1286 2856 ne
1299 2781 1435 2880 aliquid

217 2909 339 2973 contra
354 2898 459 2973 fidem
472 2897 632 2974 ecclesiae
650 2896 759 2972 unius
772 2895 966 2996 tyrannica
982 2894 1176 2972 auctoritas
1189 2893 1386 2987 moliretur,
1398 2910 1436 2973 et

215 3012 341 3109 regula
359 3013 417 3088 vel
436 3013 521 3088 fides
538 3011 816 3088 confunderetur
832 3011 1065 3086 credentium.
1084 3009 1249 3108 Reliquos
1274 3011 1434 3086 sacerdo-

215 3135 267 3201 tes
283 3151 305 3201 a
323 3126 460 3225 proprio
477 3127 687 3202 ordinentur
700 3126 872 3225 episcopo,
885 3127 935 3200 ita
949 3135 991 3201 ut
1003 3125 1101 3202 cives
1113 3135 1150 3201 et
1162 3124 1224 3198 alii
1237 3125 1435 3202 sacerdotes

215 3267 400 3316 assensum
418 3241 608 3340 praebeant,
626 3251 662 3317 et
678 3242 881 3317 ieiunantes
897 3240 1153 3316 ordinationem
1172 3240 1361 3317 celebrent.
1379 3241 1433 3316 oi-

173 3343 178 3360 '
216 3355 349 3430 militer
366 3364 402 3430 ct
419 3355 556 3431 diaconi
574 3355 794 3431 ordinentur.
812 3355 1020 3430 Ceterorum
1038 3362 1158 3430 autem
1176 3355 1357 3452 graduum
1383 3354 1433 3428 di-

215 3465 379 3542 stributio
392 3468 503 3543 trium
517 3469 702 3544 veracium
720 3468 865 3545 testium
884 3468 1036 3569 episcopi
1052 3468 1254 3566 probatione
1267 3469 1432 3544 sufficere

214 3591 336 3679 potest.

770 3809 879 3893 xxv.

306 4030 497 4105 Evaristus
510 4028 1124 4106 dilectissimisfratribusuniversis
1134 4028 1266 4106 Africae
1276 4029 1433 4126 regionis

211 4143 404 4243 Episcopis.
421 4143 572 4220 Dilectio
589 4153 709 4220 vestra
725 4165 886 4218 normam
904 4153 1028 4221 secuta
1049 4143 1291 4243 prudentium,
1307 4144 1353 4218 ad
1377 4167 1430 4218 se-

211 4258 289 4334 dem
309 4257 536 4356 apostolicam
555 4259 687 4334 referre
705 4257 835 4333 maluit
852 4259 955 4357 quasi
972 4259 1016 4332 ad
1033 4267 1153 4357 caput,
1179 4256 1266 4356 quid
1289 4255 1433 4332 deberet

211 4372 253 4446 de
266 4371 372 4447 rebus
385 4371 502 4446 dubiis
515 4372 705 4462 custodire,
717 4371 940 4473 potiusquam
960 4371 1191 4470 usurpatione
1208 4394 1431 4468 praesumere.

212 4485 359 4562 Diaconi
377 4487 438 4584 qui
456 4487 557 4586 quasi
575 4487 669 4564 oculi
688 4487 858 4563 videntur
875 4512 950 4564 esse
968 4485 1132 4586 Episcopi
1155 4485 1193 4559 in
1215 4507 1430 4583 unaquaque
