3654 5302
728 397 924 464 -38'7-

215 519 380 617 praadate
393 527 457 595 aut
473 528 570 596 carte
587 519 729 596 sculcas
747 520 838 618 quod
856 520 1011 596 mittaris
1028 518 1180 596 sollicite
1199 517 1380 618 requirite,
1393 543 1438 594 ne

216 633 339 708 dolens
357 634 495 710 factum
512 633 557 708 ad
582 658 646 708 vos
671 633 859 709 discurrat.
876 635 974 710 Idem
992 633 1117 710 Veloci
1142 633 1317 729 magistro
1348 632 1440 706 mili-

216 756 305 822 tum.
321 751 429 824 Nunc
455 773 539 824 vero
569 749 657 824 utile
686 749 806 823 visum
832 757 953 823 estut
980 748 1158 848 aliquanti
1187 746 1276 823 illuc
1306 747 1440 821 milites

216 862 523 954 transmittantur,
541 887 628 960 quos
652 862 768 960 gloria
792 871 856 937 tua
870 886 1075 938 ammonere
1091 871 1128 938 et
1144 860 1280 936 hortari
1297 859 1440 936 studeat

218 983 260 1048 ut
277 975 393 1074 parati
411 976 486 1050 sint
502 977 548 1052 ad
563 976 730 1052 laborem.
747 979 793 1051 Et
811 975 916 1074 paulo
933 986 1020 1073 post.
1037 980 1083 1052 Et
1100 975 1131 1050 si
1148 975 1220 1055 huc
1237 973 1296 1050 vel
1312 973 1357 1048 ad
1374 976 1442 1047 Ra·

217 1099 393 1165 vennates
410 1099 529 1187 partes
545 1115 611 1166 nec
629 1090 818 1165 dicendum
832 1088 1040 1162 Hariulfum
1058 1087 1300 1184 cognoveritis
1316 1109 1441 1162 excur-

219 1225 308 1292 rere,
323 1226 388 1278 vos
404 1227 426 1276 a
442 1203 543 1278 dorso
559 1203 638 1279 eius
654 1203 706 1278 ita
723 1203 819 1278 sicut
835 1201 932 1276 viros
949 1202 1119 1278 condecet
1142 1201 1309 1290 laborate,
1326 1198 1442 1299 quati·

218 1340 288 1389 nus
304 1315 421 1412 opinio
446 1326 567 1392 vestra
591 1341 636 1391 ex
659 1315 839 1392 laboribus
863 1315 994 1391 vestris
1023 1314 1198 1414 qualitate
1221 1311 1379 1412 amplius
1403 1311 1442 1385 in

219 1429 376 1504 Romano
394 1428 566 1504 Pontifioe
583 1431 655 1504 Deo
680 1427 878 1506 auxiliante
902 1431 1073 1529 proficiat.
1089 1429 1189 1505 Idem
1206 1428 1358 1504 Iohanni
1375 1429 1443 1502 Ra·

220 1542 369 1620 vennati
387 1543 557 1641 Episcopo
573 1544 668 1620 inter
691 1555 820 1620 cetera.
839 1531 1006 1620 Peccatis'
1027 1543 1116 1620 meis
1132 1543 1200 1618 hoc
1216 1551 1341 1640 reputo
1357 1539 1443 1639 quia

220 1653 289 1730 iste
311 1655 373 1752 qui
390 1682 488 1732 nunc
505 1656 605 1732 intus
622 1666 687 1749 est,
703 1657 796 1733 idest
813 1661 994 1732 Romanus
1019 1657 1209 1746 exercituo,
1225 1666 1261 1732 et
1277 1673 1442 1754 pugnare

222 1775 346 1840 contra
362 1767 526 1844 inimicos
543 1780 680 1844 nostros
696 1769 961 1868 dissimulabat
978 1794 1041 1845 nos
1058 1795 1182 1872 pacem
1200 1770 1318 1846 facere
1334 1774 1444 1842 vetat

222 1878 320 1954 Idem
339 1880 541 1957 Alexandro
559 1883 705 1958 Praetori
724 1882 858 1958 Siciliae
874 1885 969 1960 inter
987 1893 1114 1960 cetera.
1133 1884 1171 1958 Si
1192 1905 1260 1980 ego
1277 1883 1315 1956 in
1333 1889 1444 1978 morte

223 1993 536 2090 Langobardorum
554 2021 612 2072 me
629 1997 779 2073 miscere
796 1997 991 2073 voluissem
1012 1997 1114 2074 hodie
1130 1995 1445 2094 Langobardorum

223 2131 314 2204 gens
331 2133 402 2184 nec
423 2133 556 2206 regem,
573 2135 640 2186 nec
669 2111 809 2201 ducem,
825 2135 893 2186 nec
921 2110 1072 2186 comites
1095 2109 1253 2200 haberet,
1269 2118 1378 2207 atque
1406 2107 1445 2180 in

223 2248 365 2296 summa
379 2223 693 2299 esset'eonfusione
710 2223 837 2299 divisa.
849 2223 918 2299 Sed
936 2224 1021 2321 quia
1035 2225 1149 2299 Deum
1167 2223 1287 2314 timeo,
1300 2223 1339 2297 in
1356 2245 1447 2298 mor-

225 2347 261 2413 ta
278 2337 471 2415 cuiuslibet
486 2337 642 2414 hominis
660 2362 717 2413 me
735 2337 886 2414 miscere
902 2337 1062 2412 formido.
1091 2329 1094 2338 ’

742 2502 918 2588 Lllllllll.

320 2677 518 2774 Gregorius
535 2677 573 2750 in
593 2679 643 2751 VI
661 2675 751 2750 libro
768 2675 966 2751 moralium.
983 2679 1055 2752 Iste
1077 2701 1232 2776 namque
1256 2676 1445 2752 veritatem

224 2789 296 2862 iarn
313 2791 443 2866 habere
460 2791 610 2866 delenda
632 2789 779 2888 appetit,
804 2789 865 2864 sed
890 2798 1011 2866 tamen
1033 2791 1073 2864 in
1098 2791 1173 2888 ipso
1197 2814 1261 2865 suo
1277 2789 1447 2888 appetitu

223 2903 383 3000 trepidus
399 2903 681 3000 indignationem
701 2902 884 3000 potestatis
900 2903 1068 2978 humanae
1085 2895 1315 3002 pertimescit.
1337 2904 1446 2979 Curn-

224 3037 292 3114 que
309 3018 347 3090 in
364 3027 460 3092 terra
478 3016 658 3092 hominem
675 3027 799 3092 contra
816 3017 1008 3092 veritatem
1033 3029 1152 3117 pavet,
1169 3018 1328 3094 eiusdem
1349 3017 1444 3092 veri-

223 3131 309 3206 tatis
325 3131 415 3204 iram
433 3129 573 3206 caelitus
590 3130 753 3204 sustinet.
770 3132 859 3204 Item
877 3130 916 3202 in
933 3133 1033 3207 XXI.
1052 3130 1220 3206 Debitum
1238 3130 1368 3228 quippe
1394 3153 1448 3204 re-

224 3246 333 3319 ctoris
350 3255 404 3320 est
421 3263 585 3342 supernae
602 3243 725 3342 patriae
742 3242 895 3338 gloriam
912 3267 975 3341 per
991 3267 1115 3319 vocem
1134 3242 1396 3342 praedicationis
1412 3264 1446 3314 o-

224 3355 398 3449 stendere,
418 3368 551 3457 quanta
569 3358 607 3432 in
623 3357 733 3432 huius
749 3357 835 3431 vitoe
856 3365 1072 3432 testamenta
1096 3357 1236 3454 antiqui
1261 3355 1374 3430 hostis
1398 3354 1447 3430 la·

223 3481 324 3546 teant
347 3471 495 3569 aperire,
522 3469 803 3546 atsubditorum
829 3468 924 3542 mala
948 3493 1028 3567 quae
1052 3468 1196 3544 tolerari
1221 3467 1350 3544 leniter
1375 3489 1448 3542 non

223 3583 362 3672 debent,
378 3607 461 3658 cum
481 3606 613 3679 magna
630 3581 698 3657 zeli
715 3581 906 3679 asperitate
924 3583 1116 3679 corrigere,
1127 3605 1173 3657 ne
1186 3581 1219 3656 si
1232 3581 1353 3655 minus
1366 3604 1447 3655 con·

223 3705 279 3770 tra
297 3695 422 3794 culpas
438 3695 658 3785 accenditur,
670 3693 858 3793 culparum
879 3695 1038 3770 omnium
1065 3719 1147 3770 reus
1172 3694 1247 3793 ipse
1272 3702 1448 3770 teneatur.

224 3799 316 3884 Item
334 3809 372 3883 in
391 3811 571 3884 XXXIIII
588 3808 651 3886 ubi
675 3807 875 3906 exponitur.
900 3808 974 3883 Sub
998 3809 1074 3906 ipso
1099 3817 1206 3883 erunt
1231 3807 1339 3884 radiis
1364 3805 1449 3881 solis

226 3925 296 3996 Vll
313 3933 350 3997 et
362 3947 460 3997 nunc
475 3947 557 3997 eum
572 3922 723 4020 quisque
737 3919 951 4018 sapientium
964 3931 1072 4019 atque
1085 3921 1267 3996 doctorum
1281 3942 1344 4018 pro
1356 3941 1450 3994 com·

223 4035 323 4110 modo
339 4045 376 4110 et
391 4035 507 4131 gloria
524 4035 608 4110 ritae
624 4033 839 4132 temporalis,
856 4057 918 4132 per
939 4032 1154 4109 adulationis
1170 4031 1311 4132 lapsum
1336 4043 1447 4106 terre·

223 4149 319 4224 visse
339 4147 571 4246 potestatibus
587 4169 697 4246 prave
714 4146 907 4242 agentibus
923 4146 1065 4235 subicit,
1082 4144 1184 4243 quasi
1197 4144 1264 4219 sub
1277 4141 1446 4239 vestigiis

212 4257 403 4336 'venientis
419 4259 608 4336 anichristi
626 4259 709 4334 solis
722 4284 760 4335 se
773 4259 894 4335 radius
911 4259 1051 4348 sternit,
1068 4267 1105 4334 et
1122 4257 1224 4333 velut
1237 4256 1316 4331 caeli
1329 4256 1449 4331 lucem

221 4374 290 4450 sibi
315 4375 374 4450 vel
391 4383 547 4450 remotus
565 4373 743 4463 humiliat,
764 4372 850 4448 dum
868 4397 930 4471 per
953 4371 1164 4473 pestiferum
1190 4394 1378 4446 assensum
1397 4393 1452 4444 sa·

222 4488 398 4595 pientiam
418 4499 556 4565 mentes
575 4487 703 4564 calcat.
