3646 5292
742 392 939 458 -223-

226 513 348 591 levitae
373 511 473 612 prius
489 512 528 586 in
545 511 627 609 lege
644 520 850 602 tenuerunt,
867 521 909 586 ut
925 537 1008 587 cum
1031 520 1165 588 terram
1190 511 1392 588 dividerent
1416 521 1452 590 et

227 627 465 727 possessiones
482 625 702 725 partirentur
714 627 767 700 XI
780 625 956 715 tribubus,
973 625 1119 702 levitica
1133 626 1260 716 tribus,
1273 651 1353 724 quae
1365 637 1452 702 tem·

229 741 286 840 plo
302 751 340 816 ct
356 738 461 814 altari
478 749 515 814 et
533 737 741 813 ministeriis
761 737 895 812 divinis
912 739 1073 829 vacabat,
1090 738 1203 830 nichil
1221 740 1263 814 de
1280 740 1344 813 illa
1365 741 1454 815 divi·

228 853 340 927 sionis
349 851 506 950 portione
519 850 725 950 perciperet,
738 851 801 928 sed
811 851 894 926 aliis
905 862 1038 928 terram
1053 853 1250 928 colentibus
1262 853 1325 926 iila
1335 857 1451 930 Deum

230 966 374 1057 coleret,
391 975 428 1042 ot
444 966 489 1040 ad
506 965 645 1040 victum
662 974 699 1040 et
715 964 925 1040 alimentum
944 993 1061 1055 suum,
1078 965 1123 1040 ab
1143 970 1196 1040 XI
1221 967 1387 1043 tribubus
1411 969 1454 1044 de

228 1079 407 1158 fructibus
418 1079 488 1178 ¹qui
507 1078 746 1155 nascebantur
763 1078 919 1155 decimas
935 1080 1143 1178 perciperet,
1160 1081 1252 1178 quod
1265 1090 1379 1156 totum
1395 1084 1452 1158 fie-

229 1193 291 1268 bat
307 1194 351 1268 de
367 1193 581 1302 auctoritate
598 1203 634 1268 et
650 1192 876 1291 dispositione
893 1194 1026 1283 divina,
1043 1203 1085 1267 ut
1105 1193 1167 1290 qui
1192 1195 1454 1292 operationibus

229 1307 366 1382 divinis
387 1306 602 1384 insistebant
622 1307 660 1380 in
678 1307 779 1380 nulla
798 1331 835 1381 re
852 1315 1100 1396 avocarentur,
1120 1331 1187 1381 nec
1207 1307 1376 1403 cogitare,
1392 1317 1456 1383 aut

228 1447 337 1520 agere
354 1422 543 1498 saecularia
565 1431 789 1518 cogerentur.
808 1424 894 1508 Quae
906 1444 1004 1494 nunc
1018 1419 1157 1493 ratioet
1173 1419 1286 1494 forma
1304 1420 1342 1493 in
1360 1420 1455 1496 clero

230 1545 384 1626 tenetur,
399 1545 442 1610 ut
459 1536 519 1634 qui
537 1535 574 1608 in
592 1533 753 1610 aecclesia
770 1533 912 1610 Domini
928 1533 972 1607 ad
997 1531 1256 1608 ordinationem
1284 1533 1455 1610 clericam

229 1663 494 1747 promoventur,
506 1648 545 1721 in
561 1647 661 1722 nullo
673 1648 718 1722 ab
730 1646 1035 1722 administratione
1048 1647 1171 1721 divina
1183 1659 1391 1740 avocentur,
1405 1675 1450 1724 ne

230 1762 404 1838 molestiis
420 1772 456 1838 et
469 1761 625 1858 negotiis
638 1761 871 1837 saecularibus
883 1761 1093 1858 alligentur,
1102 1761 1162 1836 sed
1172 1761 1209 1835 in
1219 1761 1350 1838 honore
1363 1787 1458 1862 spor-

229 1875 427 1951 tulantium
440 1876 592 1950 fratrum
610 1885 795 1973 tamquam
812 1875 969 1949 decimas
981 1898 1024 1948 ex
1038 1872 1215 1950 fructibus
1228 1877 1457 1973 accipientes

229 1989 275 2064 ab
291 1989 398 2064 altari
415 1997 450 2065 et
467 1988 655 2064 sacrificiis
671 2014 742 2064 nen
760 1987 938 2077 recedant,
955 1995 991 2062 et
1006 1984 1064 2062 die
1077 2011 1120 2062 ao
1137 1997 1240 2062 nocte
1253 1989 1456 2065 celestibus

231 2103 338 2178 rebus
355 2112 391 2177 et
408 2101 655 2201 spiritualibus
671 2100 884 2178 deserviant.
901 2097 1002 2186 Quod
1025 2097 1191 2196 Episcopi
1208 2109 1451 2177 antecessores

231 2216 344 2290 nostri
357 2215 524 2312 religiose
533 2214 808 2304 considerantes,
817 2220 853 2288 et
862 2210 1054 2297 salubriter
1066 2211 1302 2309 providentes,
1312 2238 1459 2292 censue·

233 2341 318 2406 runt
333 2354 380 2406 ne
394 2329 476 2429 quis
488 2329 598 2404 frater
615 2327 798 2417 excedens,
814 2326 859 2400 ad
874 2324 1027 2402 tutelam
1053 2325 1111 2400 vel
1128 2349 1252 2400 curam
1278 2326 1454 2404 clericum

162 2524 164 2528 .
232 2445 443 2533 nominaret,
460 2468 502 2518 ac
519 2442 549 2516 si
563 2442 644 2540 quis
660 2441 726 2517 hec
740 2441 893 2528 iecisset,
905 2463 976 2514 uon
989 2437 1174 2513 offerretur
1188 2462 1250 2537 pro
1262 2464 1312 2530 ee,
1325 2443 1392 2516 n‘ec
1405 2467 1459 2516 sa·

233 2557 411 2634 orificium
429 2581 491 2654 pro
501 2553 716 2630 dormitione
734 2555 813 2628 eius
838 2552 1088 2628 celebraretur.
1106 2553 1230 2650 Neque
1248 2553 1345 2627 enim
1363 2555 1458 2653 apud

233 2671 345 2744 altare
357 2669 422 2744 Dei
436 2678 593 2744 meretur
605 2666 788 2742 nominare
802 2666 839 2739 in
854 2666 1076 2742 sacerdotum
1091 2692 1205 2765 prece,
1214 2668 1277 2766 qui
1290 2669 1334 2744 ab
1347 2669 1454 2745 altari

235 2783 434 2859 sacerdotes
451 2791 487 2857 et
504 2781 687 2856 ministros
704 2779 819 2854 voluit
834 2798 993 2855 avocare.
1011 2783 1058 2854 Et
1074 2779 1178 2878 paulo
1202 2790 1289 2879 post.
1306 2786 1361 2858 Ne
1379 2783 1460 2882 quis

235 2897 433 2972 sacerdotes
450 2907 486 2972 et
503 2896 686 2970 ministros
703 2895 768 2970 Dei
785 2893 890 2970 altari
905 2894 983 2968 eius
996 2902 1032 2968 et
1045 2893 1216 2968 aecclesiae
1230 2905 1401 2971 vacantes
1414 2896 1460 2970 ad

235 3011 425 3087 saeculares
442 3009 623 3086 molestias
639 3009 795 3084 devocet.

797 3236 905 3320 01111.

334 3463 565 3561 Augustinus
578 3463 616 3537 in
628 3461 717 3538 libro
734 3465 835 3538 LXX
847 3463 1000 3538 duarum
1014 3464 1262 3562 quaestionum.
1278 3468 1371 3540 Dum
1389 3466 1462 3540 ius-

238 3577 289 3651 sis
305 3577 467 3653 seritetis
484 3601 607 3676 parere
631 3575 811 3667 volumus
828 3575 867 3650 in
897 3575 1154 3674 vituperatione
1171 3579 1261 3654 forte
1278 3579 1459 3668 cademus,

240 3714 310 3788 qua
335 3690 378 3765 de
403 3715 441 3765 re
465 3691 529 3789 qui
552 3689 644 3763 nulli
669 3689 860 3788 aliquando
883 3687 1071 3762 indubium
1096 3689 1237 3765 invenit
1261 3689 1463 3766 scribimus.

245 3801 338 3889 Quia
355 3827 439 3877 cum
456 3802 652 3878 amicitiam
670 3803 843 3877 offendere
861 3801 1039 3893 nolumus,
1056 3803 1215 3878 studium
1233 3803 1326 3902 qued
1343 3802 1387 3877 ad
1399 3802 1463 3876 ali·

241 3938 349 4013 quam
368 3941 442 3990 rem
460 3915 639 3990 occultam
659 3915 885 3991 revelandam
905 3916 1073 4014 proficere
1090 3915 1222 4007 debuit,
1239 3917 1463 3992 intricamus.

246 4028 422 4115 Quamvis
439 4037 579 4126 propter
593 4028 741 4101 nimiam
759 4027 950 4104 stultitiam
970 4030 1153 4104 cuiusdam
1176 4030 1243 4105 hoc
1259 4055 1465 4106 asseveran-

241 4139 290 4214 tis
306 4140 399 4238 quod
416 4139 455 4212 in
472 4139 643 4216 subiectis
658 4141 865 4239 pandemus,
882 4143 978 4217 istud
995 4143 1096 4218 nobis
1116 4144 1315 4220 iniunxerit
1331 4144 1465 4220 caritas

243 4264 447 4344 memorata,
459 4280 504 4330 ne
517 4281 601 4332 cum
614 4279 719 4330 nemo
727 4254 857 4329 adhaec
871 4257 1096 4355 responderet
1107 4257 1145 4331 in
1159 4257 1259 4355 peius
1269 4259 1464 4356 proficeret,

242 4377 278 4441 et
294 4367 356 4440 diu
373 4367 505 4444 invano
522 4367 711 4443 exercitari
728 4365 910 4442 emendari
923 4394 993 4444 non
1006 4380 1133 4467 posset,
1146 4369 1212 4445 hoc
1226 4369 1322 4443 enim
1336 4370 1465 4446 carita-

242 4479 291 4553 tis
307 4480 466 4556 studium
484 4493 550 4573 est,
566 4506 646 4580 quae
662 4504 733 4555 non
750 4481 880 4578 quaerit
896 4505 975 4579 quae
988 4505 1054 4555 sua
1067 4491 1161 4555 sunt.
1176 4480 1335 4568 Quodam
1348 4481 1464 4577 igitur
