3618 5316
714 403 911 468 -353-

203 533 363 613 luerunt,
388 549 505 623 neque
530 523 850 614 adnuntiaverunt,
877 549 992 625 nequa
1018 525 1427 627 epytbimicm'aocepa·

203 645 300 726 runt,
310 637 370 712 sed
380 647 654 736 permanserunt
663 639 700 712 in
710 639 831 713 durtia
839 639 917 739 (sic)
926 640 1041 717 cordis
1053 641 1122 730 sui,
1130 647 1244 716 elnon
1252 662 1428 737 cognove-

205 759 291 826 runt
308 760 493 848 peccatum
509 751 600 849 quod
613 761 781 847 egerunt,
798 777 868 828 non
882 755 998 830 solum
1011 765 1135 832 contra
1147 754 1333 851 Ignatium
1347 779 1427 828 san·

206 863 419 950 ocissimum,
432 864 493 939 sed
510 873 546 938 et
563 877 687 939 contra
700 866 964 941 sanctissimam
979 868 1044 942 Dei
1058 867 1267 956 aecclesiam,
1279 892 1342 966 per
1355 869 1425 940 VII

205 999 327 1065 annos,
336 977 563 1074 epithimium
576 989 794 1076 acceperunt
807 989 948 1079 propter
958 981 1228 1056 manifestatum
1239 989 1425 1077 peccatum

204 1090 288 1178 tale,
300 1115 377 1166 esse
391 1091 470 1165 illos
483 1091 521 1165 in
538 1092 675 1167 duobus
691 1093 798 1166 annis
811 1102 911 1168 extra
925 1093 1134 1184 aecclesiam,
1147 1093 1232 1169 etin
1245 1093 1328 1167 aliis
1344 1093 1428 1167 duo

203 1203 269 1278 bus
281 1204 385 1278 annis
402 1205 498 1280 intra
515 1205 713 1282 aecclesiam
731 1207 855 1282 audire
871 1206 1013 1282 divinas
1033 1206 1231 1305 scripturas
1249 1230 1363 1305 usque
1380 1207 1425 1280 ad

206 1319 463 1408 caecumincs,
476 1343 547 1394 non
560 1328 681 1394 tamen
696 1319 770 1394 ullo
787 1319 887 1394 modo
903 1320 1181 1410 communicare,
1195 1319 1256 1394 sed
1268 1329 1305 1394 et
1320 1318 1428 1394 absti-

203 1455 288 1506 nere
299 1431 510 1510 arcornibns
523 1441 560 1508 at
570 1431 734 1510 vinolIll
747 1431 853 1506 annis
865 1443 993 1532 praeter
1008 1432 1202 1508 dominicos
1219 1433 1305 1522 dies,
1318 1441 1354 1508 et
1367 1433 1425 1507 do-

204 1543 355 1619 minicas
366 1544 590 1620 festivitates.
605 1549 651 1620 Et
662 1545 699 1619 in
713 1545 795 1619 aliis
808 1547 924 1621 tribus
937 1547 1043 1620 annis
1055 1555 1150 1620 stare
1164 1571 1248 1621 cum
1261 1545 1426 1621 fidelibus

203 1667 239 1732 et
256 1657 385 1733 mereri
398 1657 559 1732 divinam
572 1659 858 1735 communionem
872 1659 910 1732 in
924 1658 1009 1734 solis
1021 1657 1208 1733 dominicis
1221 1657 1426 1732 festivitati·

202 1770 269 1844 bus
282 1795 364 1846 cum
378 1771 617 1862 helemosinis,
626 1781 663 1848 et
675 1772 921 1851 horationibus
934 1783 1041 1872 atque
1055 1771 1210 1847 ieiuniis.
1221 1763 1275 1847 Ita
1284 1771 1426 1848 utribus

204 1883 327 1959 diebus
351 1885 554 1960 ebdomadis
577 1889 612 1960 ΙΙ
630 1887 798 1962 videlicet
815 1896 851 1962 et
868 1889 938 1961 llll
954 1897 990 1962 et
1007 1889 1059 1960 VI
1077 1885 1167 1960 feria
1183 1885 1386 1961 abstineant
1402 1910 1425 1958 a

204 1999 372 2072 carnibus
390 2009 425 2074 et
445 1998 538 2074 vinc.
556 2003 749 2076 Peccatum
767 2001 865 2075 enim
880 2001 1038 2098 ipsorum
1055 2024 1127 2074 non
1145 2000 1216 2076 luit
1233 2000 1426 2088 modicum,

203 2112 263 2187 sed
281 2122 323 2186 ut
339 2112 412 2186 iam
436 2111 573 2187 dictum
591 2122 654 2192 est.
672 2116 719 2186 Et
736 2111 953 2212 quicumque
970 2123 1056 2188 sunt
1077 2115 1227 2212 quinon
1245 2123 1426 2188 venerunt

202 2227 361 2301 hodiein
379 2226 473 2300 hanc
490 2235 650 2302 sanctam
671 2236 707 2301 et
724 2226 966 2301 universalem
985 2226 1160 2316 sinodum,
1176 2236 1240 2301 aut
1256 2251 1294 2301 se
1311 2227 1428 2302 occul·

202 2350 292 2430 tant,
308 2341 469 2416 nolentes
486 2342 702 2414 annuntiare
720 2347 906 2438 peccatum
925 2337 1018 2437 quod
1035 2347 1199 2435 egerunt,
1213 2347 1250 2414 et
1265 2337 1426 2435 effugere

203 2454 331 2528 volunt
343 2454 557 2529 sententiam
567 2453 767 2552 Epitbimii,
776 2451 850 2526 sint
861 2452 1004 2527 omnino
1013 2451 1058 2526 ab
1067 2453 1227 2528 aecclesia
1241 2452 1426 2549 segregati

203 2579 238 2643 et
254 2567 493 2641 anathematis
510 2565 707 2662 ligamento
724 2565 916 2641 constricto
934 2565 1045 2640 donec
1062 2563 1223 2640 universi
1240 2589 1304 2664 per
1328 2564 1426 2662 peni·

204 2680 353 2755 tentiam
372 2679 464 2753 salvi
483 2679 580 2752 fiant.
594 2679 664 2766 Qui
681 2701 767 2754 vero
784 2677 969 2775 accipiunt
985 2677 1184 2776 epytbimia
1197 2678 1298 2775 prius
1310 2686 1346 2752 et
1363 2701 1425 2752 cu·

203 2793 374 2880 stodiunt,
391 2804 469 2891 post
490 2793 705 2890 completum
726 2792 1100 2891 epytbimium,digni
1120 2793 1210 2866 liant
1229 2792 1365 2867 sanctis
1389 2803 1426 2866 et

203 2906 338 2980 divinis
355 2906 551 3006 mysteriis.

705 3005 710 3015 '
763 3021 858 3107 xva

564 3200 601 3250 In
620 3198 737 3252 eudem
755 3201 788 3251 in
806 3200 868 3251 ΧΗ
887 3197 1061 3252 actionem.

298 3353 538 3428 Promotiones
565 3361 601 3426 et
616 3352 899 3428 consecrationes
919 3351 1185 3450 Episcoporum,
1204 3349 1423 3426 concordans

204 3465 380 3564 prioribus
397 3465 559 3542 conciliis
576 3465 791 3539 clericorum
808 3463 982 3539 electione
1007 3471 1050 3538 ac
1075 3463 1216 3539 decreto
1240 3471 1276 3538 et
1291 3462 1425 3560 episco

203 3605 328 3677 porum
346 3580 496 3675 collegio
512 3579 603 3667 fieri,
619 3579 695 3654 haec
713 3586 838 3653 sancta
856 3586 892 3652 et
917 3576 1134 3652 universalis
1159 3575 1318 3675 synodus
1334 3576 1424 3650 diffi-

202 3694 298 3769 nivit
314 3702 350 3768 et
370 3681 499 3767 statuit
519 3702 626 3790 atque
652 3693 730 3766 iure
756 3689 1013 3789 promulgavit,
1039 3687 1221 3764 neminem
1248 3687 1422 3763 laicorum

203 3807 417 3907 principum,
434 3805 492 3882 vel
509 3813 693 3904 potentum
715 3813 829 3879 semet
845 3803 1004 3878 inserere
1022 3801 1186 3878 electioni
1203 3800 1263 3876 vel
1289 3824 1425 3900 promo·

203 3919 291 3994 tioni
309 3918 523 4017 patriarcha
547 3917 606 3994 vel
632 3916 876 4015 metropolita,
892 3927 957 3992 aut
978 3914 1174 3994 cuiuslibet
1198 3913 1351 4012 episcopi
1377 3939 1423 3990 ne

203 4033 370 4109 videlicet
388 4033 588 4109 inordinata
606 4031 744 4108 hiscat
761 4033 963 4126 incongrua
987 4032 1049 4104 fiat
1074 4027 1235 4104 conlusio
1259 4026 1319 4102 vel
1343 4049 1425 4103 con-

203 4147 325 4222 tentio.
343 4147 660 4221 Praesertim-cum
679 4145 818 4219 nullam
844 4144 883 4218 in
910 4144 1043 4218 talibus
1067 4152 1277 4242 potestatem
1304 4165 1424 4240 quem·

203 4283 309 4357 quam
324 4259 628 4356 potestativorum,
646 4258 705 4334 vel
721 4266 929 4342 ceterorum
951 4255 1124 4332 laicorum
1141 4256 1273 4331 habere
1297 4277 1425 4331 conve·

202 4371 288 4447 niat.
305 4374 374 4448 Sed
392 4373 508 4470 potins
526 4372 632 4448 silere
648 4382 685 4447 et
696 4373 881 4447 attendere
893 4369 973 4456 sibi,
988 4393 1101 4468 usque
1119 4392 1188 4466 quo
1206 4367 1424 4464 regulariter

204 4485 390 4580 acollcgio
402 4484 573 4561 aecclesiae
585 4483 760 4582 suscipiat
773 4485 880 4560 finem
895 4482 1021 4559 electio
1038 4481 1152 4556 luturi
1170 4481 1364 4557 Pontificis.
1382 4482 1422 4556 Si

1204 4597 1240 4652 aa
