<?xml version="1.0" encoding="UTF-8"?>
<!DOCTYPE html PUBLIC "-//W3C//DTD XHTML 1.0 Transitional//EN"
    "http://www.w3.org/TR/xhtml1/DTD/xhtml1-transitional.dtd">
<html xmlns="http://www.w3.org/1999/xhtml" xml:lang="en" lang="en">
 <head>
  <title>
</title>
<meta http-equiv="Content-Type" content="text/html;charset=utf-8" />
  <meta name='ocr-system' content='tesseract 3.04.00' />
  <meta name='ocr-capabilities' content='ocr_page ocr_carea ocr_par ocr_line ocrx_word'/>
</head>
<body>
  <div class='ocr_page' id='page_1' title='image "./deusdeditpresby00martgoog_0387.png"; bbox 0 0 3654 5302; ppageno 0'>
   <div class='ocr_carea' id='block_1_1' title="bbox 898 383 1100 622">
    <p class='ocr_par' dir='ltr' id='par_1_1' title="bbox 898 383 1100 622">
     <span class='ocr_line' id='line_1_1' title="bbox 903 383 1100 449; baseline 0.015 -3"><span class='ocrx_word' id='word_1_1' title='bbox 903 418 944 434; x_wconf 89' lang='lat'>-</span> <span class='ocrx_word' id='word_1_2' title='bbox 969 383 1035 449; x_wconf 78' lang='lat' dir='ltr'>ssa</span> <span class='ocrx_word' id='word_1_3' title='bbox 1059 419 1100 436; x_wconf 91' lang='lat'><em>-</em></span> 
     </span>
     <span class='ocr_line' id='line_1_2' title="bbox 898 535 1096 622; baseline -0.005 0"><span class='ocrx_word' id='word_1_4' title='bbox 898 535 1096 622; x_wconf 83' lang='lat' dir='ltr'><strong>XXXVIII.</strong></span> 
     </span>
    </p>
   </div>
   <div class='ocr_carea' id='block_1_2' title="bbox 764 673 1234 780">
    <p class='ocr_par' dir='ltr' id='par_1_2' title="bbox 764 673 1234 780">
     <span class='ocr_line' id='line_1_3' title="bbox 764 673 1234 780; baseline -0.004 -12"><span class='ocrx_word' id='word_1_5' title='bbox 764 716 813 768; x_wconf 86' lang='lat' dir='ltr'>Ex</span> <span class='ocrx_word' id='word_1_6' title='bbox 832 713 964 769; x_wconf 80' lang='lat' dir='ltr'>decreto</span> <span class='ocrx_word' id='word_1_7' title='bbox 985 673 1087 780; x_wconf 76' lang='lat' dir='ltr'>Papae</span> <span class='ocrx_word' id='word_1_8' title='bbox 1106 715 1234 770; x_wconf 79' lang='lat' dir='ltr'>Liberil.</span> 
     </span>
    </p>
   </div>
   <div class='ocr_carea' id='block_1_3' title="bbox 388 847 1613 1403">
    <p class='ocr_par' dir='ltr' id='par_1_3' title="bbox 388 847 1613 1403">
     <span class='ocr_line' id='line_1_4' title="bbox 486 847 1613 952; baseline 0.006 -32"><span class='ocrx_word' id='word_1_9' title='bbox 486 847 555 934; x_wconf 85' lang='lat' dir='ltr'>oui</span> <span class='ocrx_word' id='word_1_10' title='bbox 574 856 698 922; x_wconf 89' lang='lat' dir='ltr'>contra</span> <span class='ocrx_word' id='word_1_11' title='bbox 716 873 840 947; x_wconf 87' lang='lat' dir='ltr'>pacem</span> <span class='ocrx_word' id='word_1_12' title='bbox 860 848 1030 926; x_wconf 85' lang='lat' dir='ltr'>aecclesiaa</span> <span class='ocrx_word' id='word_1_13' title='bbox 1046 861 1144 940; x_wconf 76' lang='lat' dir='ltr'>sunt,</span> <span class='ocrx_word' id='word_1_14' title='bbox 1166 851 1196 925; x_wconf 91' lang='lat' dir='ltr'>si</span> <span class='ocrx_word' id='word_1_15' title='bbox 1214 853 1442 952; x_wconf 82' lang='lat' dir='ltr'>dignitatem,</span> <span class='ocrx_word' id='word_1_16' title='bbox 1458 861 1522 928; x_wconf 86' lang='lat' dir='ltr'>aut</span> <span class='ocrx_word' id='word_1_17' title='bbox 1538 855 1613 930; x_wconf 90' lang='lat' dir='ltr'>ein·</span> 
     </span>
     <span class='ocr_line' id='line_1_5' title="bbox 388 959 1613 1065; baseline 0.004 -30"><span class='ocrx_word' id='word_1_18' title='bbox 388 959 512 1035; x_wconf 91' lang='lat' dir='ltr'>culum</span> <span class='ocrx_word' id='word_1_19' title='bbox 539 961 679 1035; x_wconf 77' lang='lat' dir='ltr'>militias</span> <span class='ocrx_word' id='word_1_20' title='bbox 700 962 842 1054; x_wconf 82' lang='lat' dir='ltr'>habent,</span> <span class='ocrx_word' id='word_1_21' title='bbox 860 966 1041 1040; x_wconf 89' lang='lat' dir='ltr'>nudentur</span> <span class='ocrx_word' id='word_1_22' title='bbox 1059 965 1101 1049; x_wconf 92' lang='lat' dir='ltr'>de</span> <span class='ocrx_word' id='word_1_23' title='bbox 1118 967 1180 1040; x_wconf 93' lang='lat' dir='ltr'>eis.</span> <span class='ocrx_word' id='word_1_24' title='bbox 1198 966 1236 1040; x_wconf 86' lang='lat' dir='ltr'>si</span> <span class='ocrx_word' id='word_1_25' title='bbox 1253 977 1374 1044; x_wconf 87' lang='lat' dir='ltr'>autem</span> <span class='ocrx_word' id='word_1_26' title='bbox 1399 967 1544 1065; x_wconf 87' lang='lat' dir='ltr'>privati,</span> <span class='ocrx_word' id='word_1_27' title='bbox 1567 967 1613 1043; x_wconf 90' lang='lat' dir='ltr'>si·</span> 
     </span>
     <span class='ocr_line' id='line_1_6' title="bbox 388 1074 1612 1177; baseline 0.004 -30"><span class='ocrx_word' id='word_1_28' title='bbox 388 1074 530 1171; x_wconf 90' lang='lat' dir='ltr'>quidem</span> <span class='ocrx_word' id='word_1_29' title='bbox 555 1074 689 1150; x_wconf 88' lang='lat' dir='ltr'>nobiles</span> <span class='ocrx_word' id='word_1_30' title='bbox 710 1086 806 1166; x_wconf 85' lang='lat' dir='ltr'>sunt,</span> <span class='ocrx_word' id='word_1_31' title='bbox 831 1103 977 1152; x_wconf 88' lang='lat' dir='ltr'>suarum</span> <span class='ocrx_word' id='word_1_32' title='bbox 1005 1077 1290 1154; x_wconf 84' lang='lat' dir='ltr'>substantiarum</span> <span class='ocrx_word' id='word_1_33' title='bbox 1317 1079 1612 1177; x_wconf 75' lang='lat' dir='ltr'><strong>proscriptionem</strong></span> 
     </span>
     <span class='ocr_line' id='line_1_7' title="bbox 389 1186 1613 1292; baseline 0.004 -32"><span class='ocrx_word' id='word_1_34' title='bbox 389 1186 583 1284; x_wconf 81' lang='lat' dir='ltr'>patiantur,</span> <span class='ocrx_word' id='word_1_35' title='bbox 600 1187 631 1262; x_wconf 89' lang='lat' dir='ltr'>si</span> <span class='ocrx_word' id='word_1_36' title='bbox 648 1199 770 1265; x_wconf 88' lang='lat' dir='ltr'>autem</span> <span class='ocrx_word' id='word_1_37' title='bbox 789 1191 977 1287; x_wconf 78' lang='lat' dir='ltr'>ignobiles,</span> <span class='ocrx_word' id='word_1_38' title='bbox 989 1216 1058 1265; x_wconf 93' lang='lat' dir='ltr'>non</span> <span class='ocrx_word' id='word_1_39' title='bbox 1073 1193 1189 1267; x_wconf 88' lang='lat' dir='ltr'>solum</span> <span class='ocrx_word' id='word_1_40' title='bbox 1206 1216 1350 1292; x_wconf 88' lang='lat' dir='ltr'>corpore</span> <span class='ocrx_word' id='word_1_41' title='bbox 1367 1193 1613 1282; x_wconf 80' lang='lat' dir='ltr'>verberentur,</span> 
     </span>
     <span class='ocr_line' id='line_1_8' title="bbox 392 1300 1018 1403; baseline 0.008 -29"><span class='ocrx_word' id='word_1_42' title='bbox 392 1300 453 1376; x_wconf 89' lang='lat' dir='ltr'>sed</span> <span class='ocrx_word' id='word_1_43' title='bbox 470 1301 580 1377; x_wconf 87' lang='lat' dir='ltr'>exilio</span> <span class='ocrx_word' id='word_1_44' title='bbox 596 1313 766 1401; x_wconf 82' lang='lat' dir='ltr'>perpetuo</span> <span class='ocrx_word' id='word_1_45' title='bbox 781 1305 1018 1403; x_wconf 83' lang='lat' dir='ltr'>castigentur.</span> 
     </span>
    </p>
   </div>
   <div class='ocr_carea' id='block_1_4' title="bbox 811 1497 1316 1780">
    <p class='ocr_par' dir='ltr' id='par_1_4' title="bbox 811 1497 1316 1780">
     <span class='ocr_line' id='line_1_9' title="bbox 890 1497 1106 1583; baseline 0 -1"><span class='ocrx_word' id='word_1_46' title='bbox 890 1497 1106 1583; x_wconf 78' lang='lat' dir='ltr'><strong>XXXVIIII.</strong></span> 
     </span>
     <span class='ocr_line' id='line_1_10' title="bbox 811 1637 1316 1780; baseline 0.004 -26"><span class='ocrx_word' id='word_1_47' title='bbox 811 1637 1185 1768; x_wconf 65' lang='lat' dir='ltr'>n111110a1i.1ry1arn.</span> <span class='ocrx_word' id='word_1_48' title='bbox 1209 1777 1210 1780; x_wconf 8' lang='grc' dir='ltr'><strong>Ἴ</strong></span> <span class='ocrx_word' id='word_1_49' title='bbox 1314 1735 1316 1738; x_wconf 94' lang='grc'>-</span> 
     </span>
    </p>
   </div>
   <div class='ocr_carea' id='block_1_5' title="bbox 387 1872 1613 2196">
    <p class='ocr_par' dir='ltr' id='par_1_5' title="bbox 387 1872 1613 2196">
     <span class='ocr_line' id='line_1_11' title="bbox 484 1872 1611 1972; baseline 0.004 -30"><span class='ocrx_word' id='word_1_50' title='bbox 484 1872 560 1944; x_wconf 86' lang='lat' dir='ltr'>Noc</span> <span class='ocrx_word' id='word_1_51' title='bbox 577 1878 719 1946; x_wconf 85' lang='lat' dir='ltr'>tantum</span> <span class='ocrx_word' id='word_1_52' title='bbox 739 1873 855 1970; x_wconf 87' lang='lat' dir='ltr'>puteis</span> <span class='ocrx_word' id='word_1_53' title='bbox 872 1873 1061 1970; x_wconf 79' lang='lat' dir='ltr'>petitiones</span> <span class='ocrx_word' id='word_1_54' title='bbox 1086 1872 1207 1948; x_wconf 87' lang='lat' dir='ltr'>valere</span> <span class='ocrx_word' id='word_1_55' title='bbox 1233 1873 1442 1972; x_wconf 88' lang='lat' dir='ltr'>populorum</span> <span class='ocrx_word' id='word_1_56' title='bbox 1460 1881 1503 1947; x_wconf 83' lang='lat' dir='ltr'>ut</span> <span class='ocrx_word' id='word_1_57' title='bbox 1527 1897 1611 1947; x_wconf 91' lang='lat' dir='ltr'>cum</span> 
     </span>
     <span class='ocr_line' id='line_1_12' title="bbox 389 1981 1612 2085; baseline 0.002 -29"><span class='ocrx_word' id='word_1_58' title='bbox 389 1981 446 2056; x_wconf 91' lang='lat' dir='ltr'>his</span> <span class='ocrx_word' id='word_1_59' title='bbox 464 2007 587 2080; x_wconf 86' lang='lat' dir='ltr'>parere</span> <span class='ocrx_word' id='word_1_60' title='bbox 604 1987 737 2083; x_wconf 86' lang='lat' dir='ltr'>cupitis</span> <span class='ocrx_word' id='word_1_61' title='bbox 755 1989 976 2062; x_wconf 87' lang='lat' dir='ltr'>voluntatem</span> <span class='ocrx_word' id='word_1_62' title='bbox 996 1986 1062 2061; x_wconf 92' lang='lat' dir='ltr'>Dei</span> <span class='ocrx_word' id='word_1_63' title='bbox 1081 1988 1279 2085; x_wconf 89' lang='lat' dir='ltr'>nostrique</span> <span class='ocrx_word' id='word_1_64' title='bbox 1297 2010 1362 2062; x_wconf 91' lang='lat' dir='ltr'>uos</span> <span class='ocrx_word' id='word_1_65' title='bbox 1374 2011 1523 2085; x_wconf 87' lang='lat' dir='ltr'>peccare</span> <span class='ocrx_word' id='word_1_66' title='bbox 1536 2009 1612 2084; x_wconf 82' lang='lat' dir='ltr'>pro</span> 
     </span>
     <span class='ocr_line' id='line_1_13' title="bbox 387 2095 1613 2196; baseline 0.002 -28"><span class='ocrx_word' id='word_1_67' title='bbox 387 2095 486 2170; x_wconf 89' lang='lat' dir='ltr'>hibet</span> <span class='ocrx_word' id='word_1_68' title='bbox 503 2095 681 2172; x_wconf 85' lang='lat' dir='ltr'>deferatis.</span> <span class='ocrx_word' id='word_1_69' title='bbox 699 2100 813 2175; x_wconf 83' lang='lat' dir='ltr'>Cuius</span> <span class='ocrx_word' id='word_1_70' title='bbox 830 2099 1031 2196; x_wconf 85' lang='lat' dir='ltr'>indignat-io</span> <span class='ocrx_word' id='word_1_71' title='bbox 1048 2125 1093 2174; x_wconf 88' lang='lat' dir='ltr'>ex</span> <span class='ocrx_word' id='word_1_72' title='bbox 1113 2099 1180 2175; x_wconf 92' lang='lat' dir='ltr'>hoc</span> <span class='ocrx_word' id='word_1_73' title='bbox 1206 2100 1333 2196; x_wconf 88' lang='lat' dir='ltr'>gravis</span> <span class='ocrx_word' id='word_1_74' title='bbox 1357 2109 1613 2188; x_wconf 87' lang='lat' dir='ltr'>commovetur,</span> 
     </span>
    </p>
   </div>
   <div class='ocr_carea' id='block_1_6' title="bbox 279 2209 1614 2312">
    <p class='ocr_par' dir='ltr' id='par_1_6' title="bbox 279 2209 1614 2312">
     <span class='ocr_line' id='line_1_14' title="bbox 279 2209 1614 2312; baseline 0.001 -30"><span class='ocrx_word' id='word_1_75' title='bbox 279 2215 282 2220; x_wconf 84' lang='lat'>&#39;</span> <span class='ocrx_word' id='word_1_76' title='bbox 392 2209 477 2307; x_wconf 91' lang='lat' dir='ltr'>quia</span> <span class='ocrx_word' id='word_1_77' title='bbox 493 2209 701 2304; x_wconf 84' lang='lat' dir='ltr'>benignitas</span> <span class='ocrx_word' id='word_1_78' title='bbox 718 2215 796 2288; x_wconf 91' lang='lat' dir='ltr'>eius</span> <span class='ocrx_word' id='word_1_79' title='bbox 813 2215 898 2288; x_wconf 91' lang='lat' dir='ltr'>dum</span> <span class='ocrx_word' id='word_1_80' title='bbox 917 2216 1020 2303; x_wconf 80' lang='lat' dir='ltr'>fiunt,</span> <span class='ocrx_word' id='word_1_81' title='bbox 1037 2211 1165 2288; x_wconf 88' lang='lat' dir='ltr'>illicita</span> <span class='ocrx_word' id='word_1_82' title='bbox 1181 2237 1243 2312; x_wconf 89' lang='lat' dir='ltr'>per</span> <span class='ocrx_word' id='word_1_83' title='bbox 1257 2236 1315 2288; x_wconf 88' lang='lat' dir='ltr'>eos</span> <span class='ocrx_word' id='word_1_84' title='bbox 1328 2212 1489 2310; x_wconf 86' lang='lat' dir='ltr'>quisunt</span> <span class='ocrx_word' id='word_1_85' title='bbox 1505 2212 1614 2286; x_wconf 80' lang='lat' dir='ltr'>inter·</span> 
     </span>
    </p>
   </div>
   <div class='ocr_carea' id='block_1_7' title="bbox 335 2325 1613 2653">
    <p class='ocr_par' dir='ltr' id='par_1_7' title="bbox 335 2325 1613 2653">
     <span class='ocr_line' id='line_1_15' title="bbox 388 2325 1613 2427; baseline 0.001 -31"><span class='ocrx_word' id='word_1_86' title='bbox 388 2332 505 2420; x_wconf 84' lang='lat' dir='ltr'>protes</span> <span class='ocrx_word' id='word_1_87' title='bbox 523 2325 733 2421; x_wconf 79' lang='lat' dir='ltr'>placationis</span> <span class='ocrx_word' id='word_1_88' title='bbox 751 2328 951 2427; x_wconf 88' lang='lat' dir='ltr'>offenditur.</span> <span class='ocrx_word' id='word_1_89' title='bbox 968 2331 1048 2402; x_wconf 93' lang='lat' dir='ltr'>Non</span> <span class='ocrx_word' id='word_1_90' title='bbox 1075 2328 1172 2402; x_wconf 91' lang='lat' dir='ltr'>enim</span> <span class='ocrx_word' id='word_1_91' title='bbox 1199 2326 1321 2401; x_wconf 90' lang='lat' dir='ltr'>minus</span> <span class='ocrx_word' id='word_1_92' title='bbox 1346 2328 1384 2400; x_wconf 93' lang='lat' dir='ltr'>in</span> <span class='ocrx_word' id='word_1_93' title='bbox 1405 2336 1613 2402; x_wconf 86' lang='lat' dir='ltr'>sanctarum</span> 
     </span>
     <span class='ocr_line' id='line_1_16' title="bbox 335 2437 1612 2540; baseline 0.006 -36"><span class='ocrx_word' id='word_1_94' title='bbox 335 2497 338 2504; x_wconf 93' lang='lat'>.</span> <span class='ocrx_word' id='word_1_95' title='bbox 388 2437 620 2513; x_wconf 83' lang='lat' dir='ltr'>traditionum</span> <span class='ocrx_word' id='word_1_96' title='bbox 638 2441 899 2540; x_wconf 86' lang='lat' dir='ltr'>derelinquitur</span> <span class='ocrx_word' id='word_1_97' title='bbox 917 2441 1121 2516; x_wconf 79' lang='lat' dir='ltr'>sanctiones</span> <span class='ocrx_word' id='word_1_98' title='bbox 1138 2466 1245 2539; x_wconf 90' lang='lat' dir='ltr'>quam</span> <span class='ocrx_word' id='word_1_99' title='bbox 1268 2441 1307 2514; x_wconf 94' lang='lat' dir='ltr'>in</span> <span class='ocrx_word' id='word_1_100' title='bbox 1331 2439 1444 2538; x_wconf 89' lang='lat' dir='ltr'>ipsius</span> <span class='ocrx_word' id='word_1_101' title='bbox 1470 2438 1612 2514; x_wconf 90' lang='lat' dir='ltr'>Domini</span> 
     </span>
     <span class='ocr_line' id='line_1_17' title="bbox 393 2551 775 2653; baseline 0.018 -28"><span class='ocrx_word' id='word_1_102' title='bbox 393 2551 565 2627; x_wconf 90' lang='lat' dir='ltr'>iniuriam</span> <span class='ocrx_word' id='word_1_103' title='bbox 583 2556 775 2653; x_wconf 86' lang='lat' dir='ltr'>prosilitur.</span> 
     </span>
    </p>
   </div>
   <div class='ocr_carea' id='block_1_8' title="bbox 964 2699 1033 2784">
    <p class='ocr_par' dir='ltr' id='par_1_8' title="bbox 964 2699 1033 2784">
     <span class='ocr_line' id='line_1_18' title="bbox 964 2699 1033 2784; baseline -0.029 0"><span class='ocrx_word' id='word_1_104' title='bbox 964 2699 1033 2784; x_wconf 85' lang='lat' dir='ltr'>XL.</span> 
     </span>
    </p>
   </div>
   <div class='ocr_carea' id='block_1_9' title="bbox 389 2897 1614 3452">
    <p class='ocr_par' dir='ltr' id='par_1_9' title="bbox 389 2897 1614 3452">
     <span class='ocr_line' id='line_1_19' title="bbox 486 2897 1614 2995; baseline -0.004 -22"><span class='ocrx_word' id='word_1_105' title='bbox 486 2897 654 2973; x_wconf 88' lang='lat' dir='ltr'>Gelasius</span> <span class='ocrx_word' id='word_1_106' title='bbox 671 2903 803 2975; x_wconf 81' lang='lat' dir='ltr'>Fausto</span> <span class='ocrx_word' id='word_1_107' title='bbox 820 2899 994 2995; x_wconf 86' lang='lat' dir='ltr'>magistro</span> <span class='ocrx_word' id='word_1_108' title='bbox 1007 2899 1177 2994; x_wconf 81' lang='lat' dir='ltr'>fungenti</span> <span class='ocrx_word' id='word_1_109' title='bbox 1191 2897 1382 2994; x_wconf 84' lang='lat' dir='ltr'>legationis</span> <span class='ocrx_word' id='word_1_110' title='bbox 1395 2897 1510 2972; x_wconf 90' lang='lat' dir='ltr'>officio</span> <span class='ocrx_word' id='word_1_111' title='bbox 1524 2897 1614 2972; x_wconf 85' lang='lat' dir='ltr'>Con-</span> 
     </span>
     <span class='ocr_line' id='line_1_20' title="bbox 389 3009 1613 3110; baseline 0.002 -27"><span class='ocrx_word' id='word_1_112' title='bbox 389 3009 665 3109; x_wconf 88' lang='lat' dir='ltr'>stantinopolim.</span> <span class='ocrx_word' id='word_1_113' title='bbox 688 3015 786 3088; x_wconf 86' lang='lat' dir='ltr'>Inter</span> <span class='ocrx_word' id='word_1_114' title='bbox 803 3023 931 3088; x_wconf 84' lang='lat' dir='ltr'>cetera.</span> <span class='ocrx_word' id='word_1_115' title='bbox 956 3015 1035 3108; x_wconf 89' lang='lat' dir='ltr'>Ego</span> <span class='ocrx_word' id='word_1_116' title='bbox 1051 3035 1190 3109; x_wconf 87' lang='lat' dir='ltr'>quoque</span> <span class='ocrx_word' id='word_1_117' title='bbox 1209 3020 1326 3086; x_wconf 84' lang='lat' dir='ltr'>mente</span> <span class='ocrx_word' id='word_1_118' title='bbox 1348 3009 1501 3110; x_wconf 85' lang='lat' dir='ltr'>percepi,</span> <span class='ocrx_word' id='word_1_119' title='bbox 1527 3012 1613 3085; x_wconf 90' lang='lat' dir='ltr'>Gre-</span> 
     </span>
     <span class='ocr_line' id='line_1_21' title="bbox 392 3123 1612 3203; baseline 0 -5"><span class='ocrx_word' id='word_1_120' title='bbox 392 3147 451 3198; x_wconf 89' lang='lat' dir='ltr'>cos</span> <span class='ocrx_word' id='word_1_121' title='bbox 469 3123 506 3196; x_wconf 89' lang='lat' dir='ltr'>iu</span> <span class='ocrx_word' id='word_1_122' title='bbox 525 3151 590 3199; x_wconf 90' lang='lat' dir='ltr'>sua</span> <span class='ocrx_word' id='word_1_123' title='bbox 607 3127 843 3203; x_wconf 88' lang='lat' dir='ltr'>obstinatione</span> <span class='ocrx_word' id='word_1_124' title='bbox 866 3151 1063 3201; x_wconf 90' lang='lat' dir='ltr'>mansuros.</span> <span class='ocrx_word' id='word_1_125' title='bbox 1088 3125 1199 3200; x_wconf 89' lang='lat' dir='ltr'>Nobis</span> <span class='ocrx_word' id='word_1_126' title='bbox 1224 3125 1303 3199; x_wconf 90' lang='lat' dir='ltr'>ausi</span> <span class='ocrx_word' id='word_1_127' title='bbox 1329 3135 1415 3200; x_wconf 90' lang='lat' dir='ltr'>sunt</span> <span class='ocrx_word' id='word_1_128' title='bbox 1435 3148 1612 3200; x_wconf 85' lang='lat' dir='ltr'>canonum</span> 
     </span>
     <span class='ocr_line' id='line_1_22' title="bbox 394 3237 1612 3340; baseline 0.002 -30"><span class='ocrx_word' id='word_1_129' title='bbox 394 3239 612 3315; x_wconf 90' lang='lat' dir='ltr'>mentionem</span> <span class='ocrx_word' id='word_1_130' title='bbox 629 3243 760 3330; x_wconf 86' lang='lat' dir='ltr'>facere,</span> <span class='ocrx_word' id='word_1_131' title='bbox 779 3252 901 3317; x_wconf 90' lang='lat' dir='ltr'>contra</span> <span class='ocrx_word' id='word_1_132' title='bbox 923 3257 1012 3340; x_wconf 90' lang='lat' dir='ltr'>quos</span> <span class='ocrx_word' id='word_1_133' title='bbox 1037 3238 1291 3314; x_wconf 88' lang='lat' dir='ltr'>ambitionibus</span> <span class='ocrx_word' id='word_1_134' title='bbox 1314 3263 1453 3337; x_wconf 90' lang='lat' dir='ltr'>semper</span> <span class='ocrx_word' id='word_1_135' title='bbox 1473 3237 1612 3314; x_wconf 89' lang='lat' dir='ltr'>illicitis</span> 
     </span>
     <span class='ocr_line' id='line_1_23' title="bbox 391 3351 1613 3452; baseline 0 -27"><span class='ocrx_word' id='word_1_136' title='bbox 391 3352 537 3426; x_wconf 87' lang='lat' dir='ltr'>tenendi</span> <span class='ocrx_word' id='word_1_137' title='bbox 553 3378 632 3429; x_wconf 91' lang='lat' dir='ltr'>esse</span> <span class='ocrx_word' id='word_1_138' title='bbox 648 3363 902 3429; x_wconf 86' lang='lat' dir='ltr'>monstrantur.</span> <span class='ocrx_word' id='word_1_139' title='bbox 920 3357 1000 3441; x_wconf 86' lang='lat' dir='ltr'>Qua</span> <span class='ocrx_word' id='word_1_140' title='bbox 1016 3354 1085 3451; x_wconf 89' lang='lat' dir='ltr'>ipsi</span> <span class='ocrx_word' id='word_1_141' title='bbox 1101 3353 1249 3452; x_wconf 70' lang='lat' dir='ltr'>synodo</span> <span class='ocrx_word' id='word_1_142' title='bbox 1265 3351 1325 3427; x_wconf 84' lang='lat' dir='ltr'>vel</span> <span class='ocrx_word' id='word_1_143' title='bbox 1337 3353 1536 3428; x_wconf 86' lang='lat' dir='ltr'>secundum</span> <span class='ocrx_word' id='word_1_144' title='bbox 1552 3377 1613 3426; x_wconf 91' lang='lat' dir='ltr'>cu-</span> 
     </span>
    </p>
   </div>
   <div class='ocr_carea' id='block_1_10' title="bbox 391 3465 1728 3563">
    <p class='ocr_par' dir='ltr' id='par_1_10' title="bbox 391 3465 1728 3563">
     <span class='ocr_line' id='line_1_24' title="bbox 391 3465 1728 3563; baseline 0.001 -25"><span class='ocrx_word' id='word_1_145' title='bbox 391 3465 450 3538; x_wconf 89' lang='lat' dir='ltr'>ius</span> <span class='ocrx_word' id='word_1_146' title='bbox 468 3467 596 3563; x_wconf 83' lang='lat' dir='ltr'>synodi</span> <span class='ocrx_word' id='word_1_147' title='bbox 619 3467 780 3554; x_wconf 86' lang='lat' dir='ltr'>formam,</span> <span class='ocrx_word' id='word_1_148' title='bbox 799 3467 1084 3543; x_wconf 85' lang='lat' dir='ltr'>Alexandrinum</span> <span class='ocrx_word' id='word_1_149' title='bbox 1109 3466 1303 3542; x_wconf 89' lang='lat' dir='ltr'>Iohannem</span> <span class='ocrx_word' id='word_1_150' title='bbox 1322 3465 1535 3552; x_wconf 86' lang='lat' dir='ltr'>deecclesia</span> <span class='ocrx_word' id='word_1_151' title='bbox 1553 3465 1613 3540; x_wconf 91' lang='lat' dir='ltr'>cui</span> <span class='ocrx_word' id='word_1_152' title='bbox 1719 3505 1728 3524; x_wconf 89' lang='lat'><strong>·</strong></span> 
     </span>
    </p>
   </div>
   <div class='ocr_carea' id='block_1_11' title="bbox 389 3579 1616 4590">
    <p class='ocr_par' dir='ltr' id='par_1_11' title="bbox 389 3579 1616 4590">
     <span class='ocr_line' id='line_1_25' title="bbox 390 3579 1613 3681; baseline -0.001 -26"><span class='ocrx_word' id='word_1_153' title='bbox 390 3579 576 3655; x_wconf 90' lang='lat' dir='ltr'>ordinatus</span> <span class='ocrx_word' id='word_1_154' title='bbox 593 3581 712 3657; x_wconf 86' lang='lat' dir='ltr'>fuerat</span> <span class='ocrx_word' id='word_1_155' title='bbox 728 3581 953 3681; x_wconf 83' lang='lat' dir='ltr'>expulerunt.</span> <span class='ocrx_word' id='word_1_156' title='bbox 970 3585 1018 3657; x_wconf 86' lang='lat' dir='ltr'>Et</span> <span class='ocrx_word' id='word_1_157' title='bbox 1034 3582 1140 3680; x_wconf 87' lang='lat' dir='ltr'>paulo</span> <span class='ocrx_word' id='word_1_158' title='bbox 1153 3591 1240 3681; x_wconf 88' lang='lat' dir='ltr'>post.</span> <span class='ocrx_word' id='word_1_159' title='bbox 1254 3582 1354 3668; x_wconf 88' lang='lat' dir='ltr'>Quod</span> <span class='ocrx_word' id='word_1_160' title='bbox 1367 3581 1397 3655; x_wconf 85' lang='lat' dir='ltr'>si</span> <span class='ocrx_word' id='word_1_161' title='bbox 1410 3580 1537 3656; x_wconf 89' lang='lat' dir='ltr'>dieunt</span> <span class='ocrx_word' id='word_1_162' title='bbox 1548 3579 1613 3654; x_wconf 92' lang='lat' dir='ltr'>im·</span> 
     </span>
     <span class='ocr_line' id='line_1_26' title="bbox 390 3693 1613 3796; baseline -0.002 -28"><span class='ocrx_word' id='word_1_163' title='bbox 390 3704 530 3792; x_wconf 85' lang='lat' dir='ltr'>perator</span> <span class='ocrx_word' id='word_1_164' title='bbox 547 3695 726 3786; x_wconf 80' lang='lat' dir='ltr'>hoc&#39;fecit‚</span> <span class='ocrx_word' id='word_1_165' title='bbox 743 3698 809 3772; x_wconf 91' lang='lat' dir='ltr'>hoc</span> <span class='ocrx_word' id='word_1_166' title='bbox 825 3697 943 3795; x_wconf 90' lang='lat' dir='ltr'>ipsum</span> <span class='ocrx_word' id='word_1_167' title='bbox 958 3697 1088 3796; x_wconf 90' lang='lat' dir='ltr'>quibus</span> <span class='ocrx_word' id='word_1_168' title='bbox 1101 3696 1311 3786; x_wconf 89' lang='lat' dir='ltr'>canonibus,</span> <span class='ocrx_word' id='word_1_169' title='bbox 1327 3694 1458 3793; x_wconf 88' lang='lat' dir='ltr'>quibus</span> <span class='ocrx_word' id='word_1_170' title='bbox 1475 3693 1613 3790; x_wconf 82' lang='lat' dir='ltr'>regulis</span> 
     </span>
     <span class='ocr_line' id='line_1_27' title="bbox 389 3807 1613 3908; baseline -0.001 -24"><span class='ocrx_word' id='word_1_171' title='bbox 389 3817 445 3884; x_wconf 86' lang='lat' dir='ltr'>est</span> <span class='ocrx_word' id='word_1_172' title='bbox 461 3816 705 3908; x_wconf 86' lang='lat' dir='ltr'>praeceptum?</span> <span class='ocrx_word' id='word_1_173' title='bbox 723 3811 797 3886; x_wconf 86' lang='lat' dir='ltr'>Cur</span> <span class='ocrx_word' id='word_1_174' title='bbox 815 3810 902 3886; x_wconf 93' lang='lat' dir='ltr'>huic</span> <span class='ocrx_word' id='word_1_175' title='bbox 919 3820 993 3885; x_wconf 83' lang='lat' dir='ltr'>tam</span> <span class='ocrx_word' id='word_1_176' title='bbox 1012 3833 1122 3908; x_wconf 83' lang='lat' dir='ltr'>pravo</span> <span class='ocrx_word' id='word_1_177' title='bbox 1138 3809 1289 3885; x_wconf 85' lang='lat' dir='ltr'>facinori</span> <span class='ocrx_word' id='word_1_178' title='bbox 1315 3807 1496 3885; x_wconf 87' lang='lat' dir='ltr'>consensit</span> <span class='ocrx_word' id='word_1_179' title='bbox 1520 3811 1613 3883; x_wconf 84' lang='lat' dir='ltr'>Aca·</span> 
     </span>
     <span class='ocr_line' id='line_1_28' title="bbox 390 3921 1614 4021; baseline -0.001 -26"><span class='ocrx_word' id='word_1_180' title='bbox 390 3921 516 3996; x_wconf 80' lang='lat' dir='ltr'>thius?</span> <span class='ocrx_word' id='word_1_181' title='bbox 538 3947 622 3998; x_wconf 91' lang='lat' dir='ltr'>cum</span> <span class='ocrx_word' id='word_1_182' title='bbox 647 3925 843 4000; x_wconf 87' lang='lat' dir='ltr'>auctoritas</span> <span class='ocrx_word' id='word_1_183' title='bbox 868 3923 992 3999; x_wconf 89' lang='lat' dir='ltr'>divina</span> <span class='ocrx_word' id='word_1_184' title='bbox 1018 3924 1124 4009; x_wconf 85' lang='lat' dir='ltr'>dicat,</span> <span class='ocrx_word' id='word_1_185' title='bbox 1150 3947 1221 3998; x_wconf 91' lang='lat' dir='ltr'>non</span> <span class='ocrx_word' id='word_1_186' title='bbox 1247 3922 1362 3998; x_wconf 89' lang='lat' dir='ltr'>solum</span> <span class='ocrx_word' id='word_1_187' title='bbox 1386 3921 1614 4021; x_wconf 81' lang='lat' dir='ltr'>quifaciunt</span> 
     </span>
     <span class='ocr_line' id='line_1_29' title="bbox 392 4033 1614 4136; baseline -0.001 -27"><span class='ocrx_word' id='word_1_188' title='bbox 392 4059 505 4133; x_wconf 85' lang='lat' dir='ltr'>prava</span> <span class='ocrx_word' id='word_1_189' title='bbox 522 4059 704 4128; x_wconf 72' lang='lat' dir='ltr'>ramesse,</span> <span class='ocrx_word' id='word_1_190' title='bbox 725 4037 787 4112; x_wconf 90' lang='lat' dir='ltr'>sed</span> <span class='ocrx_word' id='word_1_191' title='bbox 812 4047 848 4112; x_wconf 94' lang='lat' dir='ltr'>et</span> <span class='ocrx_word' id='word_1_192' title='bbox 865 4037 927 4136; x_wconf 93' lang='lat' dir='ltr'>qui</span> <span class='ocrx_word' id='word_1_193' title='bbox 944 4037 1106 4112; x_wconf 89' lang='lat' dir='ltr'>sentiunt</span> <span class='ocrx_word' id='word_1_194' title='bbox 1129 4035 1372 4112; x_wconf 81' lang='lat' dir='ltr'>facientibus?</span> <span class='ocrx_word' id='word_1_195' title='bbox 1395 4033 1534 4122; x_wconf 87' lang='lat' dir='ltr'>Quibus</span> <span class='ocrx_word' id='word_1_196' title='bbox 1557 4057 1614 4108; x_wconf 86' lang='lat' dir='ltr'>ca·</span> 
     </span>
     <span class='ocr_line' id='line_1_30' title="bbox 393 4147 1612 4249; baseline -0.002 -26"><span class='ocrx_word' id='word_1_197' title='bbox 393 4149 559 4240; x_wconf 82' lang='lat' dir='ltr'>uonibus,</span> <span class='ocrx_word' id='word_1_198' title='bbox 576 4150 706 4249; x_wconf 91' lang='lat' dir='ltr'>quibus</span> <span class='ocrx_word' id='word_1_199' title='bbox 724 4149 864 4247; x_wconf 88' lang='lat' dir='ltr'>regulis</span> <span class='ocrx_word' id='word_1_200' title='bbox 882 4149 1082 4226; x_wconf 88' lang='lat' dir='ltr'>Kalendion</span> <span class='ocrx_word' id='word_1_201' title='bbox 1099 4147 1347 4224; x_wconf 82' lang='lat' dir='ltr'>Antiochenus</span> <span class='ocrx_word' id='word_1_202' title='bbox 1362 4147 1531 4222; x_wconf 89' lang='lat' dir='ltr'>exclusus</span> <span class='ocrx_word' id='word_1_203' title='bbox 1547 4155 1612 4232; x_wconf 89' lang='lat' dir='ltr'>est,</span> 
     </span>
     <span class='ocr_line' id='line_1_31' title="bbox 392 4261 1615 4360; baseline -0.001 -24"><span class='ocrx_word' id='word_1_204' title='bbox 392 4261 450 4336; x_wconf 85' lang='lat' dir='ltr'>vel</span> <span class='ocrx_word' id='word_1_205' title='bbox 466 4262 574 4360; x_wconf 90' lang='lat' dir='ltr'>primi</span> <span class='ocrx_word' id='word_1_206' title='bbox 591 4261 736 4337; x_wconf 91' lang='lat' dir='ltr'>urbium</span> <span class='ocrx_word' id='word_1_207' title='bbox 753 4264 977 4338; x_wconf 88' lang='lat' dir='ltr'>diversarum</span> <span class='ocrx_word' id='word_1_208' title='bbox 991 4263 1191 4338; x_wconf 86' lang='lat' dir='ltr'>sacerdotes</span> <span class='ocrx_word' id='word_1_209' title='bbox 1204 4261 1401 4338; x_wconf 77' lang='lat' dir='ltr'>catholici?</span> <span class='ocrx_word' id='word_1_210' title='bbox 1415 4263 1494 4348; x_wconf 88' lang='lat' dir='ltr'>Qua</span> <span class='ocrx_word' id='word_1_211' title='bbox 1506 4261 1615 4335; x_wconf 86' lang='lat' dir='ltr'>tradi·</span> 
     </span>
     <span class='ocr_line' id='line_1_32' title="bbox 392 4375 1616 4474; baseline -0.001 -25"><span class='ocrx_word' id='word_1_212' title='bbox 392 4375 488 4449; x_wconf 91' lang='lat' dir='ltr'>tione</span> <span class='ocrx_word' id='word_1_213' title='bbox 507 4375 681 4450; x_wconf 89' lang='lat' dir='ltr'>maiorum</span> <span class='ocrx_word' id='word_1_214' title='bbox 699 4376 928 4474; x_wconf 85' lang='lat' dir='ltr'>apostolicam</span> <span class='ocrx_word' id='word_1_215' title='bbox 942 4375 1062 4451; x_wconf 88' lang='lat' dir='ltr'>sedem</span> <span class='ocrx_word' id='word_1_216' title='bbox 1076 4377 1250 4452; x_wconf 89' lang='lat' dir='ltr'>iudicium</span> <span class='ocrx_word' id='word_1_217' title='bbox 1264 4385 1404 4452; x_wconf 85' lang='lat' dir='ltr'>vocant.</span> <span class='ocrx_word' id='word_1_218' title='bbox 1417 4381 1475 4449; x_wconf 88' lang='lat' dir='ltr'>An</span> <span class='ocrx_word' id='word_1_219' title='bbox 1488 4399 1616 4450; x_wconf 89' lang='lat' dir='ltr'>secun·</span> 
     </span>
     <span class='ocr_line' id='line_1_33' title="bbox 392 4487 1616 4590; baseline -0.002 -25"><span class='ocrx_word' id='word_1_220' title='bbox 392 4489 446 4565; x_wconf 80' lang='lat' dir='ltr'>da</span> <span class='ocrx_word' id='word_1_221' title='bbox 463 4489 722 4568; x_wconf 82' lang='lat' dir='ltr'>sedis-antistes</span> <span class='ocrx_word' id='word_1_222' title='bbox 739 4499 775 4567; x_wconf 90' lang='lat' dir='ltr'>et</span> <span class='ocrx_word' id='word_1_223' title='bbox 795 4490 911 4568; x_wconf 86' lang='lat' dir='ltr'>tertiae</span> <span class='ocrx_word' id='word_1_224' title='bbox 936 4489 1116 4590; x_wconf 88' lang='lat' dir='ltr'>ceterique</span> <span class='ocrx_word' id='word_1_225' title='bbox 1140 4489 1230 4567; x_wconf 86' lang='lat' dir='ltr'>heus</span> <span class='ocrx_word' id='word_1_226' title='bbox 1256 4488 1389 4566; x_wconf 87' lang='lat' dir='ltr'>conscii</span> <span class='ocrx_word' id='word_1_227' title='bbox 1414 4487 1616 4564; x_wconf 86' lang='lat' dir='ltr'>sacerdotes</span> 
     </span>
    </p>
   </div>
   <div class='ocr_carea' id='block_1_12' title="bbox 0 0 1837 5302">
    <p class='ocr_par' dir='ltr' id='par_1_12' title="bbox 0 0 1837 5302">
     <span class='ocr_line' id='line_1_34' title="bbox 0 0 1837 5302; baseline 0 0"><span class='ocrx_word' id='word_1_228' title='bbox 0 0 1837 5302; x_wconf 95' lang='lat' dir='ltr'> </span> 
     </span>
    </p>
   </div>
  </div>
 </body>
</html>
