3582 5288
909 379 1105 444 -104-

930 629 1082 714 CXLIII.

490 859 661 956 Pelagius
687 859 825 933 Viatori
850 867 886 933 et
910 859 1110 934 Pancratio.
1136 862 1234 934 inter
1259 869 1388 934 cetera.
1413 864 1446 932 A
1472 859 1616 936 scisma-

394 975 547 1050 ticorum
566 973 763 1060 sacrificiis,
781 971 897 1070 potius
914 984 1035 1048 autom
1053 971 1257 1067 sacrilegiis
1277 971 1616 1048 abstineredebetis.
1645 1051 1648 1057 ,

395 1089 491 1164 Idem
510 1087 685 1163 ineadem
704 1087 862 1184 epistola.
878 1091 958 1162 Non
976 1095 1030 1162 est
1056 1085 1191 1162 Christi
1217 1109 1345 1185 corpus
1362 1087 1455 1185 quod
1472 1087 1615 1162 scisma·

395 1204 491 1280 ticus
516 1202 668 1278 conficit.
692 1205 768 1278 Neo
793 1201 951 1276 divisum
969 1225 1046 1276 esse
1072 1199 1258 1276 Christum
1276 1201 1405 1299 poterit
1426 1200 1611 1299 quisquam

397 1316 474 1393 sine
496 1315 654 1415 Apostoli
680 1314 922 1414 reprobatione
947 1314 1161 1411 confingere.
1178 1317 1295 1390 Unam
1321 1323 1363 1388 ut
1379 1338 1460 1413 sepe
1477 1315 1613 1391 dictum

394 1439 449 1506 est
461 1453 540 1528 quae
553 1427 689 1506 Christi
707 1450 836 1527 corpus
853 1437 908 1503 est
926 1438 1065 1504 constat
1082 1449 1159 1504 esse
1177 1427 1377 1517 ecclesiam,
1390 1453 1469 1528 quae
1490 1429 1527 1502 in
1545 1429 1613 1503 duo

396 1542 454 1624 vel
472 1541 576 1643 plura
600 1540 710 1618 dividi
728 1563 798 1616 non
824 1551 947 1639 potest.
964 1533 1082 1616 Simul
1107 1541 1201 1616 enirn
1228 1567 1312 1618 cum
1337 1543 1384 1616 ab
1398 1568 1440 1618 ea
1464 1544 1613 1642 quisque
1655 1556 1657 1567 ⁴

395 1643 607 1756 discesserit,
623 1677 700 1730 esse
717 1654 859 1730 desistit
875 1654 1035 1731 ecclesia.
1053 1658 1174 1732 Unum
1193 1655 1419 1732 Hierusalem
1442 1655 1613 1754 templum

394 1779 457 1844 ast.
475 1769 598 1846 Ydolis
614 1793 758 1844 necesse
776 1778 831 1844 est
849 1778 889 1843 ut
906 1770 1075 1858 immolet,
1089 1770 1150 1868 qui
1169 1771 1399 1869 semetipsum
1417 1769 1587 1845 diviserit.

922 1997 1092 2082 (lllblHl.

491 2226 662 2324 Pelagius
687 2227 836 2301 Iohanni
855 2225 1009 2302 Patricio
1034 2225 1246 2302 Caburtario
1263 2225 1359 2301 inter
1384 2235 1512 2301 cetera.
1536 2228 1616 2300 Mox

395 2341 555 2440 antiquis
579 2341 649 2415 luit
667 2350 708 2415 ut
724 2340 808 2438 quia
825 2360 889 2438 pro
905 2338 1170 2438 longinquitate
1196 2339 1336 2414 itineris
1353 2338 1398 2413 ab
1416 2339 1616 2437 Apostolica

396 2454 477 2530 sede
502 2445 569 2530 hoo
592 2475 778 2530 onerosum
797 2453 877 2529 illos
895 2453 1013 2528 fuerat
1034 2453 1201 2540 ordinari,
1218 2452 1286 2550 ipsi
1305 2453 1518 2529 seinvicem
1543 2455 1615 2526 Me·

395 2567 610 2642 diolaneusis
627 2577 662 2642 et
681 2567 935 2665 Aquilegensis
959 2566 1125 2665 Episcopi
1142 2566 1305 2641 ordinare
1331 2566 1545 2641 debuissent.
1562 2569 1616 2641 Ita

396 2681 516 2754 tamen
534 2689 575 2753 ut
599 2679 638 2753 in
655 2704 696 2754 ea
718 2681 866 2756 civitate
883 2681 919 2753 in
938 2701 1009 2778 qua
1025 2692 1103 2755 erat
1119 2681 1335 2755 ordinandus
1354 2681 1550 2778 Episcopus
1566 2681 1615 2758 al-

395 2791 508 2868 terius
524 2791 665 2868 civitati
683 2791 842 2889 pontifex
858 2793 1252 2880 occurreredebuisset.
1270 2798 1316 2868 Et
1333 2793 1438 2867 infra.
1455 2793 1536 2868 Noli
1551 2794 1616 2869 Ca·

394 2904 563 2981 tholicam
589 2927 727 3002 semper
749 2917 904 2981 mentem
923 2907 1078 3006 aliquem
1097 2897 1380 2982 scismaticorum
1400 2907 1615 2982 communio·

394 3045 440 3096 ne
461 3019 626 3118 polluere.
652 3023 773 3095 Unum
800 3019 935 3096 Christi
953 3041 1081 3118 corpus
1107 3043 1216 3094 uuam
1243 3031 1384 3096 constat
1407 3043 1484 3096 esso
1506 3021 1616 3096 eccle-

396 3135 498 3212 siam.
523 3133 688 3208 Divisum
713 3134 757 3208 ab
783 3136 921 3209 unitate
941 3134 1065 3210 Altare
1089 3135 1275 3211 veritatem
1304 3134 1439 3210 Christi
1464 3135 1617 3231 corporis

395 3273 464 3326 non
490 3260 603 3348 potest
623 3269 856 3347 congregare.
874 3249 1085 3324 Tolleranda
1104 3259 1189 3322 sunt
1207 3248 1244 3320 in
1262 3268 1435 3346 compage
1460 3248 1614 3344 corporis

259 3407 272 3428 ·
318 3365 321 3370 ’
396 3365 589 3462 positorum
613 3365 724 3438 etiam
750 3363 812 3437 illa
837 3385 1105 3461 nonnumquam
1125 3363 1215 3436 vitia
1232 3373 1311 3460 quse
1329 3383 1390 3460 pro
1407 3361 1547 3436 unitate
1564 3361 1616 3434 in-

394 3478 535 3552 terdum
560 3487 746 3575 parcentes
771 3500 929 3553 resecare
954 3503 1028 3550 non
1053 3498 1252 3574 possumus.
1282 3477 1374 3564 Quia
1401 3483 1438 3551 et
1461 3497 1616 3572 evange-

395 3589 554 3686 gelicum
580 3587 776 3685 agricolam
804 3589 923 3663 minus
946 3590 1152 3666 afferentem
1179 3591 1337 3666 fructum
1364 3588 1558 3688 palmitem,
1583 3588 1613 3662 si

270 3729 271 3734 ¹
395 3704 570 3778 tamenin
588 3701 661 3777 vite
684 3712 837 3791 maneat,
855 3727 1011 3800 purgare
1029 3726 1129 3801 posse
1147 3714 1265 3779 noster
1283 3703 1448 3778 Salvator
1466 3703 1614 3778 edocuit.

397 3817 605 3893 Abscissum
623 3825 742 3892 autem
761 3841 782 3889 a
799 3816 874 3891 vite
891 3816 1071 3914 palmitem
1091 3817 1162 3890 nisi
1179 3817 1258 3913 igni
1275 3817 1319 3890 ad
1337 3817 1614 3891 comburendum

395 3940 519 4027 aptum
537 3952 614 4004 esse
631 3952 701 4002 non
718 3953 829 4026 posse,
846 3929 1004 4004 eiusdem
1029 3930 1173 4006 celestis
1198 3929 1362 4024 magistri
1390 3927 1542 4002 veritate
1567 3928 1617 4001 di-

397 4044 560 4119 dicimus.
585 4043 666 4117 Noli
691 4067 779 4139 ergo
803 4067 923 4118 eorum
950 4043 1012 4140 qui
1037 4043 1116 4138 igni
1133 4043 1206 4140 apti
1233 4051 1318 4115 sunt
1338 4063 1409 4114 non
1434 4063 1616 4145 consecra-

395 4158 554 4232 tionibus
571 4157 630 4233 sed
647 4157 932 4233 execrationibus
948 4157 1159 4232 consentire.
1171 4156 1246 4230 Neo
1264 4155 1445 4230 existimes
1461 4154 1541 4229 illos
1559 4155 1616 4229 vel

396 4295 471 4345 esse
489 4270 548 4345 vel
564 4270 635 4345 dici
653 4270 843 4346 ecclesiam
860 4293 970 4367 posse.
989 4271 1131 4344 Etenim
1155 4270 1250 4344 sicut
1270 4269 1426 4342 diximus
1451 4291 1534 4344 curu
1553 4271 1615 4343 Ec·

398 4381 508 4457 clesia
526 4407 598 4457 una
615 4383 663 4468 sit
680 4384 739 4459 cui
762 4383 906 4471 dicitur,
924 4386 1005 4457 Una
1022 4395 1077 4460 cst
1101 4383 1264 4460 columba
1282 4408 1370 4471 urea,
1388 4383 1525 4457 nullam
1543 4409 1618 4459 esse

397 4495 505 4570 aliam
536 4507 674 4578 constat
703 4496 772 4572 nisi
799 4522 878 4595 qum
907 4497 945 4570 in
974 4496 1166 4595 apostolica
1195 4505 1249 4573 est
1281 4497 1399 4572 radice
1423 4495 1574 4571 fundata
1597 4523 1617 4570 a
