3638 5294
745 425 944 489 -479-

230 543 442 620 refutandus
454 555 519 635 est,
531 554 614 621 ante
628 547 869 622 reversionem
877 571 997 637 suam,
1014 569 1083 629 non
1101 547 1141 622 in
1153 545 1383 622 accusatione
1398 571 1451 622 re··

228 665 285 732 cte
297 658 496 755 agentium,
509 669 573 735 aut
585 660 788 735 testimonio
804 660 1051 757 suscipiendis.
1066 661 1322 736 Accusationes
1334 685 1449 736 sacer·

228 771 348 846 dotum
366 773 508 847 nonnisi
524 773 569 847 ab
586 773 721 848 idoneis
738 783 774 848 et
790 772 1049 871 probatissimis
1074 774 1175 862 viris,
1196 773 1259 870 qui
1276 782 1312 847 et
1334 772 1450 870 suspi-

229 884 389 960 cionibus
402 896 437 962 et
450 885 645 962 sceleribus
658 897 804 962 careant
816 885 893 960 fieri
907 885 1044 960 debent.
1057 885 1165 960 Idem.
1175 885 1450 986 Omniscppres·¹

229 1022 291 1072 sus
308 997 417 1075 libere
435 1000 658 1075 sacerdotum
684 1001 713 1074 si
731 999 886 1075 voluerit
898 999 1054 1096 appellet
1066 999 1249 1074 iudicium.
1262 999 1369 1075 Idem.
1383 1002 1451 1074 De·

229 1110 375 1186 teniores
392 1122 479 1187 sunt
496 1113 556 1210 qui
575 1113 758 1189 doctorum
776 1111 911 1188 veritas
928 1135 1112 1210 moresque
1134 1121 1368 1209 corrumpunt
1392 1112 1450 1186 his

228 1225 290 1320 qui
308 1225 508 1300 substantia
524 1227 676 1302 aliorum
693 1226 896 1327 praediaque
913 1225 1098 1323 diripiunt,
1115 1235 1151 1300 et
1175 1225 1252 1302 ideo
1276 1226 1371 1300 iuste
1383 1291 1384 1294 ,
1397 1226 1450 1298 in-

228 1335 346 1412 fames
357 1349 453 1428 sunt,
470 1349 506 1414 et
519 1341 647 1416 merito
659 1341 703 1414 ab
716 1339 867 1416 ecclesia
880 1348 1038 1437 extorres
1051 1339 1153 1413 fiunt.
1167 1339 1367 1414 Evaristus
1383 1343 1450 1413 Ac-

183 1529 185 1534 ,
230 1460 436 1525 cusatorum
462 1454 686 1528 sacerdotum
711 1452 927 1527 discutiatur
953 1450 1118 1547 suspicio,
1135 1451 1232 1540 fides,
1253 1452 1449 1542 temeritas,

230 1561 317 1648 vita,
330 1564 551 1661 vanegloria,
564 1565 767 1652 inimicitia,
781 1563 967 1660 cupiditas.
980 1563 1088 1638 Idem.
1101 1562 1244 1660 Absque
1261 1573 1360 1638 certa
1373 1587 1450 1661 pro-

228 1673 323 1749 batio
339 1677 529 1774 quisquam
546 1702 617 1754 non
634 1679 765 1754 credat.
783 1677 993 1752 Alexander.
1011 1682 1247 1752 Accusatores
1264 1677 1451 1774 Episcopo

229 1811 309 1860 rum
327 1800 495 1885 perpetua
513 1798 683 1865 notantur
695 1790 856 1880 infamia,
869 1799 905 1864 et
917 1791 1022 1865 exilio
1034 1789 1137 1886 digni
1150 1789 1357 1865 iudicantur
1372 1791 1448 1864 fini-

228 1899 324 1974 timo.
342 1900 447 1976 Idem.
466 1903 666 1978 Pessimum
684 1914 738 1978 est
751 1903 795 1977 da
812 1902 1023 2001 suspicione,
1036 1913 1100 1977 aut
1113 1913 1249 1978 extorta
1263 1902 1450 1978 confessio-

228 2038 273 2088 ne
290 2038 504 2112 quemquam
522 2017 691 2091 iudicare.
708 2017 815 2092 Idem.
833 2017 871 2088 si
888 2016 969 2114 quis
986 2039 1074 2112 erga
1093 2017 1306 2113 Episcopum
1330 2016 1389 2090 vel
1415 2041 1450 2088 a·

227 2136 360 2201 ctorem
370 2127 539 2204 Ecclesiae
548 2129 745 2227 quamlibet
760 2129 941 2226 querelam
951 2129 1081 2204 habere
1096 2131 1234 2204 iustum
1248 2129 1450 2218 crediderit,

230 2241 301 2314 nisi
318 2241 418 2338 prins
434 2243 604 2340 primates
620 2253 684 2317 aut
700 2242 789 2316 alios
805 2232 912 2316 adeat
924 2241 1072 2332 iudices,
1088 2267 1196 2340 quarn
1215 2244 1330 2341 ipsum
1345 2268 1366 2315 a
1380 2265 1450 2341 quo

228 2377 267 2428 se
284 2353 410 2428 laesum
427 2355 581 2446 estimat,
598 2355 787 2430 conveniat
804 2355 1041 2446 familiariter,
1058 2381 1128 2431 non
1142 2357 1252 2432 semel
1267 2357 1329 2432 sed
1342 2357 1450 2453 sepis·
1529 2373 1530 2376 ’

227 2466 326 2542 sime.
344 2468 382 2542 Si
400 2479 519 2543 autem
537 2494 642 2545 secus
659 2469 788 2566 egerit,
806 2471 1057 2549 communione
1074 2473 1247 2568 privetur.
1264 2472 1372 2546 Idem.
1385 2475 1451 2546 Ta-

227 2578 320 2655 lione
338 2585 497 2657 mer'etur
514 2582 576 2679 qui
594 2581 767 2656 fratribus
783 2583 922 2658 foveam
939 2593 1050 2682 parat.
1068 2586 1158 2660 Item
1180 2584 1283 2658 idem.
1300 2584 1451 2670 Crucifi-
1527 2627 1528 2630 =

228 2701 324 2787 gunt
336 2696 529 2768 Dominum
543 2695 700 2792 quicum
717 2695 756 2768 in
770 2695 1011 2772 sacerdotibus
1025 2698 1101 2771 suis
1114 2706 1358 2794 persecuntur.
1371 2700 1450 2795 Xy·

227 2815 316 2880 stus.
333 2808 386 2881 De
402 2806 632 2883 inimicorum
651 2808 739 2882 dono
757 2809 1022 2905 prodeuntibus,
1039 2833 1110 2884 non
1135 2820 1189 2885 est
1213 2810 1450 2886 credentibus,

229 2919 434 3016 Culpantur.
445 2921 599 3018 qualiter
612 2921 709 2996 circa
722 2921 851 2996 fratres
868 2945 975 3017 aeger,
989 2923 1084 2996 iutra
1102 2947 1209 3020 quam
1227 2923 1336 2997 huius
1354 2922 1449 2999 sedis

228 3033 424 3108 rectoribus
440 3032 590 3130 vplacere
615 3034 858 3130 cognoverint.
884 3035 1128 3133 Telesphorus.
1153 3043 1391 3112 Accusatores
1411 3045 1449 3110 et
1474 3023 1480 3034 ¹

226 3146 473 3222 accusationes
490 3171 579 3243 quas
597 3145 697 3243 leges
714 3148 836 3222 saeculi
855 3169 925 3221 non
943 3147 1141 3222 admittunt
1158 3158 1194 3223 et
1210 3172 1276 3223 nos
1295 3169 1449 3222 summo-

226 3283 364 3333 vemus.
377 3262 474 3334 Pius.
489 3261 559 3346 Qui
573 3259 670 3334 iussa
687 3259 898 3356 Apostolicae
915 3260 1017 3336 Sedis
1033 3261 1186 3336 libenter
1199 3271 1450 3358 transgressus

226 3371 347 3453 fuerit,
364 3371 510 3446 infamis
528 3373 692 3446 efficitur.
709 3371 890 3448 Eleuther.
908 3375 1101 3450 Proditoris
1114 3401 1180 3451 nec
1193 3399 1262 3451 vox
1274 3400 1340 3451 nec
1353 3375 1450 3450 calu-

227 3484 325 3557 mnia
342 3484 520 3559 audiatur.
533 3488 575 3558 In
589 3484 773 3582 provincia
786 3485 824 3557 in
837 3510 944 3583 quam
958 3487 1121 3562 consistit
1133 3488 1194 3563 ille
1208 3487 1270 3586 qui
1284 3488 1449 3585 pulsatus

187 3647 190 3651 -
227 3621 311 3669 snas
320 3606 482 3671 exerceat
491 3597 657 3671 actiones.
666 3596 1174 3695 Iudicantemoportetcuncta
1184 3599 1305 3674 rimari
1315 3599 1450 3674 etordi·

226 3733 308 3783 nem
323 3733 442 3783 rerum
457 3708 561 3806 plena
574 3708 803 3805 inquisitione
816 3709 1006 3785 discutere.
1019 3712 1449 3808 Interrogandiacpropo·

226 3821 333 3895 nendi
351 3821 597 3919 adiciendique
615 3821 762 3920 praebita
778 3821 952 3919 patientia
969 3824 1013 3898 ab
1031 3847 1082 3913 eo,
1099 3834 1141 3900 ut
1157 3825 1208 3899 ibi
1225 3825 1318 3900 actio
1330 3824 1449 3899 amba·

227 3958 307 4006 rum
321 3934 501 4008 actionum
517 3933 671 4009 limitata
685 3935 733 4008 sit
744 3933 886 4030 pariter.
900 3936 1033 4011 Victor.
1048 3939 1164 4024 Quam
1181 3963 1268 4013 vera
1280 3937 1366 4028 sint,
1378 3960 1448 4010 non

225 4047 709 4144 tamencredenda,nisiquae
718 4047 1450 4148 manifestisindiciiscomprobantur,nisi

226 4184 305 4256 quae
315 4159 502 4234 manifesto
514 4159 645 4234 iudicio
657 4159 937 4250 convincuntur,
949 4161 1020 4235 nisi
1034 4185 1114 4258 qum
1127 4161 1316 4238 iudiciario
1325 4162 1448 4238 ordine

225 4273 465 4370 publicantur.
478 4271 707 4370 Zepherinus.
725 4278 947 4350 Accusatum
964 4273 1197 4350 discutientes
1219 4275 1448 4374 Episcopum,

225 4408 295 4458 non
308 4396 392 4460 ante
410 4385 622 4460 sententiam
640 4385 821 4483 proferant
834 4385 1023 4476 finitivam,
1037 4411 1144 4485 quam
1157 4387 1349 4486 apostolica
1363 4387 1448 4462 fulti

225 4495 449 4588 auctoritate,
465 4507 529 4572 aut
547 4521 647 4572 reum
666 4523 703 4572 se
720 4523 797 4575 esse
809 4497 1028 4596 profiteatur,
1040 4508 1104 4574 aut
1117 4523 1179 4597 per
1192 4499 1400 4576 innocentes
1414 4508 1450 4575 et
