3646 5292
878 419 918 432 --
934 385 1009 450 ars
1034 420 1074 434 -

361 497 573 602 simpliciter
590 511 625 575 et
643 502 764 576 minus
782 501 936 578 fideliter
948 502 1049 576 vobis
1062 502 1274 594 renuntiari,
1286 527 1365 602 quaa
1377 504 1437 580 hio
1449 529 1470 578 a
1483 505 1584 580 nobis

359 623 396 688 et
411 622 515 710 gesta
528 623 614 687 sunt
626 624 662 688 et
674 625 864 710 geruntur,
877 616 1121 691 necessarium
1133 616 1220 690 duxi
1232 617 1298 691 has
1311 617 1355 690 ad
1368 641 1432 692 vos
1445 617 1584 693 litteras

362 727 490 814 facere,
507 725 637 823 quibus
654 727 754 801 vobis
770 736 874 802 actus
887 729 999 802 nostri
1012 739 1048 804 et
1060 729 1259 826 disciplinae
1271 740 1308 804 et
1319 729 1519 826 diligentiae
1532 757 1585 805 ra·

361 839 410 913 tio
423 838 637 914 redderetur.
651 843 697 914 Et
710 841 814 918 infra.
827 842 890 917 Bis
898 842 942 915 ad
951 841 1089 917 clerum
1103 842 1243 916 litteras
1255 842 1335 918 leci.
1343 845 1391 917 Et
1401 843 1523 940 legere
1532 846 1584 920 eis

363 951 542 1041 mandavi,
559 963 601 1027 ut
617 954 647 1027 si
665 955 747 1052 quis
759 956 878 1031 libello
890 981 911 1028 a
925 956 1148 1054 martyribus
1160 964 1305 1053 accepto
1322 956 1365 1030 de
1383 957 1513 1032 saeculo
1529 983 1586 1032 ex-

362 1064 513 1154 cederet,
530 1067 760 1164 exonrologisi
775 1068 881 1158 lacta,
894 1078 930 1144 et
948 1094 1056 1142 manu
1072 1067 1175 1142 eisin
1189 1067 1395 1166 paenitentia
1408 1069 1585 1167 imposita,

352 1199 445 1250 ¹cum
465 1201 550 1274 pace
568 1179 668 1253 sibia
686 1182 907 1280 martyribus
924 1181 1107 1279 promissa,
1126 1205 1148 1253 a
1169 1179 1310 1254 domino
1332 1180 1584 1256 remitteretur.

365 1293 442 1365 Nec
458 1291 495 1364 in
513 1291 578 1367 hoo
594 1293 713 1390 legem
730 1295 820 1386 dedi,
833 1306 897 1370 aut
910 1320 966 1370 me
978 1302 1161 1366 auctorem
1173 1302 1309 1366 temere
1322 1292 1501 1367 constitui.
1516 1293 1585 1368 Sed

364 1429 447 1479 cum
464 1405 649 1482 videretur
662 1418 698 1482 et
710 1408 821 1483 honor
834 1409 990 1484 moribus
1002 1404 1194 1492 habendus,
1206 1414 1243 1478 ct
1255 1428 1377 1478 eorum
1391 1407 1452 1504 qui
1467 1407 1585 1480 omnia

359 1519 504 1595 turbare
517 1517 1234 1623 cupiebant,impetuscomprimenduset
1246 1542 1329 1591 cum
1343 1529 1512 1616 praterea
1527 1545 1586 1595 ve-

361 1643 435 1706 stra
452 1633 585 1733 scripta
598 1635 768 1731 legissem
781 1662 860 1736 quae
873 1637 945 1712 buc
958 1634 1002 1708 ad
1015 1632 1152 1707 clerum
1169 1640 1330 1704 nostrum
1344 1657 1407 1730 per
1421 1634 1587 1710 Cremon-

364 1747 455 1820 tium
473 1749 762 1847 Yppodiaconum
779 1775 894 1848 nuper
907 1746 1083 1826 feceratis,
1096 1755 1131 1820 et
1145 1745 1201 1818 his
1214 1745 1275 1842 qui
1288 1757 1366 1844 post
1379 1746 1519 1847 lapsum
1534 1748 1587 1821 in-

362 1859 455 1932 firmi
465 1862 676 1960 apprehensi
685 1873 814 1952 esseut,
823 1872 859 1938 et
868 1862 1067 1962 penitentes
1080 1859 1440 1934 communicationem
1455 1861 1588 1938 deside

361 1985 484 2048 rarent
492 1975 757 2065 subveniretur,
766 1977 932 2051 standum
943 1973 1080 2073 putavi,
1088 1981 1124 2046 et
1133 1995 1216 2046 cum
1226 1981 1347 2045 vestra
1357 1974 1534 2049 sententia
1542 1999 1587 2050 ne

360 2095 464 2161 actus
476 2090 677 2187 noster,qui
690 2090 870 2164 adunatus
882 2112 958 2164 esse
971 2095 1007 2162 at
1019 2084 1221 2161 consentire
1234 2085 1330 2160 circa
1343 2087 1462 2161 omnia
1474 2087 1588 2179 debet,

360 2200 398 2274 in
412 2201 532 2300 aliquo
545 2202 773 2304 discreparet,
789 2214 832 2279 ut
843 2229 927 2281 cum
943 2225 1028 2300 pace
1043 2224 1065 2272 a
1083 2199 1233 2274 Domino
1249 2199 1350 2274 nobis
1362 2201 1454 2291 data,
1466 2201 1588 2300 plures

359 2317 536 2414 praepositi
554 2317 591 2390 in
609 2345 723 2392 unum
750 2317 943 2393 convenire
959 2313 1120 2412 cepimus
1137 2321 1174 2387 et
1194 2313 1457 2390 communicato
1475 2315 1585 2389 etiam

358 2428 545 2503 vobiscum
571 2429 722 2520 silentio,
747 2430 933 2528 disponere
950 2427 1108 2524 singula,
1125 2435 1161 2500 et
1184 2425 1376 2502 reformare
1400 2429 1587 2526 possimus.

360 2543 450 2638 Opto
468 2564 531 2615 vos
550 2543 680 2617 fratres
696 2542 879 2617 karissimi
897 2565 1036 2640 semper
1051 2539 1141 2614 bene
1158 2538 1289 2614 valera.
1311 2541 1401 2614 Item
1427 2539 1520 2614 idem
1547 2540 1585 2613 in

358 2653 429 2726 alia
447 2655 605 2751 epistola,
623 2680 702 2754 quaa
715 2655 947 2754 pertitulatur
960 2654 1004 2728 ad
1017 2653 1156 2729 olerum
1172 2651 1336 2747 urbicum
1354 2651 1446 2727 idest
1459 2657 1585 2727 Roma·

360 2791 457 2840 num.
476 2768 682 2866 Cyprianus
699 2769 924 2868 Presbyteris
942 2778 979 2843 at
995 2765 1213 2842 Diaconibus
1229 2768 1349 2840 Roma
1362 2766 1586 2843 consistenti·

357 2879 425 2954 bus
441 2881 614 2957 fratribus
630 2883 794 2958 salutem.
812 2883 933 2958 Factis
950 2881 994 2954 ad
1015 2903 1078 2955 vos
1094 2878 1226 2954 litteris
1242 2879 1372 2954 fratres
1386 2879 1584 2969 karissimi,

359 2993 490 3092 quibus
502 3005 606 3071 actus
619 3006 737 3072 noster
750 2995 941 3095 expositus,
953 3005 990 3070 et
1002 2992 1251 3093 disciplinaeac
1263 2993 1461 3089 diligentiae
1474 3017 1583 3090 quan·

361 3108 585 3207 tolaecunque
603 3109 693 3184 ratio
710 3110 889 3185 declarata
907 3119 972 3200 est,
988 3107 1085 3181 aliud
1102 3105 1264 3196 accessit,
1276 3106 1367 3204 quod
1384 3131 1450 3181 nec
1467 3107 1585 3206 ipsum

360 3246 424 3297 uos
432 3223 544 3297 latere
557 3246 627 3296 non
641 3222 772 3298 debuit.
782 3225 875 3296 Nam
889 3223 999 3297 frater
1011 3230 1131 3295 noster
1144 3219 1336 3306 Lucienus,
1349 3229 1386 3296 et
1399 3219 1474 3317 ipse
1488 3245 1584 3294 unus

360 3335 403 3409 de
420 3334 691 3425 consessoribus,
708 3336 776 3411 fide
792 3335 936 3433 quidem
957 3335 1095 3410 calidus
1111 3343 1148 3410 et
1163 3333 1300 3408 virtute
1324 3333 1500 3424 robustus,
1522 3333 1585 3408 sed

360 3447 667 3524 minusdorninico
676 3448 828 3524 lectione
837 3449 1020 3538 fundatus,
1028 3446 1189 3546 quaedam
1199 3456 1348 3521 conatus
1357 3445 1585 3543 estimperite

359 3560 568 3660 iampridem
586 3587 623 3638 se
640 3573 785 3639 auctore
803 3562 1035 3637 constituens.
1049 3563 1095 3634 Et
1108 3559 1211 3632 infra.
1230 3558 1411 3633 Lucienus
1425 3559 1583 3657 Epistola

359 3675 543 3773 exemplar
558 3676 604 3749 ad
621 3699 684 3750 vos
701 3675 914 3765 transmisit,
931 3684 968 3750 et
984 3673 1108 3772 quales
1122 3671 1167 3746 ad
1185 3671 1322 3748 olerum
1336 3671 1475 3747 litteras
1493 3673 1583 3750 fece·

361 3787 419 3876 rit,
435 3797 473 3862 et
489 3788 574 3886 quid
592 3789 681 3862 mibi
700 3788 894 3865 Caldonius
914 3786 1054 3882 collega
1079 3795 1199 3860 noster
1223 3809 1285 3884 pro
1309 3785 1520 3883 integritate
1533 3797 1582 3876 'at

359 3899 426 3974 fide
444 3925 509 3973 sua
526 3899 720 4001 scripserit,
738 3901 893 4000 quidque
910 3902 943 3977 ei
968 3923 1054 3997 rogo
1071 3899 1304 4000 rescripserit,
1322 3911 1515 4000 utrumque
1537 3902 1582 3976 ad

358 4037 422 4088 vos
439 4013 633 4110 legendum
650 4017 860 4090 transmisit.
886 4014 1076 4114 Exemplar
1100 4037 1239 4112 quoque
1265 4014 1421 4112 epistolae
1447 4017 1582 4092 Celeris

358 4125 439 4202 boni
457 4138 492 4202 et
510 4128 644 4203 robusti
662 4129 882 4205 confessoris.
899 4133 946 4203 Et
963 4129 1068 4202 iufra.
1089 4130 1280 4226 Oportunae
1305 4153 1390 4204 vere
1415 4154 1581 4227 superve-

358 4265 442 4316 nere
460 4240 573 4316 literae
591 4257 718 4317 vestrae
735 4267 824 4341 quas
840 4243 962 4342 accepi
978 4243 1023 4316 ad
1041 4241 1178 4317 olerum
1195 4243 1320 4332 factas,
1342 4242 1379 4316 in
1398 4243 1528 4342 quibus
1550 4267 1584 4318 e·

358 4354 520 4449 vangelii
535 4354 785 4452 plenusvigor,
794 4365 829 4430 et
838 4355 1027 4454 disciplina
1041 4355 1185 4430 robusta
1199 4355 1291 4452 legis
1303 4356 1491 4432 dominicae
1504 4379 1584 4430 con·

357 4469 505 4546 tinetur.
519 4471 607 4548 Haec
619 4493 684 4547 nos
700 4468 758 4550 hic
771 4480 895 4547 contra
913 4469 1097 4548 individiae
1110 4469 1282 4574 impetum
1299 4470 1384 4550 totis
1404 4471 1486 4548 fidei
1498 4471 1585 4546 viri·
