3654 5302
928 391 1124 456 -418-

417 523 487 590 tur.
504 513 546 586 si·
560 536 630 610 qua
647 533 732 586 vero
748 511 879 608 praedia
896 535 959 586 suo
977 513 1111 585 nomini
1128 520 1408 610 comparaverat,
1427 511 1483 584 vel
1508 511 1538 585 si
1564 536 1638 610 qua

414 628 489 702 sedi
502 637 657 726 tempore
670 653 744 700 suae
756 624 1075 700 administrationis
1088 633 1293 713 extorserat,
1307 623 1379 698 iuri
1387 625 1536 699 Romani
1547 627 1639 700 Pou-

416 741 522 816 tificis
546 741 766 816 vendicetur.
784 739 879 814 Hinc
895 749 949 814 est
973 739 1064 837 quod
1082 739 1256 836 usquead
1281 747 1410 813 vestrae
1432 739 1636 826 serenitatis

413 854 650 950 magistratus
662 852 773 926 annui
787 861 861 926 tarn
874 851 928 925 illi
937 851 973 925 in
985 851 1145 951 partibus
1155 861 1427 948 permanserunt
1436 876 1542 949 quam
1553 853 1635 927 istis

411 965 451 1054 in
468 965 630 1064 partibus
646 965 740 1062 apud
757 987 821 1039 nos
837 973 987 1040 actenus
1005 987 1213 1062 permanere
1231 963 1434 1060 probantur.
1447 967 1497 1039 Ut
1509 964 1636 1039 videli-

413 1089 471 1152 cet
495 1078 757 1153 alternantibus
782 1101 844 1176 per
869 1077 1007 1153 alterna
1032 1075 1184 1152 ducibus
1201 1076 1420 1174 temporalia,
1437 1087 1635 1172 augeretur

412 1191 560 1265 Romani
578 1191 762 1280 Pontificis
780 1191 896 1287 potius
914 1215 1021 1288 quam
1040 1190 1210 1287 perhenni
1228 1189 1499 1284 magistratibus
1516 1191 1555 1262 in
1577 1190 1636 1264 ius

410 1304 592 1402 proprium
611 1304 806 1399 redigatur.
824 1306 870 1378 Et
886 1303 991 1376 infra.
1008 1305 1101 1374 Nam
1120 1326 1203 1376 cum
1222 1325 1341 1380 rerum
1360 1289 1532 1398 possessio
1555 1303 1633 1376 sive

412 1401 450 1488 in
468 1416 693 1506 decennium,
710 1416 787 1490 sive
805 1415 843 1488 in
860 1415 1081 1499 vicennium,
1096 1414 1173 1486 sive
1190 1411 1229 1485 in
1248 1413 1467 1488 tricennium
1485 1423 1526 1487 ut
1538 1413 1633 1509 legis

410 1527 539 1602 latores
555 1536 721 1602 asserunt
746 1526 968 1615 excludatur,
993 1527 1052 1600 vel
1076 1529 1317 1614 confirmetur,
1341 1551 1449 1604 cerne
1473 1527 1632 1624 piissime

411 1638 623 1737 Christoque
641 1639 868 1714 devotissime
886 1641 1082 1736 Imperator
1099 1649 1275 1738 quantum
1293 1639 1490 1738 unicuique
1510 1639 1634 1714 discri-

410 1755 518 1827 minis
534 1755 665 1830 inferre
683 1755 802 1828 valeat
819 1764 872 1829 tot
887 1777 1062 1827 annorum
1088 1753 1316 1850 praescriptio,
1341 1753 1427 1826 dum
1454 1753 1631 1850 tyraniois

408 1865 558 1942 ducibus
576 1868 810 1964 magistratus
828 1867 1020 1942 continuus
1042 1866 1134 1964 quod
1150 1891 1172 1938 e
1190 1866 1332 1962 saeculis
1358 1891 1543 1964 nunquam
1567 1891 1631 1939 au-

407 1979 522 2054 ditum
541 1981 618 2056 sive
631 1981 765 2056 lectum
782 1981 1026 2056 reminiscitur
1039 1980 1261 2077 suffragatur
1278 1981 1476 2078 praesertim
1494 2005 1576 2054 oum
1591 1982 1630 2056 iu

407 2095 574 2168 Romanis
591 2093 734 2189 legibus
750 2103 896 2170 cautum
916 2094 963 2168 sit
975 2103 1016 2168 ut
1029 2095 1065 2168 id
1077 2105 1218 2169 tantum
1233 2096 1276 2169 de
1290 2120 1392 2170 sacra
1407 2096 1630 2192 responsione
1696 2183 1700 2188 ¹

406 2206 640 2280 substantiam
661 2215 858 2295 mutuetur,
883 2206 1125 2304 quod'legum
1151 2206 1285 2280 auxilia
1310 2215 1556 2306 persecuntur.
1581 2209 1628 2280 Et

404 2317 545 2398 iterum.
564 2319 739 2394 Generale
757 2329 984 2417 preceptum,
1001 2319 1172 2394 beneficio
1189 2319 1337 2416 speciali
1359 2319 1627 2394 anteferendum

404 2440 468 2506 est.
480 2435 527 2506 Et
539 2431 640 2506 illud.
655 2433 787 2506 Contra
801 2432 857 2506 ius
872 2432 1045 2528 rescripta
1059 2455 1128 2509 non
1146 2431 1270 2506 valent
1287 2455 1511 2530 quocumque
1529 2431 1627 2504 modo

403 2542 539 2618 fuerint
551 2543 750 2641 impetrata.
764 2545 863 2631 Quod
881 2545 977 2622 enim
997 2543 1140 2642 publiea
1159 2544 1238 2617 iura
1258 2544 1494 2641 praescribunt
1512 2544 1627 2638 magis

402 2656 502 2753 sequi
520 2655 657 2732 iudices
673 2657 811 2732 debent.
830 2660 877 2732 Et
893 2657 997 2730 infre.
1017 2656 1222 2732 Personalia
1240 2657 1414 2756 rescripta
1438 2683 1518 2755 quae
1542 2683 1624 2732 cum

401 2769 480 2844 iure
497 2769 713 2845 concordant
729 2770 875 2844 valeant
892 2794 990 2846 more
1007 2781 1182 2858 veterum,
1207 2781 1242 2846 et
1267 2771 1403 2866 negotii
1428 2772 1471 2846 de
1488 2794 1557 2868 quo
1579 2769 1625 2842 lo

401 2883 525 2980 quitur
537 2893 658 2959 nostra
673 2884 865 2982 rescriptio.
876 2884 978 2957 Finis
990 2883 1206 2958 lateesentiae
1216 2883 1293 2982 (ric)
1306 2883 1470 2958 terminis
1484 2906 1624 2958 censea-

400 3005 470 3070 tur.
487 2997 667 3094 Speciales
683 3008 805 3072 autem
823 2998 854 3071 si
872 2997 958 3095 quid
976 2997 1017 3070 de
1036 2996 1178 3092 legibus
1195 3021 1239 3070 ac
1256 2995 1327 3068 iuri
1346 2997 1514 3093 importat
1530 2995 1621 3067 iniu-

401 3108 503 3197 riam,
520 3109 666 3185 abolitos
684 3111 849 3208 extirpes.
867 3111 1066 3206 Gregorius
1082 3109 1251 3183 Ianuario
1269 3109 1439 3206 Episcopo
1452 3107 1623 3184 Calarita·

399 3245 453 3297 no.
471 3223 651 3320 imperiali
669 3223 924 3300 constitutione
941 3232 1063 3319 aperte
1080 3221 1261 3296 sancitum
1276 3229 1384 3295 estut
1397 3245 1438 3296 ea
1451 3244 1530 3318 quoe
1543 3241 1623 3294 eon·

399 3344 456 3408 tra
472 3334 571 3431 leges
589 3336 690 3422 fiunt,
708 3358 778 3408 uon
796 3335 912 3409 solum
930 3333 1086 3422 inutilia,
1103 3333 1164 3407 sed
1183 3333 1291 3407 etiam
1310 3355 1371 3430 pro
1393 3332 1538 3407 infectis
1562 3331 1624 3404 ba·

397 3446 511 3522 benda
529 3446 611 3520 sint.
628 3450 675 3522 Et
691 3445 818 3522 beatus
836 3445 1003 3522 Gelasius
1020 3445 1081 3518 ait.
1099 3443 1187 3530 Quis
1205 3445 1300 3518 enim
1319 3453 1383 3518 aut
1400 3443 1501 3539 leges
1521 3443 1623 3517 Prin·

397 3559 529 3656 cipum,
546 3567 610 3632 aut
627 3562 777 3632 Patrum
795 3557 954 3653 regulas,
966 3567 1031 3630 eut
1043 3555 1300 3630 admonitiones
1315 3556 1500 3631 modernas
1512 3556 1620 3629 ducat

396 3671 523 3746 debere
540 3671 720 3746 contemni
738 3670 808 3744 nisi
822 3671 883 3768 qui
898 3669 1116 3766 impunitum
1132 3669 1199 3743 sibi
1214 3679 1356 3745 tantum
1370 3669 1513 3744 estimet
1525 3679 1622 3743 tran·
1717 3749 1724 3761 Ι

397 3782 742 3856 sirecommissum?
762 3782 965 3856 utiterum.
990 3783 1138 3878 Semper
1163 3783 1373 3857 constitutio
1397 3791 1548 3878 generat
1571 3791 1622 3856 ee

396 3904 532 3968 morata
549 3893 756 3968 vindictam.
774 3893 884 3968 Vides
901 3916 987 3989 ergo
1004 3892 1056 3966 lili
1073 3893 1274 3983 karissime,
1292 3894 1377 3992 quia
1390 3894 1482 3992 quod
1496 3903 1620 3968 contra

395 4005 495 4100 leges
512 4005 690 4102 accipitur
708 4005 881 4102 perleges
894 4005 1038 4079 dissolvi
1053 4015 1218 4081 meretur.
1232 4009 1323 4081 Item
1337 4006 1444 4102 longe
1458 4005 1621 4080 inferius.

394 4121 442 4192 Et
453 4118 553 4192 iuxta
566 4117 658 4215 quod
672 4117 775 4192 Felix
788 4116 1038 4192 sanctissimus
1052 4118 1286 4214 predecessor
1300 4129 1419 4194 noster
1436 4127 1621 4192 asseverat

393 4230 432 4302 in
456 4229 512 4304 die
536 4229 661 4304 iudicii
686 4228 795 4304 talem
821 4229 959 4302 anobis
984 4229 1155 4303 ambobus
1172 4229 1370 4306 ecelesiam
1396 4240 1535 4305 certum
1552 4239 1618 4316 est,

394 4341 535 4438 qualem
553 4367 574 4413 a
592 4341 753 4438 patribus
770 4343 976 4437 accepimus
1000 4341 1186 4436 exigenda.
1215 4341 1332 4415 Etiam
1360 4342 1398 4414 in
1424 4365 1467 4416 ac
1489 4341 1565 4413 vita
1582 4366 1621 4414 sa

393 4455 436 4527 ad
450 4479 529 4528 eam
547 4454 724 4552 pertinere
742 4463 945 4548 cognoseat,
958 4451 1019 4550 qui
1037 4477 1104 4527 uon
1119 4453 1233 4527 selum
1250 4453 1434 4550 plenituru
1449 4452 1527 4550 (sic)
1540 4453 1621 4526 eius
