3638 5294
909 395 1106 458 -464-

391 509 712 604 delendi'vuln'ere,
729 513 792 612 qui
818 513 933 588 roluit
956 537 1021 589 suo
1045 511 1196 590 vulnere
1220 536 1343 589 omnes
1367 538 1504 591 sanare.
1528 519 1620 594 Item

392 653 500 728 super
517 628 696 726 psalmum
715 630 806 700 LVI.
823 627 905 702 Noli
931 627 1116 703 attendere
1141 629 1299 702 inermes
1323 653 1462 716 manus,
1487 632 1547 705 sed
1571 632 1619 706 ad

390 741 457 818 boc
475 751 636 815 armatus
653 741 736 815 inde
754 743 927 836 processit
943 739 1087 836 gladius
1112 744 1207 818 unde
1233 743 1400 818 Christus
1425 744 1621 820 occidetur.

390 857 481 929 Item
497 853 535 928 in
549 854 640 930 libro
653 853 956 929 Patriarobarum.
970 855 1145 930 Dominus
1157 855 1285 931 Ihesus
1298 855 1445 931 mittens
1456 856 1620 932 aderan-

390 969 621 1066 gelizandum
639 969 843 1069 discipulos,
860 969 959 1044 misit
974 991 1034 1044 eos
1050 967 1128 1044 sine
1140 969 1243 1058 auro,
1260 969 1341 1044 sine
1353 978 1516 1064 argento,
1539 969 1618 1044 sina

390 1081 554 1182 pecunia,
572 1081 649 1156 sine
665 1081 784 1177 virga,
800 1091 838 1158 et
849 1092 891 1156 ut
904 1082 1088 1158 incentiva
1105 1082 1192 1173 litis,
1204 1093 1240 1158 et
1252 1083 1494 1157 instrumenta
1505 1081 1617 1180 eripe·

391 1206 448 1270 ret
465 1196 624 1270 ultionis.
642 1195 874 1292 Augustinus
890 1196 928 1269 in
946 1195 1036 1269 libro
1052 1196 1095 1271 de
1109 1197 1177 1274 fide
1190 1206 1226 1274 et
1238 1195 1412 1294 operibus.
1425 1199 1472 1270 Et
1488 1194 1618 1271 Finees

391 1309 555 1384 sacerdos
571 1308 753 1383 adulteros
770 1307 878 1382 simul
895 1309 1060 1384 inventos
1078 1309 1173 1385 ferro
1193 1311 1310 1386 ultore
1335 1309 1493 1384 confixit.
1516 1310 1618 1396 Quod

389 1423 514 1522 utique
531 1423 845 1518 degradationibus
862 1433 898 1498 et
915 1423 1343 1498 excommunicationibus
1368 1421 1615 1518 significatum

389 1561 468 1612 esse
487 1535 690 1611 faciendum
709 1535 775 1611 hoc
792 1545 961 1634 tempore,
978 1560 1060 1610 cum
1079 1536 1117 1608 in
1135 1537 1305 1611 aecclesiae
1326 1537 1516 1633 disciplina
1532 1537 1619 1610 visi-

391 1649 476 1724 bilis
488 1649 607 1724 fuerat
619 1648 764 1744 gladius
776 1661 993 1727 cessaturus.
1008 1653 1053 1722 Et
1065 1647 1168 1722 infra.
1182 1649 1278 1724 Idem
1293 1649 1490 1723 defloratos·
1507 1649 1616 1724 Oum-

390 1786 458 1860 que
477 1759 642 1837 Salvator
659 1763 766 1838 etiam
785 1764 986 1839 defensione
1003 1789 1078 1836 suae
1094 1786 1253 1858 personae
1269 1787 1370 1836 arma
1392 1761 1614 1860 prohibuerit

390 1879 507 1965 Petro,
524 1900 586 1974 pro
603 1876 800 1952 minoribus
817 1871 936 1953 causis
952 1885 1074 1978 aperte
1090 1875 1233 1952 clericis
1250 1899 1321 1952 non
1338 1876 1465 1952 debore
1487 1875 1548 1950 uti·
1559 1899 1616 1948 ar·

391 1991 461 2065 mis
477 1989 644 2066 innotuit

906 2097 1097 2182 Offllll.

666 2291 759 2347 Beda
775 2293 808 2346 tn
824 2291 971 2358 hystoria
989 2293 1168 2359 angrorum
1184 2255 1267 2347 lilino
1286 2294 1343 2347 111.

487 2447 553 2521 His
570 2447 788 2544 temporibus
805 2449 923 2542 Reges
941 2447 1143 2542 Anglorum
1160 2446 1385 2536 nobilissimi,
1403 2447 1516 2521 Osviv
1537 2469 1613 2544 pro-

388 2559 518 2635 vinciae
535 2561 678 2634 Norden
697 2560 955 2657 Hymbrorum,
968 2570 1007 2634 et
1020 2559 1096 2637 baso
1110 2563 1238 2636 Berect
1252 2560 1540 2648 cantuariorum,
1552 2560 1613 2634 ha·

387 2672 460 2747 bito
476 2673 569 2747 inter
587 2687 623 2748 se
641 2661 789 2748 consilio
810 2673 896 2770 quid
917 2673 961 2748 de
982 2681 1089 2747 statu
1102 2673 1273 2749 aecclesiae
1295 2673 1496 2768 Anglorum
1518 2683 1613 2748 esset

388 2786 582 2881 agendum,
611 2786 1039 2862 intellexerat‘veraciter
1066 2784 1178 2858 Osviv
1206 2785 1374 2882 quamvis
1391 2786 1565 2860 educatus
1588 2812 1610 2859 a

387 2899 529 2988 Scottis,
547 2897 631 2996 quia
649 2901 805 2972 Romana
830 2909 923 2972 esset
943 2897 1130 2974 Catholica
1147 2908 1183 2973 et
1201 2899 1402 2998 Apostolica
1420 2899 1608 2974 AEcclesia.

386 3013 762 3107 Assumpseruntcum
773 3009 944 3084 electione
955 3021 991 3085 et
1004 3025 1179 3088 consensu
1194 3023 1328 3088 sanctae
1340 3013 1512 3088 ecelesia
1523 3037 1611 3109 gem

385 3123 433 3197 tis
450 3123 653 3220 Anglorum
671 3123 791 3197 virum
804 3124 936 3198 bonum
950 3133 987 3198 et
999 3136 1122 3223 aptum
1139 3126 1343 3224 Eperatium
1359 3126 1610 3224 presbyterum

385 3237 529 3313 nomine
547 3237 685 3333 lugbar
702 3237 786 3310 dum
805 3237 848 3312 de
861 3237 992 3312 clerieo
1008 3241 1201 3314 Deusdedit
1213 3231 1428 3338 episcopiet
1439 3238 1537 3312 hunc
1549 3263 1611 3310 an·

386 3347 538 3423 tistitem
556 3349 793 3423 ordinandum
813 3353 959 3422 Romam
980 3350 1165 3427 miseruut.
1179 3351 1358 3439 Quatinus
1370 3359 1516 3447 accepto
1533 3349 1609 3447 ipso

274 3457 277 3464 ’
385 3463 619 3561 Episcopatus
636 3463 755 3560 gradu
772 3462 958 3552 catholieo,
978 3487 1197 3560 peromnem
1218 3463 1444 3539 Britanniam
1467 3460 1611 3537 remise·

385 3583 472 3648 runt
498 3576 647 3649 Domino
668 3575 970 3651 excellentissimo
989 3575 1061 3652 filio
1079 3579 1171 3652 Suiu
1189 3577 1281 3672 Regi
1300 3581 1492 3665 Saxonum,
1509 3575 1610 3649 Vita·

384 3688 503 3763 lianus
520 3690 716 3788 Episcopus
742 3713 868 3764 servus
885 3712 1072 3764 servorum
1099 3691 1174 3765 Dei.
1200 3692 1248 3764 Et
1272 3690 1377 3764 iufra.
1395 3693 1610 3785 Veru'mpta·

303 3879 304 3884 ,
384 3825 466 3876 men
484 3800 612 3896 gerulo
632 3800 760 3875 harum
787 3812 989 3875 vestrarum
1010 3803 1197 3877 literarum
1215 3802 1346 3878 vestris
1374 3801 1505 3890 missis,
1529 3799 1611 3874 reli·

383 3913 486 4011 quias
503 3913 687 3988 beatorum
702 3913 949 4011 Apostolorum
966 3915 1064 3990 Petri
1077 3923 1114 3990 st
1127 3914 1232 3988 Pauli
1244 3923 1281 3989 et
1294 3923 1499 3988 sanatorum
1519 3937 1611 3986 mar-

384 4037 511 4126 tyrum
528 4027 724 4116 Laurentii,
737 4026 906 4102 Iohannis
919 4035 956 4102 et
969 4027 1074 4102 Pauli
1093 4037 1129 4102 et
1143 4027 1290 4123 Georgii
1304 4036 1411 4123 atque
1425 4025 1609 4100 Pancratii

382 4139 534 4215 lecimus
551 4141 637 4214 dari.
654 4143 748 4216 Nam
766 4149 802 4215 et
820 4140 966 4235 coniugi
985 4150 1105 4215 vestre
1122 4151 1250 4213 nostrae
1268 4137 1446 4235 spirituali
1463 4138 1547 4212 filia
1559 4137 1610 4212 di-

382 4253 552 4342 reximus,
570 4277 633 4350 per
650 4253 814 4350 praesatos
831 4252 978 4349 gerulos
997 4277 1154 4338 crucem,
1172 4260 1208 4325 et
1226 4250 1364 4324 clavem
1383 4275 1530 4326 auream
1548 4249 1610 4322 ha·
1650 4263 1652 4266 ’

380 4364 505 4440 bentes
522 4366 565 4442 de
582 4367 837 4442 sacratissimis
856 4365 1015 4442 vinculis
1033 4366 1215 4440 beatorum
1231 4365 1329 4440 Petri
1346 4377 1383 4439 et
1401 4364 1505 4440 Pauli
1521 4370 1610 4461 Apo

381 4477 564 4552 stolorum.
