3582 5288
897 384 1093 448 -1'10-

382 509 478 584 tione
495 515 702 582 sanctorum
721 508 883 596 Petrum,
899 505 967 579 sibi
980 504 1120 602 eligant
1133 505 1353 580 Pontificem.
1366 503 1466 592 Quod
1478 504 1509 577 si
1523 503 1605 602 quis

381 633 507 699 eontra
523 620 619 696 hane
635 628 795 694 nostram
808 618 1100 696 constitutionem
1113 619 1231 696 faeere
1244 617 1521 718 presumpserit,
1534 617 1603 694 exi·

382 735 431 811 lio
447 735 621 811 tradatur.

914 926 1072 1012 OGXLV.

843 1137 954 1192 Eiusd.
974 1150 1046 1204 oap.
1066 1139 1139 1191 1111.

474 1298 653 1375 Volumus
670 1300 778 1376 etiam
796 1309 838 1375 ut
855 1300 956 1376 missi
973 1301 1241 1376 constituantur
1257 1325 1279 1374 a
1296 1301 1433 1375 Domno
1456 1303 1603 1397 Aposto-

379 1413 448 1489 lieo
460 1423 497 1489 et
508 1439 530 1487 a
542 1413 655 1505 nobis,
667 1415 729 1514 qui
742 1415 932 1489 annuatim
946 1412 1046 1489 nobis
1061 1412 1280 1504 renuntient,
1293 1411 1449 1511 qualiter
1462 1412 1601 1509 singuli

378 1527 488 1604 duces
504 1537 540 1603 et
556 1527 693 1605 iudioes
710 1528 887 1604 iustitiam
905 1528 1033 1627 populo
1057 1527 1203 1617 faciant,
1227 1525 1458 1626 etquomodo
1479 1535 1601 1601 nostra

378 1640 586 1716 constitutio
599 1651 773 1716 servetur.
783 1641 1018 1717 Decernimus
1031 1641 1163 1740 itaque,
1173 1651 1215 1716 ut
1223 1641 1380 1739 primum
1394 1663 1517 1716 omnes
1529 1639 1602 1714 ola-

378 1777 493 1830 mores
510 1755 572 1853 qui
589 1755 823 1852 neglegentia
840 1755 984 1844 dueum,
1006 1764 1071 1830 aut
1095 1755 1270 1831 iudicium
1287 1753 1434 1844 fuerint,
1450 1753 1494 1828 ad
1511 1752 1602 1828 noti·

377 1867 465 1942 tiam
484 1869 612 1943 Domni
632 1869 826 1967 Apostolioi
845 1869 1056 1958 referantur,
1074 1868 1255 1944 utstatim
1273 1876 1338 1941 aut
1355 1865 1428 1964 ipse
1442 1889 1504 1964 per
1517 1887 1601 1940 suos

377 1980 523 2055 nuntios
539 1981 722 2058 emendari
739 1981 861 2072 faciat,
878 1990 942 2056 aut
959 1980 1059 2056 nobis
1073 1980 1243 2072 notificet,
1256 1990 1298 2056 ut
1310 1979 1489 2077 legatione
1507 2002 1601 2057 ane

377 2092 433 2168 bis
449 2094 585 2170 directa
602 2094 847 2170 emendentur.

900 2287 1075 2374 ooxtvl.

854 2490 967 2546 Elusd.
987 2505 1059 2560 esp.
1079 2494 1119 2548 V.

473 2659 650 2736 Volumus
662 2662 772 2736 etiam
789 2673 830 2739 ut
842 2663 958 2738 omnis
971 2665 1126 2740 Senatus
1138 2672 1174 2740 et
1187 2661 1338 2762 populus
1351 2664 1533 2736 Romanus
1545 2657 1599 2732 in·

376 2785 581 2871 terrogetur
597 2775 695 2874 quali
712 2775 793 2850 vult
810 2777 892 2874 lege
909 2777 1033 2854 vivere
1050 2787 1092 2853 ut
1109 2777 1175 2852 sub
1193 2801 1235 2852 ea
1259 2776 1372 2864 vivat,
1395 2773 1519 2871 eisque
1541 2772 1599 2847 de·

376 2889 576 2980 nuntietur,
595 2889 686 2988 quod
705 2890 935 2988 proculdubio
952 2892 983 2966 si
1000 2891 1211 2967 offenderint
1227 2901 1350 2966 eontra
1367 2888 1539 2976 eamdem,
1550 2887 1599 2963 oi·

379 3002 458 3077 dem
476 3001 552 3099 legi
569 3025 676 3100 quam
695 3003 966 3100 profitebuntur,
983 3014 1020 3080 et
1037 3004 1264 3104 dispositione
1281 3002 1399 3079 domni
1414 2999 1599 3076 Pontifiois

376 3125 412 3191 et
429 3125 550 3192 nostra
567 3116 765 3194 omnimode
782 3117 1028 3194 subiacebunt.

891 3312 1085 3398 ooxovfl.

815 3477 818 3484 Ι
840 3515 951 3569 Eiusd.
972 3519 1119 3583 eap.V1.

468 3685 520 3758 De
539 3683 643 3760 rebus
659 3693 780 3760 autern
798 3685 1033 3764 eeclesiarum
1052 3689 1185 3766 iniuste
1204 3689 1352 3766 retentis
1364 3681 1596 3762 suboocasio·

374 3823 419 3875 ne
436 3799 538 3898 quasi
556 3800 702 3876 lieentia
720 3811 845 3900 acepta
862 3828 883 3876 a
902 3804 1085 3895 Pontifioe,
1103 3804 1269 3880 volumus
1287 3812 1328 3877 ut
1344 3826 1364 3875 a
1382 3798 1513 3897 legatis
1536 3820 1597 3871 no

374 3913 460 3988 stris
477 3913 516 3988 in
533 3923 741 4012 potestatem
760 3916 879 3990 domni
899 3917 1094 4009 Pontifieis‚
1111 3929 1147 3994 et
1164 3917 1203 3992 in
1223 3917 1281 3994 ius
1293 3920 1461 3992 Romanae
1473 3910 1597 3988 Eoele

373 4024 435 4101 siae
451 4026 606 4102 celerius
624 4027 845 4126 redigantur.
