3638 5294
902 396 1032 460 -496
1059 430 1098 443 -

475 611 521 663 De
540 611 590 666 his
610 613 666 678 qui
684 611 753 668 eliis
772 610 977 666 sacrificandi
996 621 1115 665 causas
1133 610 1324 676 attulerunt,
1342 620 1414 673 cap.
1435 612 1522 663 vm.

480 770 660 864 Quotquot
670 790 746 841 non
764 767 879 842 solum
898 765 965 865 ipsi
983 766 1232 854 deviaverunt,
1246 766 1307 841 sed
1324 751 1432 841 etiam
1450 766 1610 840 insurre-

386 891 518 956 xerunt
529 889 565 956 et
577 880 827 980 compulerunt
843 880 984 968 fratres,
1001 888 1037 954 et
1053 903 1182 954 causas
1198 879 1429 976 prebuerunt
1446 888 1489 952 ut
1505 901 1609 974 coge·

387 1002 522 1082 rentur,
538 993 574 1066 hi
592 1017 655 1094 per
679 989 878 1070 triennium
904 993 1047 1090 quidem
1064 992 1181 1069 locum
1201 993 1294 1067 inter
1311 992 1498 1068 audientes
1514 992 1609 1068 acci·

386 1106 496 1205 piant.
510 1109 578 1182 Per
593 1105 692 1181 aliud
706 1130 788 1182 vero
801 1105 1013 1181 sexennium
1027 1103 1241 1203 penitentiae
1254 1105 1479 1181 subiciantur
1495 1105 1609 1179 acrio·

387 1221 431 1309 ri,
448 1231 484 1296 et
505 1219 575 1295 alio
600 1244 693 1294 anno
717 1219 1002 1295 communionem
1028 1219 1105 1296 sine
1129 1219 1304 1295 oblatione
1330 1218 1540 1318 percipiant,
1566 1227 1609 1293 ut

386 1331 636 1431 perfectionem
655 1332 792 1432 expleto
808 1332 978 1408 decennio
991 1342 1264 1432 consequantur.
1277 1335 1376 1407 Inter
1391 1331 1470 1406 haec
1486 1341 1608 1406 eutem

387 1452 425 1520 et
442 1469 564 1521 eorum
578 1445 654 1519 vita
666 1445 846 1544 pensanda
863 1439 932 1521 est.¹

681 1633 727 1685 De
747 1632 896 1685 omicidia
915 1631 1086 1685 exeodem
1106 1644 1178 1698 cap.
1198 1633 1239 1684 11.

482 1785 552 1873 Qui
569 1783 782 1860 voluntaris
798 1785 1030 1860 homicidium
1049 1785 1211 1874 fecerint,
1234 1785 1439 1884 penitentiae
1463 1785 1606 1882 quidem
1687 1838 1695 1857 ,

388 1899 525 1994 iugiter
538 1897 752 1973 submittant
765 1923 813 1986 se,
823 1898 1074 1996 perfectionem
1084 1923 1168 1974 vero
1177 1900 1273 1975 circa
1287 1900 1371 1974 vita
1384 1900 1517 1975 exitum
1527 1921 1609 1973 con·

386 2020 592 2108 sequantur.
602 2013 654 2085 De
666 2011 866 2088 homicidiis
882 2035 966 2088 vero
982 2037 1053 2087 non
1067 2023 1188 2111 sponte
1202 2012 1411 2101 commissis,
1425 2013 1519 2110 prior
1532 2013 1610 2110 qui-

386 2125 465 2199 dem
483 2123 642 2199 definitio
659 2134 736 2224 post
748 2133 954 2223 septennem
968 2125 1208 2226 peonitentiam
1224 2125 1475 2223 perfectionem
1489 2146 1610 2200 conse-

385 2240 447 2337 qui
465 2237 644 2338 precepit,
661 2240 816 2314 secunde
833 2263 918 2315 vero
935 2241 1172 2338 quinquennii
1190 2249 1330 2335 tempus
1347 2237 1499 2338 explere.

822 2427 872 2479 Ex
891 2425 1007 2479 eodem
1027 2427 1173 2482 concillo.

482 2581 534 2655 De
548 2577 759 2654 mulieribus
772 2603 851 2678 quse
864 2581 1098 2670 fornicantur,
1111 2590 1147 2656 et
1159 2589 1284 2678 partus
1297 2603 1379 2654 suos
1393 2587 1535 2669 necant,
1548 2577 1608 2652 vel

385 2693 468 2792 quia
481 2693 560 2788 agit
573 2717 693 2768 secum
708 2701 750 2767 ut
766 2702 867 2768 utero
884 2704 1076 2791 conceptus
1093 2693 1289 2784 excutiant,
1301 2693 1451 2791 antiqua
1463 2691 1607 2791 quidem

385 2807 500 2881 finitio
517 2805 692 2904 usquead
709 2805 845 2880 exitum
867 2805 953 2881 vite
973 2831 1033 2881 eas
1053 2806 1097 2880 ab
1118 2805 1271 2880 ecclesie
1293 2814 1464 2894 removet,
1483 2805 1610 2878 huma-

384 2921 468 2994 nius
485 2931 605 2994 eutcm
623 2943 721 2994 nunc
738 2920 934 2994 diffinimus
951 2930 994 2996 ut
1014 2919 1066 2994 eis
1082 2921 1119 2993 X
1139 2942 1315 2994 annorum
1329 2929 1471 3018 tempus
1482 2943 1609 2994 secun·

384 3033 471 3107 dum
488 3033 650 3132 praefixos
666 3031 802 3127 gradus
820 3033 1026 3131 paenitentia
1043 3031 1244 3128 largiatur.'

706 3217 754 3270 Ex
773 3219 907 3272 concilio
925 3219 1123 3272 Eliberltano
1142 3230 1214 3284 esp.
1234 3219 1288 3272 VI.

481 3371 624 3446 Delator
650 3369 680 3444 si
702 3370 783 3469 quis
797 3370 956 3447 extiterit
969 3372 1092 3460 fidelis,
1105 3379 1214 3468 etper
1227 3370 1438 3447 delationem
1453 3369 1608 3444 eiusali-

384 3486 466 3583 quis
475 3483 634 3559 fidelium
645 3483 755 3557 fuerit
764 3484 993 3582 praescriptus
1002 3483 1060 3558 vel
1069 3482 1525 3580 interfectusplacuiteum
1535 3505 1606 3553 non

384 3599 455 3672 nisi
469 3599 508 3671 in
522 3598 626 3672 finem
641 3596 802 3694 accipere
816 3596 1110 3672 communionem.
1124 3596 1164 3669 Si
1177 3595 1289 3670 levior
1302 3619 1411 3670 eausa
1425 3593 1608 3682 fueritin-

383 3723 440 3786 tra
457 3708 745 3810 quinquennium
761 3708 923 3806 accipere
937 3707 1220 3784 communionem
1235 3707 1373 3805 poterit.
1388 3708 1426 3781 Si
1440 3707 1607 3781 cathecu-

384 3825 507 3898 minus
528 3822 647 3898 factus
668 3819 777 3896 fuerit
794 3831 872 3919 post
887 3821 1173 3920 quinquennium
1198 3820 1413 3896 admittatur
1429 3819 1473 3893 ad
1492 3817 1605 3916 bapti-

384 3961 513 4045 smum.

799 4101 848 4152 Ex
867 4100 1001 4154 concilio
1020 4099 1188 4153 Anotrano.

478 4255 516 4330 si
534 4253 639 4330 cuius
657 4277 745 4329 uxor
761 4252 924 4328 adultera
942 4251 1061 4340 fuerit,
1074 4251 1135 4326 vel
1146 4252 1176 4325 si
1191 4251 1264 4347 ipse
1277 4249 1496 4324 adulterium
1510 4273 1605 4325 com·

383 4370 530 4458 miserit,
540 4371 609 4442 VII
618 4391 794 4444 annorum
807 4367 1014 4464 penitentia
1025 4374 1160 4462 oportet
1169 4387 1250 4438 eum
1261 4361 1516 4460 perfectionem
1527 4385 1608 4438 con-

380 4481 481 4580 sequi
499 4481 697 4556 secundum
715 4479 884 4579 pristinos
900 4478 1048 4574 gradus.
