3618 5316
712 413 908 477 -349-

200 529 346 628 Syoiliae
363 530 546 623 iussimus,
559 541 600 607 ut
616 532 733 607 omnis
751 535 886 633 requiei
900 545 936 612 et
948 535 1089 612 honoris
1102 539 1211 614 vestri
1226 562 1348 614 curam
1362 539 1423 615 ba·

199 643 291 735 beet,
308 668 378 744 quo
394 648 516 724 veniat
533 656 656 723 vestra
672 646 854 724 beatitudo
870 649 914 724 ad
932 671 1005 725 uos.

752 814 866 900 VHII.

238 975 336 1027 Exn
355 976 483 1030 actione
501 977 562 1030 VII
581 976 696 1044 synodi
713 976 903 1032 uniuersalis
922 977 1069 1032 ecclesiae
1089 980 1115 1032 1.
1133 954 1378 1046 episcoporum.

294 1110 474 1185 Adrianus
491 1111 688 1210 Episcopus
704 1137 831 1188 servus
848 1137 1034 1189 servorum
1052 1115 1117 1189 Dei
1143 1115 1282 1190 domnis
1307 1114 1424 1213 piissi-

198 1222 267 1296 mis
280 1233 316 1298 ot
328 1225 565 1300 serenissimis
579 1225 852 1324 imperatoribus
868 1227 1158 1324 filiisdiligendis
1171 1227 1209 1300 in
1223 1231 1295 1303 Deo
1308 1239 1344 1303 et
1357 1229 1423 1302 Do-

197 1335 293 1410 mino
309 1345 428 1412 nostro
444 1338 550 1413 Ihesu
569 1337 712 1415 Christo
738 1339 972 1417 Constantino
996 1351 1033 1417 et
1058 1345 1206 1440 Hyrene
1232 1342 1421 1438 Augustis.

196 1450 243 1523 Et
259 1448 363 1525 infra.
380 1451 419 1524 Si
436 1475 522 1527 vero
539 1451 755 1550 impossibile
772 1462 826 1528 est
843 1453 1082 1530 hereticorum
1104 1455 1260 1530 vesania
1277 1477 1339 1554 pro
1369 1455 1423 1528 in-

196 1561 406 1638 credulitate
431 1565 588 1662 ipsorum
616 1565 713 1664 ipsas
738 1591 859 1642 sacras
883 1593 926 1643 ac
942 1567 1165 1644 venerandas
1182 1567 1362 1665 imagines
1378 1567 1425 1641 si·

197 1699 242 1750 ne
267 1677 394 1774 synodi
419 1677 557 1754 actione
587 1677 844 1776 inpristiuum
870 1681 1012 1778 erigere
1042 1706 1086 1757 ao
1115 1681 1325 1758 confirmare
1355 1689 1425 1754 sta-

196 1797 286 1880 tum,
302 1799 339 1864 et
356 1801 492 1866 nostros
509 1791 709 1884 sacerdotes
726 1817 789 1890 pro
805 1792 1054 1870 huiuscemodi
1072 1791 1130 1890 pia
1151 1792 1351 1890 operatione
1364 1815 1424 1866 ve-

196 1903 615 2008 stracupitserenissima
628 1905 826 2002 imperialis
840 1905 998 2003 potentia
1010 1904 1197 1996 accersire,
1207 1905 1301 1981 sicut
1314 1904 1350 1977 in
1364 1929 1424 1980 ve·

196 2015 280 2089 stris
289 2015 403 2091 fertur
412 2017 659 2117 imperialibus
672 2017 899 2092 iussionibus.
913 2017 1096 2116 Imprimis
1109 2016 1239 2115 pseudo
1252 2015 1422 2113 sillogum

197 2125 289 2204 illud
305 2129 397 2227 quod
414 2131 491 2206 siue
508 2131 700 2229 apostolica
718 2131 800 2207 sede
814 2129 1108 2206 irrationabiliter
1121 2129 1285 2228 nequiter
1297 2139 1422 2205 contra

195 2252 399 2317 sanctorum
415 2242 676 2319 venerabilium
693 2253 838 2342 patrum
855 2244 1083 2320 traditionem
1101 2243 1144 2318 de
1161 2241 1275 2318 sacris
1292 2241 1423 2339 imagi·

194 2353 301 2429 nibus
316 2366 438 2432 actum
456 2367 511 2456 est
527 2358 849 2435 anathematizetur
875 2356 1111 2455 presentibus
1136 2356 1256 2431 missis
1280 2356 1423 2447 nostris,

195 2477 231 2542 et
246 2477 336 2544 tuuc
353 2459 448 2545 siout
460 2471 632 2570 antiquus
646 2494 719 2546 mos
733 2470 864 2561 extitit,
882 2469 1112 2547 iureiurando
1125 2480 1248 2546 vestra
1262 2469 1423 2569 piissima

195 2604 237 2655 ao
250 2581 548 2680 tranquillissima
561 2593 727 2680 potestas,
736 2609 808 2658 una
818 2610 901 2660 cum
917 2585 1043 2660 domna
1055 2585 1251 2660 M...vestra
1264 2582 1423 2682 piissima

195 2693 383 2789 genitrice,
401 2721 464 2771 seu
478 2695 638 2772 eiusdem
652 2697 752 2793 regie
770 2697 870 2772 urbis
888 2697 1109 2785 Patriaroha,
1126 2720 1275 2774 necnon
1289 2705 1425 2773 eteuu-

196 2817 253 2880 cto
274 2817 412 2897 senatu,
437 2809 615 2907 corporale
631 2809 832 2885 tribuentes
857 2821 1135 2900 sacramentum,
1160 2810 1312 2886 verbum
1329 2833 1423 2885 com-

196 2920 424 2997 monitorium
442 2922 537 2998 sicut
553 2923 755 3021 antiquitus
780 2923 839 3022 pia
866 2949 968 2999 saera
994 2924 1095 2999 nobis
1119 2923 1276 3020 dirigere
1299 2933 1422 2998 vestra

195 3033 366 3129 dignetur
378 3035 574 3134 imperialis
588 3045 753 3134 potestas,
763 3035 825 3133 qui
835 3045 919 3112 ante
932 3045 986 3111 est
999 3036 1093 3134 apud
1105 3043 1168 3110 vos
1181 3035 1292 3133 partis
1305 3032 1425 3110 cuius·

196 3145 283 3222 libet
299 3147 400 3223 favor
416 3159 480 3246 aut
492 3149 659 3240 defensio,
675 3150 738 3224 sed
760 3149 990 3247 equalitatem
1005 3148 1167 3247 utrisque
1179 3148 1340 3248 partibus
1353 3172 1424 3224 ser-

196 3259 338 3348 vabitis,
354 3259 561 3337 nullatenus
579 3261 828 3338 necessitatem
846 3261 1023 3336 facientes
1041 3261 1078 3334 in
1092 3283 1317 3358 quocumque
1330 3259 1424 3358 capi·

196 3371 283 3462 tulo,
296 3372 347 3448 eis
356 3373 417 3472 qui
430 3397 451 3446 a
464 3373 564 3448 nobis
573 3373 777 3470 dirigentur
790 3397 929 3472 quoquo
944 3373 1053 3464 mod0,
1062 3374 1123 3448 sed
1133 3383 1169 3448 et
1181 3373 1278 3448 omni
1288 3371 1420 3448 honore

196 3485 502 3583 cumcompetenti
516 3484 764 3559 munificentia
778 3494 815 3560 et
828 3485 1054 3586 susceptione
1067 3486 1196 3582 dignos
1209 3509 1267 3561 eos
1281 3484 1436 3560 habebi.

197 3600 253 3671 tis
267 3601 314 3672 Et
325 3597 357 3672 si
370 3597 512 3696 quidem
525 3598 770 3686 convenerint,
784 3622 867 3675 ecce
879 3598 979 3674 bene.
994 3597 1032 3673 Si
1046 3606 1166 3673 autem
1181 3597 1328 3673 minime
1341 3620 1422 3674 oon·

196 3710 517 3800 venerintiterum
531 3710 722 3786 cumomni
736 3709 964 3787 humanitate
978 3735 1036 3786 eos
1052 3710 1096 3784 ad
1113 3733 1177 3785 nos
1194 3710 1351 3807 dirigere
1368 3733 1422 3783 sa-

195 3825 331 3920 tagetis
347 3823 433 3922 quia
448 3823 582 3898 dudum
595 3823 725 3899 ibidem
742 3847 805 3922 pro
818 3823 893 3900 nelo
906 3825 987 3899 fidei
1001 3848 1044 3899 ac
1056 3831 1263 3898 sanctarum
1275 3822 1420 3921 ymagi-

196 3961 285 4011 num
300 3935 459 4033 religiosi
471 3937 543 4011 viri
555 3936 693 4027 directi,
702 3937 740 4010 in
749 3936 898 4013 exilium
911 3936 1013 4011 missi
1027 3947 1123 4026 sunt,
1136 3944 1173 4011 et
1184 3933 1421 4010 bonaconfes·

196 4049 296 4126 sione
307 4049 418 4126 buius
430 4049 554 4124 mundi
567 4049 680 4123 vitam
695 4049 876 4125 finierunt.
886 4053 932 4123 Et
945 4047 1049 4123 infra.
1058 4051 1105 4123 Et
1117 4046 1221 4124 valde
1234 4046 1356 4121 mirati
1365 4071 1424 4120 su·

198 4189 280 4237 mus
296 4163 388 4262 quod
405 4163 444 4237 in
459 4161 592 4238 vestris
612 4160 860 4260 imperialibus
877 4161 985 4236 iussis
1003 4184 1065 4258 pro
1090 4158 1294 4259 patriarcha
1311 4158 1422 4255 regiae

198 4273 298 4350 urbis
310 4273 450 4350 scilieet
462 4271 632 4348 Tharasio
641 4271 797 4364 directis,
807 4272 1141 4348 universalemeum
1151 4271 1282 4346 ibidem
1292 4269 1424 4370 reperi·

198 4385 688 4462 musexaratum.Sedutrum
698 4411 760 4485 per
769 4384 1050 4484 nequitiam,aut
1059 4385 1190 4460 scisma
1199 4383 1258 4459 vel
1267 4383 1420 4459 heresim

197 4496 402 4596 iniquorum
419 4497 594 4598 scriptum
609 4506 673 4590 est,
687 4497 906 4593 ignoramus.
920 4497 989 4574 Sed
1003 4497 1122 4573 virum
1137 4519 1199 4596 per
1212 4495 1423 4596 nequitiam,
