3618 5316
714 440 753 456 -
779 407 846 475 275
871 445 911 460 -

698 581 918 673 ιΙιΧΧΧΙΙΙΙ.

296 764 494 860 Gregorius
513 766 616 840 Petro
634 764 847 840 subdiacono
865 762 1007 842 Sicilia.
1026 764 1125 836 Inter
1142 770 1280 837 catera.
1294 763 1425 838 Praete·

200 899 261 952 rea
277 877 444 951 volumus
463 887 503 953 ut
520 877 550 951 si
568 880 708 976 quando
726 903 784 956 eos
802 878 863 978 qui
881 885 967 951 suut
991 877 1029 949 iu
1054 874 1221 972 obsequio
1244 875 1424 974 experien-

199 991 260 1066 tia
271 1000 343 1066 tuae
355 991 392 1066 in
406 991 586 1090 aliquibus
599 995 719 1068 causis
735 1019 815 1092 quaa
828 1001 914 1066 sunt
926 1000 1027 1066 extra
1041 989 1294 1086 patrimonium
1308 998 1425 1064 trans·

199 1104 326 1194 mittis,
343 1130 454 1203 parva
479 1105 622 1204 quidem
648 1132 692 1182 ex
715 1106 767 1182 eis
793 1103 975 1182 commoda
1000 1103 1189 1201 accipiant.
1207 1103 1423 1181 Sed'tamen

200 1216 250 1290 ita
267 1219 362 1291 utin
381 1241 503 1294 eorum
521 1219 717 1294 utilitatem
743 1218 931 1317 proficiant
956 1217 1123 1315 quoniam
1148 1240 1213 1291 nos
1237 1217 1423 1292 sacculum

199 1329 369 1405 aeclesiae
385 1355 430 1406 ex
446 1332 562 1430 turpis
579 1331 742 1407 luoribus
758 1332 926 1407 nolumus
940 1331 1140 1429 inquinare.
1157 1335 1204 1405 Et
1215 1331 1322 1427 longe
1336 1330 1394 1406 inf
1410 1375 1424 1388 -

151 1497 159 1512 .
201 1442 287 1516 rius.
298 1443 368 1530 Qui
380 1444 550 1520 acclesiae
563 1443 748 1542 stipendiis
760 1445 933 1536 subsistit,
942 1445 987 1519 ad
1000 1444 1102 1520 luera
1114 1444 1254 1543 propria
1263 1467 1333 1520 non
1343 1469 1424 1520 ane·

199 1557 259 1632 let.
277 1557 315 1630 Si
333 1558 419 1656 quid
442 1581 526 1633 vero
551 1559 628 1634 sine
653 1568 809 1656 peceato,
836 1561 912 1635 sine
939 1561 1100 1658 appetitu
1126 1559 1424 1656 concupiscentiae

200 1693 263 1767 per
287 1694 346 1746 eos
370 1671 432 1770 qui
457 1695 585 1746 eausas
602 1682 719 1768 agunt
735 1671 895 1748 ecclesiae
916 1672 960 1746 ad
985 1671 1173 1748 eeclesiam
1198 1671 1350 1762 venerit,
1373 1671 1425 1746 di-

200 1807 316 1879 gnum
334 1794 388 1860 est
404 1793 445 1859 ut
462 1785 529 1883 ipsi
548 1785 653 1860 vacui
672 1810 714 1860 ex
730 1785 847 1860 labore
861 1809 925 1862 suo
937 1809 1013 1860 esse
1027 1809 1098 1860 non
1111 1784 1270 1861 debeant.
1284 1785 1352 1859 Sed
1365 1807 1425 1858 no

200 1906 274 1972 stro
290 1907 494 1973 reservetur
510 1898 642 1973 iudicio
657 1899 810 1996 qualiter
832 1897 1053 1974 remunerari
1073 1897 1302 1973 debeantur
1320 1897 1423 1971 fami·

199 2008 250 2082 lia
266 2011 398 2086 verosi
416 2012 497 2109 quis
513 2011 657 2109 culpam
675 2012 811 2100 iecerit,
829 2012 867 2086 in
880 2013 956 2110 ipso
969 2012 1110 2110 quidem
1132 2021 1174 2087 ut
1190 2011 1343 2108 dignum
1368 2021 1423 2086 est

199 2122 422 2213 iudicetur,a
439 2123 619 2199 commodo
636 2132 756 2198 autem
774 2123 807 2198 ei
825 2123 1058 2214 abstineatur,
1083 2123 1154 2198 nisi
1179 2125 1270 2200 forte
1294 2149 1422 2223 parurn

199 2235 350 2334 aliquod,
363 2238 455 2335 quod
468 2237 506 2310 in
519 2236 834 2312 usumexeeutoris
847 2237 910 2336 qui
922 2238 967 2311 ad
980 2237 1425 2314 eumtransmisimusfue·

200 2351 248 2424 rit
260 2351 428 2448 proficere
446 2352 565 2450 possit.
583 2355 754 2426 Parentes
771 2361 892 2425 autem
911 2349 1141 2425 morientium
1158 2351 1271 2449 quiin
1288 2374 1422 2450 posses·

198 2462 296 2538 sione
313 2463 483 2540 acclesiae
499 2465 647 2561 degunt,
664 2463 811 2539 heredes
824 2463 876 2538 eis
888 2463 1069 2539 aoeedant.
1086 2464 1183 2538 Idem
1201 2463 1246 2538 ad
1258 2464 1422 2539 eundem.

199 2579 276 2651 Tua
293 2578 510 2676 experientia
523 2589 656 2654 sancta
669 2577 839 2654 aeoulesiae
856 2577 1049 2652 utilitatem
1065 2576 1273 2675 conspiciat,
1286 2601 1422 2652 memor
1440 2621 1443 2626 -
1471 2589 1476 2598 '

199 2691 291 2789 qnod
307 2703 391 2767 ante
408 2692 693 2766 sacratissimum
710 2689 805 2765 beati
823 2689 921 2764 Petri
939 2687 1098 2786 Apostoli
1117 2712 1245 2787 eorpus
1271 2697 1422 2787 potesta·
1459 2695 1463 2703 '
1530 2777 1532 2782 Α

199 2814 271 2880 tem
290 2805 495 2902 patrimonii
521 2805 599 2881 eius
624 2803 811 2901 acceperit,
828 2811 864 2877 et
888 2800 974 2876 lieet
997 2801 1089 2898 quod
1105 2799 1192 2876 hino
1214 2800 1347 2899 scripta
1364 2802 1420 2877 de·
1501 2869 1532 2934 ..ὦ
1559 2857 1562 2862 -

200 2926 358 3007 current,
374 2917 466 3014 quod
491 2917 689 2992 utilitatem·
704 2914 908 3014 patrimonii
925 2913 1106 3012 impediat,
1122 2914 1324 2990 nullomodo
1345 2939 1421 3014 per·

200 3030 426 3128 mittat,quia
443 3053 509 3106 neo
526 3052 590 3104 nos
607 3030 684 3104 sine
702 3029 837 3104 ratione
853 3027 988 3126 aliquid
1005 3027 1141 3104 dedisse
1165 3027 1420 3142 reminiscitup,

199 3140 258 3216 uel
275 3141 359 3217 dare
375 3141 604 3239 disponimus.

728 3238 897 3325 LXXXV.

300 3369 498 3465 Gregorius
511 3367 618 3443 Leoni
636 3367 797 3468 episeopo
811 3369 1006 3444 Catinensi.
1022 3371 1076 3445 Ad
1088 3371 1154 3445 hoo
1167 3369 1323 3445 locorum
1337 3393 1419 3466 gra·

204 3483 272 3556 dus
289 3483 438 3558 rationis
455 3483 537 3557 ordo
562 3481 789 3572 distinxisse
814 3482 946 3558 iudicia
969 3508 1046 3558 esse
1072 3484 1269 3575 constituit,
1285 3494 1327 3559 ut
1351 3508 1418 3558 neo

202 3596 382 3694 proepositi
400 3597 437 3669 in
455 3595 700 3694 opprimendos
718 3619 756 3670 se
777 3595 912 3670 frustra
936 3596 1081 3672 valeant
1105 3621 1278 3695 occupare
1304 3597 1418 3671 subie-

203 3719 290 3800 ctos,
306 3734 373 3785 neo
399 3709 582 3806 subgestis
607 3708 738 3784 iterum
765 3717 888 3785 contra
913 3731 996 3783 suos
1022 3710 1224 3807 praepositos
1248 3710 1417 3785 effrenata

202 3822 250 3896 sit
272 3821 468 3898 resultandi
494 3821 649 3896 licentia.
666 3821 845 3898 Volumus
869 3845 956 3918 ergo
980 3833 1023 3897 ut
1050 3822 1220 3922 quioquid
1247 3821 1417 3899 acclesiae

200 3945 273 4010 tuae
302 3959 347 4010 ex
371 3935 510 4010 redditu
536 3933 596 4010 vel
621 3933 779 4032 quolibet
802 3933 872 4008 alio
896 3935 1003 4010 titulo
1027 3936 1189 4012 fortassis
1213 3937 1417 4026 accesserit,

200 4057 364 4144 quartam
386 4046 511 4123 exinde
537 4069 600 4145 pro
624 4047 781 4145 portione
798 4049 875 4123 sine
900 4049 1134 4125 diminutione
1152 4049 1273 4149 aliqua
1290 4049 1417 4126 debeas

200 4173 405 4256 segregare,
429 4169 536 4258 atque
566 4184 644 4234 eam
674 4160 870 4235 secundum
900 4163 964 4236 Dei
990 4161 1154 4238 timorem
1184 4161 1415 4261 presbyteris,

199 4271 427 4362 diaconissa
452 4273 546 4348 olore
571 4283 612 4346 ut
632 4272 697 4348 tibi
714 4272 835 4348 visum
860 4274 970 4350 inerit
993 4275 1147 4352 discrete
1171 4274 1341 4349 dividere.
1359 4277 1414 4349 Ita

198 4411 285 4462 sane
301 4396 343 4462 ut
360 4387 555 4486 unicuique
571 4387 601 4461 si
620 4386 788 4463 meritum
806 4385 936 4461 laboris
957 4389 1129 4485 exegerit,
1146 4387 1258 4463 libera
1282 4387 1348 4461 tibi
1367 4385 1416 4462 sit

199 4499 299 4574 iuxta
316 4500 409 4598 quod
425 4499 634 4598 praevideris
650 4499 828 4596 largiendi
846 4498 1003 4575 lieentia.
