3638 5294
752 413 948 474 -501-

240 533 368 605 militie
386 533 575 628 cingulum
588 531 793 608 etludicres
807 532 1007 629 voluptates
1020 541 1056 607 et
1069 556 1160 608 nova
1174 533 1343 630 coniugia
1356 543 1392 608 et
1406 536 1457 607 in·

238 645 368 719 hibitus
381 645 496 720 denuo
508 645 710 743 appetivere
723 645 946 732 concubitus
957 669 1107 744 quorum
1122 647 1315 745 professam
1329 648 1456 734 incerti

241 768 471 833 nemoautem
481 767 632 853 generat
640 769 717 855 post
726 757 983 832 absolutionem
995 758 1060 831 filii
1074 759 1312 857 perdiderunt.
1322 762 1373 835 De
1382 762 1459 859 qui-

240 873 307 946 bus
322 873 405 969 quia
419 872 491 944 iam
505 871 702 968 suffugium
721 894 791 946 non
809 869 941 944 habent
955 870 1157 967 paeniteudi,
1170 871 1205 944 id
1219 871 1387 946 duximus
1400 873 1458 947 de·

238 985 456 1060 cernendum
474 993 515 1057 ιιι
532 983 605 1057 sola
622 984 717 1057 intra
736 983 925 1059 ecclesiam
944 983 1107 1058 fidelibus
1120 983 1281 1059 oratioue
1305 985 1459 1082 iungan-

240 1107 301 1172 tur
318 1122 418 1172 sacre
432 1097 682 1194 mysteriorum
700 1095 900 1172 celebritati
922 1096 1089 1192 quamvis
1103 1121 1173 1171 non
1189 1106 1394 1171 mereantur
1406 1097 1459 1170 in-

238 1211 378 1300 tersint,
395 1237 416 1282 a
434 1209 576 1284 Domini
592 1219 714 1285 autem
734 1233 855 1285 mense
876 1209 1043 1284 convivio
1061 1219 1316 1306 segregentur,
1333 1219 1375 1284 ιιι
1390 1211 1465 1287 bac·

241 1324 368 1399 saltem
386 1323 607 1399 districtione
624 1323 787 1419 correpti,
806 1322 874 1420 ipsi
892 1349 958 1397 sua
977 1333 1095 1398 errata
1112 1325 1307 1420 castigent,
1322 1335 1358 1400 et
1375 1325 1458 1399 aliis

240 1437 443 1535 exemplum
453 1435 614 1510 tribuant
627 1435 797 1534 quatinus
806 1435 850 1509 ab
859 1437 996 1510 oscenis
1009 1435 1266 1533 cupiditatibus
1276 1437 1460 1512 retrahan-

240 1561 309 1625 tur.
327 1549 465 1636 Quibus
481 1559 613 1638 temen,
627 1548 766 1645 quando
784 1549 921 1623 carnali
938 1549 1136 1645 fragilitate
1153 1549 1361 1625 oeciderunt
1386 1550 1460 1622 via-

241 1663 312 1738 tico
338 1687 484 1737 munere
504 1687 587 1736 cum
608 1662 653 1735 ad
674 1662 864 1734 Dominum
888 1671 1061 1758 ceperunt
1081 1661 1268 1760 proficisci,
1285 1687 1347 1762 per
1365 1686 1459 1738 com-

240 1776 421 1850 munionis
437 1775 591 1872 gratiam
608 1776 777 1852 ‚volumus
794 1775 989 1851 subveniri.
1006 1776 1289 1862 Quam'formam
1307 1786 1344 1850 et
1360 1775 1458 1852 circe

240 1889 496 1985 mulieresque
509 1912 546 1961 se
560 1897 636 1984 post
645 1887 850 1985 paenitentia
863 1887 997 1962 talibus
1006 1887 1260 1984 pollutionibus
1272 1887 1461 1963 devincire·

240 2000 314 2075 rint
332 1999 508 2074 servanda
524 2024 601 2074 esse
618 2024 816 2075 censemus.

795 2209 909 2293 CLXI.

549 2425 770 2478 Iuramentum
787 2422 888 2476 futuri
906 2424 1127 2492 imperatoris.

324 2517 403 2567 'Hoc
423 2513 659 2567 sacramentum
678 2515 798 2567 invenit
817 2513 957 2576 scriptor
974 2513 1069 2564 huius
1086 2513 1161 2564 llbri
1178 2514 1211 2563 in
1229 2513 1370 2566 Saxonla

382 2621 385 2628 ·
493 2604 526 2653 ln
544 2603 740 2655 monasterio
762 2601 850 2667 quod
869 2601 988 2654 dicitur
1007 2602 1204 2666 Lulneburg.

334 2798 469 2869 Domno
478 2793 626 2868 Iohanni
641 2817 728 2891 pape
745 2795 825 2867 XII.
838 2796 913 2868 Rex
934 2794 1017 2868 Otto
1030 2816 1091 2890 per
1104 2814 1168 2866 uos
1181 2790 1304 2880 mittit,
1317 2799 1353 2865 et
1365 2791 1463 2864 iurat

237 2933 299 3006 per
318 2912 473 2994 Patrem,
487 2916 524 2981 et
536 2907 678 2996 Filium,
696 2917 731 2982 et
745 2906 918 3006 Spiritum
944 2915 1110 2981 sanctum
1129 2915 1165 2980 et
1182 2929 1243 3003 per
1260 2905 1404 2980 beatum
1422 2903 1464 2976 li·

238 3047 354 3119 gnum
371 3021 514 3095 vivifice
532 3020 662 3110 crucis,
679 3030 715 3096 et
727 3020 792 3094 has
806 3019 975 3118 reliquias
992 3029 1197 3094 sanctorum
1215 3018 1307 3116 quod
1331 3018 1362 3092 si
1374 3041 1464 3116 per·

242 3136 407 3210 mittente
422 3136 495 3209 Deo
507 3136 653 3209 Romam
671 3133 821 3223 venerit,
838 3142 998 3208 sanctam
1018 3137 1212 3208 Romanam
1226 3130 1414 3208 ecclesiam
1427 3139 1464 3206 et

241 3249 393 3324 eundem
411 3247 579 3322 domnum
594 3251 760 3322 Ioannem
774 3271 900 3344 papam
915 3256 1088 3322 rectorem
1101 3246 1216 3344 ipsius
1228 3245 1400 3320 exaltabit
1412 3269 1464 3320 se·

241 3361 397 3438 cundum
417 3386 521 3434 suurn
537 3384 647 3458 posse,
664 3359 694 3433 si
708 3361 835 3434 vivum
851 3361 1042 3436 invenerit.
1066 3361 1130 3435 Sin
1155 3371 1275 3434 autem
1301 3385 1383 3434 eum
1401 3358 1463 3458 qui

241 3474 447 3571 legabiliter
464 3473 519 3546 illi
538 3473 713 3550 succedet.
731 3476 778 3548 Et
795 3499 979 3572 nunquam
997 3475 1123 3562 vitem,
1139 3484 1203 3546 aut
1220 3472 1389 3561 membra,
1406 3497 1465 3546 ue-

241 3612 310 3686 que
326 3587 443 3686 ipsum
461 3585 629 3661 honorem
647 3609 751 3683 quem
770 3585 887 3677 habet,
905 3599 941 3663 et
953 3587 1015 3686 qui
1028 3612 1111 3662 eum
1128 3585 1317 3662 habiturus
1329 3595 1383 3661 est
1400 3611 1465 3661 sua

241 3701 437 3788 uoluntate,
454 3709 517 3773 aut
534 3723 598 3774 suo
615 3722 801 3786 consensu,
819 3710 882 3774 aut
895 3724 959 3775 suo
976 3699 1132 3788 consilio,
1150 3709 1214 3774 aut
1226 3725 1292 3774 sua
1305 3698 1466 3794 exhorta·

242 3815 336 3890 tione
356 3815 486 3912 perdet,
503 3837 619 3911 neque
632 3813 718 3910 ipse,
731 3837 846 3910 neque
859 3813 991 3912 aliquis
1005 3835 1250 3890 successorum
1264 3813 1351 3888 eius.
1365 3816 1411 3886 Et
1427 3813 1465 3886 in

243 3953 429 4004 romanum
447 3927 631 4026 placitum,
647 3937 711 4002 aut
727 3927 983 4002 ordinationem
1001 3926 1109 4001 faciet
1131 3925 1173 4000 de
1198 3925 1363 4000 omuibus
1387 3951 1466 4024 quae

242 4047 346 4140 Papae
356 4045 568 4117 etRonrauis
578 4040 826 4138 pertinet,sine
837 4039 1233 4136 consiliodomuiPapae.
1241 4043 1287 4114 Et
1296 4038 1468 4138 quicquid

241 4157 284 4230 de
309 4167 405 4231 terra
423 4155 539 4230 sancti
559 4153 655 4229 Petri
672 4154 716 4228 ad
734 4153 813 4228 eius
830 4161 1038 4252 potestatem
1056 4151 1156 4227 venit
1172 4151 1231 4226 vel
1254 4152 1385 4240 ueniet,
1403 4155 1468 4227 Ro-

242 4295 357 4343 manae
373 4268 544 4343 aecclesiae
563 4267 735 4342 restituet.
754 4267 978 4364 Cuicumque
996 4275 1117 4340 autem
1135 4289 1289 4360 reguum
1303 4265 1468 4340 italicum

244 4381 454 4470 committet,
471 4382 591 4456 iurare
611 4380 718 4455 faciet
739 4379 854 4466 illum,
868 4390 909 4452 ιιι
929 4378 1070 4452 adiutor
1091 4379 1139 4452 sit
1159 4379 1286 4453 domno
1308 4380 1413 4476 Papae
1432 4387 1469 4453 et

242 4495 509 4572 successoribus
525 4494 605 4570 eius
620 4494 665 4568 ad
679 4491 932 4569 defendendam
946 4501 1079 4566 terram
1095 4490 1211 4566 sancti
1229 4489 1325 4567 Petri
1344 4505 1468 4583 secun·
