3618 5316
718 472 753 484 —
784 439 849 504 aaa
876 472 915 486 -

199 552 375 643 noviense,
399 555 610 653 patrimonio
628 556 761 655 Appiae.
779 555 875 632 Idem
894 557 932 630 in·
950 558 1079 632 eodem.
1098 557 1205 633 Leoni
1230 560 1366 634 notario
1390 569 1427 635 et

201 667 357 742 Leontioe
375 668 570 764 iugalibus,
586 693 779 769 eorumque
793 670 877 744 filiis
889 695 932 745 aa
949 671 1135 769 nepotibus
1155 671 1306 746 fundum
1323 671 1427 768 Ripa-

201 781 390 870 oesarium,
406 784 490 857 ¹'oum
508 782 620 858 silvis.
638 775 876 880 glan'da'rotis⁴
889 791 924 860 et
942 785 1047 859 terris
1065 783 1298 860 sationalibus
1314 785 1425 860 situm

202 892 264 966 via
278 894 426 971 Aurelia
436 895 524 971 mill.
539 897 618 994 plus
632 897 752 972 minus
764 901 852 974 Xex
865 921 1008 995 corpore
1018 898 1212 974 suburbani
1223 899 1426 998 patrimonii

202 1009 353 1100 Tusciae,
369 1019 515 1108 praestat
530 1012 718 1088 annuatim
732 1033 776 1084 ar
789 1012 870 1086 auri
887 1011 1046 1109 siliquas.
1063 1005 1159 1088 Idem
1173 1013 1210 1086 in
1228 1013 1346 1089 eodem
1361 1017 1425 1088 Bo

199 1123 327 1198 nifatio
352 1125 499 1216 notario,
516 1150 580 1201 seu
598 1125 758 1202 Claudia
775 1125 970 1222 iugalibus,
995 1150 1188 1225 eorumque
1205 1127 1289 1202 filiis
1305 1152 1349 1202 ae
1365 1151 1444 1226 neg

199 1237 340 1336 potibus
362 1239 513 1314 fundum
539 1241 777 1317 Cocceianum
796 1250 832 1317 et
857 1239 1054 1330 Folianum,
1071 1266 1116 1316 ex
1132 1263 1274 1340 corpore
1299 1266 1425 1314 massae

200 1352 419 1452 Formiana,
437 1355 641 1452 patrimonii
669 1356 803 1454 Appiae,
829 1365 999 1454 praestant
1019 1381 1149 1431 annuae
1166 1381 1248 1429 aurs
1268 1355 1348 1428 auri
1374 1379 1425 1429 so
1488 1388 1492 1396 ·

200 1464 300 1541 lidos.
314 1468 411 1542 Idem
428 1468 467 1542 in
480 1471 612 1562 eodem,
628 1471 760 1546 eisdem
775 1470 929 1546 fundum
944 1469 1210 1559 Gratinianum,
1226 1477 1262 1545 et
1278 1469 1424 1544 fondum

200 1581 401 1674 Rosarium‚
418 1609 501 1659 oum
519 1583 681 1660 domibus
698 1595 735 1661 et
759 1584 887 1672 vineis,
904 1584 973 1658 sita
990 1583 1139 1659 ab'urbe
1157 1582 1229 1658 mil.
1256 1581 1336 1680 plus
1361 1582 1425 1656 mi-

101 1693 104 1700 ’
198 1717 268 1767 nus
293 1697 363 1770 VII
388 1706 550 1772 coerente
575 1695 644 1772 sibi
666 1697 711 1771 ab
736 1721 808 1773 uno
832 1696 943 1772 latere
965 1685 1076 1771 fundo
1092 1696 1271 1785 eanneolo‚
1287 1695 1333 1771 ab
1354 1695 1425 1770 alio

199 1807 319 1883 casale
336 1809 535 1901 miliariolo‚
552 1836 573 1884 a
589 1811 694 1886 tertio
719 1810 836 1887 casale
854 1811 1029 1901 Faustini,
1054 1810 1144 1885 iuris
1169 1813 1335 1886 Romana
1359 1834 1425 1883 aeo·

200 1919 328 2011 olesiae,
347 1947 390 1997 ex
403 1948 545 2022 corpore
563 1925 766 2023 patrimonii
787 1925 983 2002 suburbani
1002 1925 1151 2013 Tuscia,
1169 1931 1340 2020 prestent
1363 1947 1426 1996 an-

198 2057 279 2108 nuae
292 2060 314 2105 a
327 2038 407 2110 auri
420 2037 556 2113 solidos.
574 2039 670 2113 Idam
687 2039 726 2112 in
739 2039 870 2114 eodem.
887 2038 1072 2114 Gennadio
1084 2037 1228 2112 tribuno
1245 2046 1281 2111 et
1294 2035 1425 2126 Luciae,

198 2158 297 2224 etex
314 2173 434 2225 eorum
459 2151 627 2250 amplexu
645 2151 729 2227 filiis
745 2179 787 2228 ao
813 2151 1000 2250 nepotibus
1021 2151 1175 2225 fundum
1194 2150 1423 2250 Porcianum,

199 2269 235 2336 et
251 2264 480 2354 Leonianum
497 2275 534 2340 et
550 2265 703 2340 fundum
729 2267 937 2354 Greoorum,
962 2275 998 2340 et
1015 2265 1251 2353 anisianum,
1268 2263 1329 2338 via
1347 2263 1426 2338 Clo·

201 2375 367 2464 diamill.
377 2378 457 2476 plus
467 2379 587 2454 minus
597 2382 703 2454 VIIII
713 2405 757 2456 ex
769 2403 912 2478 corpore
921 2378 1127 2478 patrimonii
1137 2378 1332 2453 Tuseiaecn
1342 2377 1423 2450 auri

199 2489 336 2566 solidos.
361 2493 457 2568 Idem
479 2493 517 2567 in
543 2493 673 2568 eodem.
699 2493 866 2568 Studiose
894 2492 1060 2579 tribunae,
1080 2516 1143 2567 sen
1165 2495 1271 2567 Petro
1295 2489 1426 2587 iugali·

200 2601 267 2676 bus
284 2605 486 2704 eisdemque
504 2607 602 2682 Petri
616 2605 700 2682 filiis
718 2617 754 2682 et
771 2606 959 2704 nepotibus
976 2605 1126 2680 fundum
1151 2605 1328 2694 Sorrulas‚
1344 2605 1424 2679 fun·

200 2717 285 2793 dum
304 2719 538 2811 Sisinianum‚
560 2747 604 2795 ex
621 2745 763 2819 corpore
781 2744 897 2796 masse
916 2718 1061 2807 silanis,
1085 2718 1297 2816 patrimonio
1321 2718 1424 2792 Lavi·

201 2857 300 2923 cano,
318 2844 489 2930 praestant
505 2859 625 2910 annuo
641 2859 713 2907 aus
735 2860 760 2908 x
777 2833 857 2917 anri
876 2833 1013 2906 solidos.
1030 2833 1128 2907 Idem
1146 2832 1185 2905 in
1202 2833 1333 2907 eodem.
1350 2836 1424 2905 An·

203 2969 258 3021 nre
284 2947 471 3045 religiosae,
488 2958 524 3023 et
546 2947 629 3022 aliis
653 2947 793 3022 duabus
817 2947 976 3046 personis
1000 2945 1152 3020 fundum
1178 2945 1322 3040 argenti
1346 2969 1425 3020 ver·

200 3057 358 3151 alanum,
382 3064 626 3158 Lugeranum
652 3059 939 3148 Collibertornm‚
964 3058 1191 3146 Toleranum,
1215 3066 1424 3155 praestantes

199 3197 226 3246 rr
243 3175 324 3248 auri
341 3174 480 3265 solidos,
493 3185 529 3250 et
546 3174 698 3249 fundum
716 3173 825 3249 Truoi
843 3171 1151 3246 Trasissessanum
1176 3180 1213 3246 at
1231 3170 1425 3246 Possessio·

138 3359 142 3366 .
200 3309 299 3374 num,
316 3297 527 3387 praestantes
544 3307 570 3356 a
591 3286 670 3360 auri
696 3285 823 3360 solidos
841 3309 886 3360 ex
902 3307 1045 3381 corpore
1071 3309 1197 3359 mussae
1214 3282 1423 3358 Sabinensis

199 3398 260 3472 via
273 3399 458 3491 tiburtina,
473 3401 560 3476 mill.
569 3399 614 3474 ab
626 3399 713 3475 urbe
726 3397 808 3498 plus
822 3397 944 3470 minus
955 3399 992 3472 X
1005 3421 1050 3470 ex
1061 3419 1204 3494 corpore
1218 3394 1422 3493 patrimonii

200 3510 376 3587 tiburtini.
393 3514 490 3590 Idem
509 3513 547 3588 in
565 3514 686 3589 eodem
705 3510 869 3588 Heraoiio
894 3511 1079 3610 praeposito
1096 3510 1258 3607 coquinae
1275 3509 1423 3584 domini-

199 3648 251 3698 oae
274 3625 427 3701 fundum
453 3627 612 3703 Casasiri
636 3651 681 3702 ex
701 3649 844 3722 corpore
866 3649 991 3698 massae
1007 3647 1070 3724 pro
1087 3621 1200 3710 cuitu,
1217 3622 1422 3720 patrimonii

199 3738 383 3830 Lauicani
404 3749 549 3840 praestat
563 3797 678 3815 ......
691 3739 771 3812 auri
797 3737 934 3814 solidos.
950 3737 1048 3812 Idem
1066 3737 1104 3810 in
1122 3735 1252 3812 eodem.
1270 3735 1422 3812 Gemulo

200 3846 320 3942 militi,
336 3853 488 3930 fundum
514 3852 698 3943 Mauricis‚
723 3851 875 3927 fundum
893 3851 953 3924 via
974 3873 1078 3941 nova,
1101 3851 1162 3924 via
1186 3848 1420 3937 Praenestina,

201 3962 288 4038 mill.
306 3963 387 4063 plus
401 3966 521 4041 minus
536 3967 651 4057 v1111,
663 3989 707 4040 ex
720 3988 862 4062 corpore
875 3989 1002 4038 massae
1015 3964 1239 4038 Varvariane
1256 3963 1423 4062 patrimo-

200 4075 301 4150 nium
316 4074 479 4154 Livicani
497 4087 668 4178 prastant
685 4099 753 4152 orn
770 4078 849 4152 auri
867 4077 1004 4152 solidos.
1018 4077 1115 4152 Idem
1131 4077 1170 4150 in
1186 4075 1318 4152 eodem.
1331 4077 1422 4152 Cara

201 4187 401 4286 Religiosae‚
413 4191 586 4266 coloniam
600 4217 679 4290 quae
695 4191 828 4268 dicitur
840 4192 973 4268 Pofinis
989 4191 1049 4265 via
1067 4191 1151 4282 lata,
1164 4179 1251 4266 mill.
1271 4191 1316 4266 ab
1334 4190 1421 4267 urbe

200 4301 282 4399 plus
300 4303 418 4378 minus
435 4307 507 4379 XII
525 4315 602 4401 post
618 4305 777 4379 absidam
794 4304 950 4380 basilioae
966 4303 1084 4380 sancti
1102 4305 1201 4379 Petri
1218 4305 1313 4377 intra
1331 4329 1422 4378 mas-

201 4440 277 4490 sam
296 4409 450 4492 Marulis
475 4427 620 4516 praestat
644 4443 681 4491 ar
706 4417 785 4493 auri
810 4416 948 4491 solidos.
965 4419 1056 4493 Item
1082 4416 1119 4490 in
1146 4417 1277 4492 eodem.
1294 4421 1423 4492 Eusta-

199 4529 275 4604 tbio
287 4529 507 4629 presbytero,
521 4531 774 4608 monasterinm
789 4531 904 4607 sanati
914 4531 1061 4608 Martini
1073 4531 1183 4608 situm
1198 4533 1235 4606 in
1247 4535 1421 4608 Surrento
