3646 5292
899 393 1097 460 -212-

385 531 528 584 servare
545 533 588 585 ac
604 509 777 586 venerari.
796 511 834 586 Si
859 537 931 611 qua
955 536 1040 588 vero
1064 521 1288 588 emerserunt
1312 521 1437 588 contra
1461 513 1606 587 canoni-

385 648 464 698 cam
482 623 720 722 disciplinam,
738 625 892 700 filiorum
911 651 1070 702 meorum
1089 627 1238 703 consilio
1254 627 1453 716 emendare,
1470 635 1534 700 aut
1546 651 1606 724 pa-

383 735 514 811 tienter
530 747 676 835 excepta
696 738 789 828 fidei,
805 748 869 813 aut
887 739 1101 814 Christiana
1119 741 1303 838 religionis
1324 740 1430 838 gravi
1447 739 1606 816 offensio

384 859 511 938 ne,tua
520 859 556 925 et
567 850 764 925 beatissimi
780 852 977 950 coapostoli
991 855 1045 929 tui
1060 855 1165 929 Pauli
1179 856 1424 953 patrocinante
1438 855 1606 930 interces-

384 963 481 1039 sione
495 965 657 1054 tolerare,
672 989 861 1064 sacrosque
874 989 1028 1042 canones
1041 979 1077 1043 et
1090 971 1261 1045 canoniea
1274 968 1469 1044 constituta
1488 969 1606 1042 Ponti-

384 1078 504 1169 ficum,
516 1089 558 1154 ut
570 1079 692 1153 divina
706 1089 742 1156 et
754 1079 910 1155 caelestia
929 1081 1189 1172 mandata,l)eo
1206 1081 1415 1173 auxiliante,
1428 1082 1605 1156 custodire

385 1202 427 1266 ut
444 1204 524 1290 pote
542 1197 615 1269 Deo
631 1204 667 1270 et
684 1194 750 1270 tibi
765 1194 987 1270 redditurum
1003 1219 1059 1269 me
1074 1195 1192 1269 sciens
1204 1196 1246 1270 de
1260 1195 1426 1270 omnibus
1438 1220 1517 1292 quae
1530 1219 1606 1292 pro-

386 1305 486 1381 fiteor
502 1306 703 1382 districtam
717 1307 755 1381 in
769 1307 892 1382 divino
904 1307 1036 1382 iudicio
1050 1308 1235 1396 rationem,
1247 1309 1352 1384 cuius
1369 1308 1605 1382 sanctissimae

383 1417 458 1492 sedi
476 1418 599 1491 divina
616 1420 823 1516 dignatione
841 1430 876 1496 te
894 1421 1138 1518 patrocinante
1157 1422 1336 1519 praeside0,
1353 1431 1389 1496 et
1409 1422 1525 1496 vicem
1552 1422 1606 1494 in·

382 1531 661 1606 tercessionibus
678 1533 753 1606 tuis
769 1533 953 1630 adimpleo.
971 1535 1051 1607 Eris
1068 1545 1189 1609 autem
1209 1535 1296 1608 mihi
1315 1535 1353 1608 in
1370 1533 1433 1606 illa
1452 1533 1604 1608 terribili

380 1641 495 1716 divini
509 1644 633 1720 iudicii
647 1646 703 1720 die
717 1647 890 1744 propitius
903 1646 980 1721 haec
993 1647 1149 1737 conanti,
1163 1657 1199 1722 et
1212 1646 1406 1742 diligenter
1419 1656 1604 1721 servanter

383 1757 539 1831 curanti.
561 1757 788 1832 Adiutorium
808 1783 945 1857 quoque
963 1771 1004 1835 ut
1020 1761 1178 1858 praebeas
1193 1761 1337 1837 obsecro
1354 1761 1391 1834 in
1405 1761 1473 1836 hac
1486 1784 1605 1835 corru-

381 1868 499 1966 ptibili
517 1869 592 1945 vita
610 1871 816 1962 constituto,
837 1881 878 1947 ut
891 1873 1215 1969 irreprehensibilis
1227 1899 1415 1972 appaream
1429 1884 1512 1948 ante
1524 1897 1606 1947 con·

380 1993 543 2080 spectum
562 1984 692 2060 iudicis
707 1987 867 2060 omnium
882 1986 1023 2059 Domini
1038 1986 1149 2061 nostri
1163 1987 1270 2062 lhesu
1284 1986 1420 2061 Christi
1433 1985 1518 2060 dnm
1536 1995 1604 2058 ter-

380 2091 534 2171 ribrliter
551 2097 593 2172 de
611 2097 812 2172 commissis
829 2097 1016 2173 advenerit
1040 2099 1210 2188 iudicare,
1235 2110 1277 2174 ut
1302 2101 1365 2172 fiat
1389 2123 1447 2173 me
1470 2099 1603 2172 dextrae

382 2209 495 2305 partis
509 2209 729 2306 participem,
742 2219 778 2286 et
791 2211 886 2285 inter
899 2210 1020 2285 fideles
1033 2211 1224 2308 discipulos
1237 2237 1279 2287 ac
1292 2234 1515 2286 successores
1523 2219 1603 2283 tuos

380 2346 457 2396 esse
474 2333 683 2398 consortem.
703 2325 804 2398 Hanc
821 2333 942 2399 autem
961 2324 1214 2422 professionem
1229 2351 1343 2399 meam
1358 2349 1420 2422 per
1433 2323 1484 2397 ill.
1496 2327 1603 2397 Nota·

381 2435 474 2509 rium
493 2446 529 2511 et
550 2435 772 2510 Scrinarium
792 2440 826 2511 S.
851 2441 891 2512 R.
917 2437 1101 2524 Ecclesia,
1118 2463 1174 2512 mc
1192 2437 1334 2512 iubente
1353 2435 1602 2533 conscriptam,

378 2549 518 2647 propria
535 2573 645 2623 manu
662 2549 868 2650 conscripsi,
885 2561 921 2626 et
937 2550 1003 2626 tibi
1020 2549 1121 2626 beate
1141 2551 1305 2648 Apostole
1327 2554 1432 2626 Petre
1457 2559 1492 2624 et
1510 2554 1600 2646 Apo-

378 2663 549 2738 stolorum
566 2663 727 2738 omnium
747 2664 924 2763 princeps,
941 2687 1030 2763 pura
1044 2673 1162 2738 mente
1180 2672 1216 2737 et
1228 2663 1355 2738 devota
1372 2661 1602 2750 conscientia,

377 2800 484 2873 super
497 2787 663 2851 sanctum
681 2800 809 2875 corpus
826 2787 863 2852 et
878 2776 993 2852 altare
1005 2785 1111 2850 tuum
1128 2776 1319 2852 sinceriter
1335 2775 1452 2852 offero.
1465 2779 1600 2849 Actum

377 2891 488 2964 Rome
505 2912 609 2980 anno,
628 2913 761 2978 mense,
778 2889 845 2979 die,
862 2899 898 2966 et
914 2889 1119 2982 indictione,
1136 2889 1267 2988 quibus
1283 2913 1402 2988 supra.

867 3101 1108 3186 IdlllllellI.

552 3304 600 3354 Ex
621 3301 738 3355 eodem
757 3304 866 3356 cautio
884 3304 1038 3370 Episcopi
1056 3303 1132 3356 ante
1151 3301 1426 3356 consecrationem

751 3403 785 3453 et
804 3403 874 3456 elus
894 3403 950 3468 qui
967 3403 1103 3469 pallium
1121 3401 1215 3468 petit.

471 3572 513 3644 Iu
530 3569 673 3645 nomine
692 3572 826 3644 Domui
841 3572 906 3645 Dei
922 3578 957 3646 et
975 3571 1173 3646 Salvatoris
1194 3571 1307 3644 nostri
1324 3568 1431 3643 Ihesu
1450 3569 1598 3658 Christi,

375 3705 469 3758 anno
485 3683 743 3759 incarnationis
755 3683 833 3758 eius
846 3672 898 3757 ill.
911 3709 1031 3759 mense
1045 3683 1095 3758 ill.
1109 3684 1165 3759 die
1178 3683 1228 3757 ill.
1241 3683 1434 3758 indictione
1448 3681 1498 3756 ill.
1516 3685 1599 3756 Pro-

377 3799 479 3871 mitto
495 3820 563 3892 ego
581 3797 631 3872 ill.
645 3799 842 3895 Episcopus
863 3809 987 3874 sancte
1004 3797 1165 3872 aecclesie
1183 3796 1233 3870 ill.
1250 3795 1350 3871 robis
1369 3799 1503 3869 Domno
1522 3818 1598 3869 meo

375 3911 441 3984 tibi
457 3909 662 3985 beatissimo
680 3911 731 3985 ill.
749 3914 897 3984 Summo
913 3910 1078 3986 Pontifici
1097 3921 1133 3984 et
1149 3909 1347 3984 universali
1360 3911 1475 4005 Papae,
1488 3918 1524 3981 et
1537 3931 1599 4004 per

374 4047 438 4096 vos
455 4023 569 4098 beatis
587 4023 764 4122 Apostolis
784 4027 887 4099 Petro
904 4033 941 4098 et
959 4023 1069 4097 Paulo
1086 4034 1122 4098 et
1140 4033 1273 4098 sanctae
1291 4020 1485 4097 Catholicae
1506 4026 1597 4118 Apo·

375 4134 510 4210 stolicae
526 4135 698 4210 Ecclesiae
715 4139 883 4210 Romanae
908 4136 1034 4210 devota
1060 4136 1191 4210 mentis
1216 4135 1424 4230 integritate
1450 4141 1487 4207 et
1507 4157 1597 4233 pura

377 4249 608 4339 conscientia,
622 4250 721 4324 illam
737 4249 840 4323 fidem
855 4257 890 4323 et
908 4247 1119 4344 religionem
1136 4271 1275 4345 semper
1293 4257 1413 4322 tenere
1426 4255 1462 4320 et
1475 4245 1598 4343 praedi·

375 4372 581 4461 careatque
598 4362 784 4438 defendere
801 4387 909 4460 quam
927 4360 972 4435 ab
990 4357 1169 4457 Apostolis
1183 4359 1350 4432 traditam
1364 4358 1547 4446 habemus,
1560 4366 1596 4432 et

374 4473 419 4548 ab
435 4498 559 4550 eorum
577 4473 843 4551 successoribus
859 4471 1085 4548 custoditam.
1102 4475 1234 4572 Sancta
1259 4495 1397 4569 quoque
1423 4474 1493 4545 VII
1517 4470 1596 4544 uni-
