3582 5288
612 459 615 464 ,
728 390 924 453 -103-

208 512 333 587 ternis.
352 511 502 585 Prebeat
527 533 614 606 ergo
631 519 751 586 vestra
769 507 911 586 dilectio
928 512 964 584 in
983 511 1048 586 hoc
1066 521 1162 612 statu
1180 513 1291 612 posite
1315 516 1434 613 myni-

210 624 362 700 sterium
379 623 597 698 visitationis
621 623 792 714 acclosiae‚
812 634 848 700 et
870 635 934 699 aut
958 625 1201 700 conveniendo
1218 627 1351 724 pariter
1372 637 1436 703 aut

210 739 373 815 vicissim
392 751 496 837 prout
513 739 668 838 qualitas
685 763 875 837 rerumque
888 765 997 814 causa
1011 740 1219 838 poposceris,
1232 740 1355 813 divina
1369 742 1448 818 mi·.

207 854 317 928 steria
335 863 565 950 repraeseutet
582 852 749 950 ingratis,
773 877 818 927 ne
843 879 926 929 cum
952 852 1092 926 zizania
1116 853 1320 928 devitamus
1344 853 1435 927 divi-

168 1061 172 1071 Ι
207 993 253 1042 na
272 969 461 1044 videamur
478 970 657 1046 frumenta
674 969 833 1068 periisse.

761 1195 875 1280 CXLI.

248 1444 259 1504 ,“
300 1405 1432 1528 GunnsrvsCelcstinoEpisoopo.Intercetera.1nccolesiabeati

203 1539 381 1636 Martyris
399 1537 609 1627 Eleutherii,
626 1563 706 1637 quae
723 1538 760 1620 in
780 1537 1061 1615 Sithomensium
1088 1540 1247 1614 civitatis
1265 1539 1432 1638 parochia

203 1651 374 1748 probatur
391 1677 469 1728 esse
486 1661 703 1743 constructa,
720 1652 903 1728 Iulianum
920 1655 1109 1730 diaconum
1128 1655 1158 1727 si
1175 1654 1228 1728 nil
1249 1656 1288 1728 in
1313 1663 1432 1754 coest
1492 1681 1495 1689 ¹

204 1767 297 1862 quod
313 1777 438 1842 contra
455 1789 632 1842 canonum
654 1766 778 1842 veniat
800 1765 966 1842 instituta
986 1765 1200 1865 presbyterii
1222 1767 1360 1857 honore
1375 1768 1432 1842 de·

207 1878 355 1953 corabis.
386 1880 553 1955 Sciturus
581 1905 664 1955 eum
693 1880 892 1956 visitatoris
916 1890 952 1955 te
976 1879 1119 1954 nornine
1144 1903 1214 1954 non
1240 1880 1432 1956 cardinalis

202 2017 342 2068 creasse
360 1995 546 2090 pontificis.
563 1997 659 2071 Idem
678 1995 809 2071 Sabino
826 1994 1007 2091 Episcopo.
1025 1996 1186 2080 Quarum
1208 1991 1429 2068 defensorem

204 2105 393 2180 diaconum
411 2108 555 2184 sibimet
571 2110 773 2186 consecrari
791 2107 945 2209 populus
963 2107 1174 2197 Crumitane
1192 2105 1353 2180 civitatis
1374 2131 1430 2181 err·

204 2217 329 2344 poscit,
346 2218 413 2294 hoo
430 2245 517 2316 ergo
535 2221 565 2294 si
579 2239 650 2295 non
663 2222 822 2320 estquod
835 2221 913 2297 eius
924 2243 1072 2347 persone
1090 2219 1340 2322 possitopponi
1358 2218 1430 2293 dia·

203 2354 298 2405 couu
312 2344 458 2428 provec
460 2353 540 2409 rone
553 2335 744 2411 decorabis
758 2341 807 2412 U
793 2335 961 2410 tnovorit
978 2345 1098 2408 tamon
1116 2333 1292 2410 dilectiot
1277 2343 1355 2425 ua,
1362 2333 1429 2410 hoc

203 2470 242 2520 se
259 2446 431 2572 delegant
417 2447 513 2524 tibus
531 2451 630 2526 uobis
648 2451 778 2549 exequi
803 2449 928 2523 visitat
929 2449 1001 2523 oris
1025 2447 1150 2539 officio,
1166 2469 1236 2523 non
1233 2431 1428 2591 potestate

201 2559 334 2657 proprir
325 2559 526 2638 sacerdot
498 2574 594 2638 trs
907 2584 910 2589 ·

754 2791 887 2921 OXLII.

297 2959 470 3114 Pelagius
487 3019 637 3094 Iohanni
651 3020 749 3094 Pet
704 3019 817 3097 tucio.
830 3021 930 3093 Inter
942 3043 983 3102 ce
983 3027 1070 3094 tera
1084 3018 1370 3094 consecraret
1315 3026 1370 3093 est
1382 2981 1428 3098 si·

200 3132 277 3206 mul
294 3147 446 3208 sacrare.
465 3135 534 3208 Sed
549 3133 594 3207 ab
608 3135 783 3209 Ecclesiae
800 3133 1001 3210 visceribus
1019 3133 1158 3212 divisus
1175 3141 1210 3208 et
1196 3131 1267 3206 tab
1282 3137 1428 3231 Aposto-

201 3247 271 3322 lica
295 3247 384 3322 Sede
408 3257 605 3344 separatus,
622 3248 794 3324 dissecrat
811 3247 928 3346 potius
946 3248 1013 3322 iste
1035 3271 1117 3352 non
1131 3250 1426 3324 consecratione

200 3383 288 3455 ergo
300 3370 487 3435 execratus
497 3371 651 3450 tantum,
662 3387 731 3436 non
743 3361 1188 3461 consecratuspotuitdici,
1197 3385 1304 3459 quom
1317 3362 1426 3440 simul

199 3501 334 3551 secum
341 3499 481 3551 sacrare
499 3477 537 3550 in
551 3477 703 3552 unitate
708 3479 880 3552 coniunct
882 3478 913 3550 is
864 3475 1094 3552 tmembris
1108 3499 1179 3551 non
1193 3475 1358 3571 agnoscit
1371 3499 1426 3551 ec·

201 3588 324 3664 closia.
341 3589 438 3663 Idem
453 3589 539 3664 Viat
525 3590 645 3666 toriet
630 3591 831 3667 tt'Pancra
805 3599 854 3666 tro
867 3590 969 3664 illust
971 3589 1079 3664 ribus.
1096 3592 1154 3664 Int
1115 3598 1195 3664 nter
1212 3598 1340 3664 cetera.
1358 3591 1427 3666 Sed

200 3703 286 3801 quia
304 3729 343 3778 se
359 3703 404 3778 ab
421 3703 618 3778 universali
637 3705 790 3780 ccclesia
808 3705 982 3794 diviserit
958 3705 1095 3780 tsiout
1080 3705 1192 3780 tbeat
1178 3713 1237 3778 tus
1250 3705 1426 3801 Augusti·

200 3843 270 3891 nus
287 3817 348 3890 ait.
366 3817 491 3891 Omnis
508 3817 707 3894 catholicus
725 3844 874 3895 securus
891 3845 970 3894 cam
988 3827 1125 3916 partem
1142 3819 1351 3909 detestatur,
1363 3819 1424 3905 cui

197 3931 387 4008 ecclesiam
405 3931 644 4007 universalem
662 3933 863 4030 apostolicis
881 3933 1024 4010 sedibus
1038 3931 1235 4006 roboratam
1249 3956 1320 4008 non
1332 3955 1425 4008 com·

199 4047 385 4121 municare
402 4046 596 4142 cognoscit.
612 4047 710 4122 Idem
727 4045 1071 4145 iu.eadem.epist01a
1088 4054 1165 4144 post
1186 4070 1310 4145 pauca.
1336 4049 1424 4122 Bea-

200 4171 258 4235 tus
275 4145 508 4256 Augustinus
525 4161 690 4236 enuntiat
708 4162 749 4236 de
767 4162 911 4235 talibus
930 4161 999 4248 Qui
1016 4160 1209 4234 advorsum
1234 4161 1424 4236 auctorita·

198 4284 270 4350 tem
287 4275 432 4348 illarum
451 4274 684 4352 ecclesiarum
698 4301 777 4374 quae
789 4275 1000 4374 apostolicas
1013 4275 1121 4351 Sedes
1134 4285 1170 4350 et
1182 4273 1349 4372 epistolas
1366 4299 1424 4350 ac-

199 4389 317 4487 cipere
334 4398 549 4476 meruerunt
562 4399 696 4465 temere
712 4391 827 4466 credit
844 4390 1145 4466 immanissimum
1159 4388 1339 4466 scismatis
1355 4387 1424 4463 cri·

200 4527 278 4578 men
297 4529 317 4575 a
336 4527 374 4578 se
393 4502 597 4602 propulsare
614 4527 684 4579 non
704 4505 841 4602 poterit.
892 4571 896 4577 .
1380 4492 1382 4496 ⁵
