3642 5294
758 404 909 464 ..e-

221 525 271 604 Ut
284 523 333 596 'ab
346 522 514 598 omnibus
531 523 754 620 Coepiscopis
771 521 894 597 eadem
912 521 1088 596 discussio
1105 524 1168 596 fiat
1184 523 1278 598 inter
1303 524 1444 622 provin·

293 634 396 710 eiam.
415 636 501 733 Cap.
523 638 597 710 LX.
615 643 652 710 et
664 637 865 709 LXXVIII.

221 752 274 836 De
286 749 464 824 iudicibus
480 749 607 824 dandis
623 749 668 822 ab
686 747 889 848 Apostolica
906 748 1005 824 Sede.
1020 749 1104 847 Cap.
1120 752 1254 824 XVIII.
1267 759 1302 826 et
1315 755 1396 826 XX.
1409 762 1445 826 et

138 937 141 942 ,
292 867 408 940 XXII.
425 867 588 938 XLVIII.
606 865 709 938 CLV.
728 865 924 940 CCXXVI.

224 979 275 1050 De
290 975 559 1051 accusatoribus
584 975 737 1051 testibus
754 985 790 1050 et
807 975 849 1052 de
873 977 1052 1052 accusatis
1077 987 1113 1051 et
1137 977 1382 1052 defensoribus
1407 989 1443 1054 et

294 1090 380 1164 item
399 1091 441 1166 de
454 1090 635 1165 iudicibus
649 1099 684 1164 et
698 1091 793 1166 omni
809 1090 981 1166 iudicario
993 1089 1125 1164 ordine.
1140 1091 1306 1188 Capitula
1320 1093 1442 1168 CLVI.

297 1204 388 1288 libro
405 1215 540 1303 quarto.

220 1321 271 1394 De
289 1319 537 1396 executoribus
554 1319 680 1393 dandis
697 1318 743 1392 ab
763 1319 894 1394 eadem.
913 1320 996 1416 Cap.
1015 1319 1136 1393 CLVI.
1158 1320 1316 1393 CLXIII.
1343 1331 1379 1395 et
1405 1321 1440 1393 in

295 1435 363 1506 111⁰
381 1432 470 1506 libro
488 1435 615 1506 LXXI.
633 1433 744 1508 CXII.
764 1433 896 1508 CXIII.

225 1549 279 1623 De
294 1547 413 1622 dubiis
431 1548 546 1624 rebus.
564 1549 649 1646 Cap.
667 1550 743 1625 XC.
761 1551 818 1625 CI.
837 1549 1038 1622 CXXXIII.
1505 1623 1507 1628 ,

223 1663 322 1748 Quod
338 1661 590 1759 Episcoporum
609 1663 744 1738 iudicia
762 1661 972 1759 Apostolicae
986 1661 1087 1736 Sedis
1104 1662 1317 1738 auctoritate
1330 1663 1443 1750 finita,

293 1774 337 1848 ad
355 1775 514 1851 eamdem
534 1777 659 1850 referri
676 1776 837 1863 debeant,
850 1785 891 1848 ut
914 1775 963 1847 ibi
989 1775 1071 1849 dein
1088 1775 1337 1850 terminentur.
1357 1778 1442 1874 Cap.

295 1893 403 1970 LVII.
421 1899 457 1964 et
474 1893 618 1966 LVIIII.

225 2005 276 2076 De
310 2002 493 2100 Episcopis
517 2003 675 2100 expulsis
704 2004 836 2103 absque
862 2005 938 2080 eius
963 2003 1149 2080 sententia.
1175 2006 1260 2102 Cap.
1286 2007 1441 2078 XVIIII.

297 2119 480 2196 LXXIIII.
497 2120 680 2192 LXXVII.

224 2233 277 2306 De
294 2230 349 2305 his
366 2231 427 2328 qui
445 2253 503 2304 eos
521 2230 714 2328 expellunt.
733 2235 817 2330 Cap.
836 2235 987 2307 XVIIII.
1006 2241 1041 2306 et
1058 2234 1222 2306 LXXVI.

225 2349 276 2424 De
288 2344 586 2443 appellationibus
603 2345 858 2443 Episcoporum
876 2345 920 2418 ad
946 2343 1183 2442 Apostolieanr
1203 2343 1340 2418 Sedem.
1360 2345 1444 2441 Cap.

298 2464 413 2534 VIIII.
430 2470 466 2536 et
483 2463 527 2533 X.
543 2469 582 2534 et
597 2463 661 2534 XI.
678 2463 830 2534 XVIIII.
847 2461 956 2533 LIIlI.
973 2466 1009 2533 et
1026 2461 1152 2531 LVIII.

225 2575 326 2662 ouod
350 2574 598 2672 appellationis
623 2598 751 2652 causas
776 2574 851 2671 ipsa
882 2572 984 2646 finire
1009 2571 1136 2668 possit,
1161 2571 1269 2646 etiam
1299 2570 1445 2646 absente

296 2689 478 2763 Pontifioe.
496 2689 580 2786 Cap.
598 2691 706 2762 LlIII.

229 2806 284 2882 De
300 2803 421 2882 eadem
440 2825 487 2878 re.
505 2803 590 2900 Cap.
608 2805 699 2876 LXI.
716 2805 897 2876 LXVIIII.
915 2805 1026 2877 LXX.
1039 2804 1184 2876 LXXII.

225 2919 276 2992 De
293 2917 465 3014 Episcopo
481 2925 649 2992 accusato
661 2940 731 2990 non
746 2915 947 3014 appellante
961 2915 1201 3013 Apostolicam
1211 2915 1446 3013 SedemCap.

281 3033 465 3110 CXXVI.
535 3047 536 3050 ’
605 3081 609 3086 -

225 3148 277 3220 De
318 3155 464 3220 evocato
505 3145 676 3244 Episcopo
708 3145 753 3218 ab
788 3143 988 3242 Apostoliea
1022 3143 1122 3218 Sede.
1156 3145 1240 3242 Cap.
1275 3147 1383 3218 LIIII.
1409 3154 1445 3218 et

231 3298 234 3302 ·
301 3259 535 3337 CCXXXVI.

226 3373 278 3446 De
293 3371 494 3469 appellante
511 3371 556 3445 ab
573 3371 705 3446 eadem.
724 3373 808 3469 Cap.
827 3373 993 3448 CXXVI.
1011 3375 1194 3450 CXXVII.

226 3488 272 3563 Et
288 3495 330 3560 ut
346 3484 437 3560 alter
454 3485 648 3582 Episcopus
666 3509 736 3560 non
753 3485 938 3564 ordinetur
961 3489 998 3561 in
1016 3490 1098 3565 sede
1122 3489 1221 3564 illius
1238 3491 1343 3564 euius
1366 3515 1446 3565 cau·

301 3625 377 3673 sam
395 3599 509 3697 ipsam
527 3600 683 3674 nondum
701 3600 830 3674 finivit.
848 3604 932 3700 Cap.
950 3607 995 3678 X.
1013 3607 1111 3678 XXI.
1130 3606 1239 3677 LVII.
1255 3606 1382 3676 LVIII.

229 3715 277 3790 Ut
293 3722 443 3788 uocatus
461 3713 656 3810 Episcopus
673 3713 718 3787 ad
735 3739 836 3788 suam
855 3716 974 3790 sedem
999 3739 1069 3790 non
1098 3717 1217 3790 redeat
1242 3715 1311 3789 nisi
1338 3741 1446 3790 eausa

301 3853 366 3902 sua
384 3837 538 3925 peraeta.
556 3829 641 3925 Cap.
657 3831 766 3902 LIIII.

226 3943 274 4016 Ut
291 3951 434 4038 peraeta
451 3966 560 4018 causa
577 3965 647 4016 non
666 3941 787 4016 redeat
803 3943 936 4040 absque
955 3944 1166 4042 Apostolicis
1191 3944 1331 4020 litteris.
1356 3947 1446 4018 Item

298 4054 336 4128 in
353 4055 474 4130 eodem
493 4057 578 4152 Cap.

230 4169 328 4258 Quod
344 4169 389 4242 ab
414 4169 578 4244 omnibus
603 4171 779 4269 oppressis
805 4173 1010 4271 Apostolica
1036 4174 1125 4250 Sede
1150 4183 1185 4247 et
1211 4174 1442 4249 Sacerdotem

302 4283 433 4358 iudicio
450 4283 621 4382 appellari
640 4285 758 4382 possit.
777 4287 861 4384 Cap.
879 4290 1043 4362 XLVIII.
1061 4290 1205 4362 LVIIII.

234 4399 280 4472 lle
301 4397 469 4591 Chppoplulil
494 4397 641 4495 capiunt
674 4399 860 4538 venientes
890 4401 934 4536 ad
968 4401 1137 4486 eamdem.
1161 4399 1265 4500 Cap.
1300 4403 1445 4538 LXXII.
