3646 5292
756 377 953 441 -199-

240 495 441 572 tonsoribus
451 499 533 587 vn,
540 497 603 595 qui
612 507 753 573 ostensa
766 521 841 573 suae
853 499 1082 598 experientiae
1095 501 1251 578 utilitate
1264 501 1467 600 placuerint

239 609 371 685 honore
381 608 580 706 regionario
590 609 811 687 decorentur.
823 613 917 699 Quos
927 612 1085 710 quolibet
1093 638 1156 713 per
1164 613 1363 690 absentiam
1377 618 1468 691 Pon·

238 721 347 798 tiliois
363 731 400 797 et
416 722 560 798 sedendi
576 723 615 796 in
631 733 811 800 conventu
833 724 1046 801 elericorum
1071 726 1202 802 habere
1218 727 1402 804 licentiam
1428 737 1465 804 et

238 836 382 911 honoris
406 836 464 910 sui
483 836 675 935 privilegia
693 838 730 912 in
752 837 919 913 omnibus
940 839 1136 915 statuimus
1157 840 1324 916 obtinere.
1346 845 1466 918 Prete-

241 975 301 1025 rea
319 950 349 1024 si
368 949 451 1049 quis
467 950 638 1049 propioris
656 951 774 1026 looum
798 952 948 1027 veniens
970 953 1008 1026 in
1026 952 1097 1027 alia
1114 953 1262 1030 fortasse
1279 955 1463 1054 provincio

238 1075 381 1163 propter
404 1064 598 1140 utilitatem
625 1067 802 1165 propriam
828 1067 940 1162 degit,
965 1065 1064 1141 hunc
1085 1091 1230 1143 necesso
1255 1077 1309 1143 est
1334 1067 1464 1165 prima-

238 1189 298 1254 tus
307 1179 385 1255 loco
395 1205 456 1280 per
465 1179 583 1253 omnia
596 1205 734 1270 curare,
744 1190 786 1256 ut
794 1181 855 1256 ille
868 1179 963 1279 prior
976 1179 1201 1254 defensorum
1214 1180 1374 1255 omnium
1387 1204 1463 1278 pos-

239 1293 288 1368 sit
304 1293 469 1383 existere,
486 1293 547 1390 qui
565 1302 601 1368 et
618 1303 700 1369 ante
712 1295 890 1394 prioratus
907 1293 1024 1368 locum
1042 1292 1080 1366 in
1098 1292 1351 1368 ecclesiasticis
1367 1292 1464 1368 utili·

101 1483 103 1488 ,
234 1405 370 1481 tatibus
378 1405 555 1504 obsequiis
569 1406 753 1482 Pontificio
765 1430 836 1481 non
849 1406 988 1482 destitis
1001 1431 1064 1505 per
1074 1405 1234 1482 sedulam
1246 1407 1460 1504 presentiam

235 1544 451 1618 permanere.
464 1522 550 1594 Haeo
563 1520 685 1619 itaque
697 1520 962 1597 constitutionis
975 1529 1106 1594 nostroe
1116 1519 1270 1609 decreta,
1278 1521 1460 1596 neminem

237 1633 450 1708 Pontificum
468 1633 506 1706 io
522 1641 637 1707 totum
654 1642 839 1730 partemve
856 1631 1016 1732 qualibet
1032 1632 1215 1708 occasione
1231 1631 1387 1708 convelli
1404 1632 1461 1710 de·

236 1746 417 1822 cernimus
433 1745 493 1821 vel
511 1745 654 1819 mutari.

776 1971 919 2058 lelll.

330 2199 528 2297 Gregorius
540 2204 646 2275 Petro
659 2199 881 2278 Subdiocono
891 2200 1039 2299 Syoiliae
1051 2201 1095 2276 de
1107 2199 1270 2275 diversis.
1283 2201 1382 2273 Inter
1394 2222 1461 2274 οω-

236 2324 322 2391 tera.
335 2317 533 2390 Romanum
547 2314 766 2390 defensorem
780 2313 818 2387 in
832 2315 953 2412 gratia
961 2313 1189 2389 familiariter
1203 2313 1331 2410 recepi,
1340 2334 1459 2387 coram

235 2430 329 2506 clero
355 2429 576 2528 polypticum
601 2427 742 2516 deduxi,
766 2426 1032 2526 presbyterium
1058 2426 1092 2501 ei
1108 2424 1204 2515 auxi,
1221 2424 1260 2498 in
1277 2423 1354 2500 loeo
1375 2448 1458 2500 eum

205 2561 210 2566 '
235 2541 406 2640 superiori
424 2542 517 2617 inter
533 2540 734 2616 defensores
750 2542 862 2640 posui,
887 2542 1080 2618 colaudans
1100 2565 1220 2618 coram
1237 2539 1404 2616 omnibus
1420 2541 1459 2614 fi-

234 2655 313 2730 dem
330 2654 418 2745 eius,
435 2654 519 2754 quia
535 2655 586 2730 ita
602 2679 640 2730 se
657 2655 694 2728 in
712 2655 878 2754 obsequio
895 2664 957 2730 tuo
974 2654 1126 2731 fideliter
1149 2654 1315 2752 gesserit.
1342 2656 1456 2741 Quem

235 2767 366 2846 iccirco
382 2769 428 2844 ad
443 2779 480 2845 te
496 2768 671 2846 caeleriter
688 2769 937 2846 retransmisit.

796 2995 900 3081 lxv.

330 3221 504 3318 Gregorio
522 3219 634 3296 Probo
651 3220 792 3296 Abbati.
809 3224 908 3297 Inter
924 3230 1053 3298 cetera.
1070 3223 1230 3311 Quodam
1243 3223 1398 3298 dicdum
1412 3223 1457 3298 de

234 3333 427 3409 ordinando
444 3333 657 3409 monasterio
674 3334 902 3432 ouipraeesee
922 3333 1116 3410 dinosceris
1128 3360 1211 3410 oum
1225 3334 1355 3410 vestris
1372 3332 1457 3408 filiis

233 3456 471 3524 tractaremus
486 3457 593 3546 atque
610 3447 673 3521 diu
690 3457 810 3546 eptam
835 3471 1020 3546 personam
1038 3448 1125 3524 huic
1146 3447 1260 3524 officio
1284 3471 1457 3546 quaerere-

235 3586 326 3651 mus,
342 3585 387 3636 ex
398 3560 615 3658 improvviso
628 3571 662 3636 te
675 3571 711 3637 te
726 3561 953 3658 ingrediente
966 3561 1062 3637 cordi
1076 3571 1197 3637 nostro
1209 3570 1245 3638 et
1257 3584 1379 3636 eorum
1393 3559 1455 3658 qui

232 3675 416 3750 nobiscum
434 3674 478 3748 od
494 3675 723 3750 tractandum
740 3675 891 3750 aderant
904 3673 1023 3750 subito
1039 3683 1166 3750 natum
1190 3683 1246 3750 est
1263 3681 1304 3748 ut
1320 3680 1356 3749 te
1380 3670 1456 3747 illic

234 3789 406 3866 Abbatem
423 3790 497 3866 Deo
513 3787 662 3888 propitio
678 3787 895 3865 constituere
911 3787 1128 3865 deberemus

787 4011 910 4098 blllll.

329 4240 526 4336 Gregorius
538 4239 688 4314 Iohanni
702 4239 872 4340 Episcopo
885 4240 1146 4315 Panormitano.
1158 4241 1258 4314 Inter
1272 4245 1400 4314 cetera.
1413 4240 1453 4312 Si

234 4353 318 4452 quid
335 4354 452 4451 igitur
468 4354 512 4430 de
525 4377 749 4453 quocumque
762 4352 901 4430 Glerioo
913 4353 958 4428 ad
974 4379 1079 4430 aures
1092 4362 1173 4429 tuae
1185 4353 1350 4452 pervenit
1361 4351 1454 4451 quod

234 4476 272 4544 te
288 4466 381 4543 iuste
399 4467 509 4568 possit
525 4467 711 4559 offendere,
728 4467 834 4544 focile
852 4491 896 4544 ne
913 4468 1048 4559 credas,
1064 4491 1131 4544 neo
1146 4468 1191 4544 ad
1207 4464 1404 4542 vindictam
1416 4474 1453 4542 to
