3618 5316
912 433 952 448 -
978 400 1043 464 aaa
1069 434 1108 446 -

399 517 590 594 solidorum
608 521 698 594 auri.
709 519 809 594 Idem
823 519 860 592 in
874 520 993 596 eodem
1012 519 1057 594 ad
1070 520 1318 612 Valerianum,
1331 532 1367 598 et
1382 521 1548 597 Liberum
1562 546 1628 598 no-

397 631 807 723 tariumMonasterium
820 633 936 716 sancti
947 633 1080 730 Angeli
1094 634 1302 729 inClaiano,
1310 626 1404 732 apud
1413 635 1627 738 Firmanam

398 744 594 834 civitatem,
603 745 694 820 iuris
706 745 800 821 beati
812 746 908 821 Petri
918 756 981 822 est.
990 747 1087 822 Idem
1098 747 1135 820 in
1149 749 1332 837 eodem,ad
1342 749 1548 828 Munerium
1561 773 1629 824 no-

396 858 540 948 tarium,
557 859 709 932 fundum
724 867 923 956 paternum,
935 867 971 935 ct
984 859 1169 956 gaianum,
1182 869 1217 934 et
1230 859 1443 958 ciprianum,
1457 869 1495 934 et
1506 869 1629 958 pater·

396 995 485 1046 num
499 980 535 1047 et
547 971 772 1046 arbetianum
786 970 921 1046 locasse
934 971 1129 1047 invenitur.
1142 973 1239 1047 Idem
1253 973 1291 1046 in
1301 973 1433 1061 eodem,
1443 973 1626 1048 Gaudioso

396 1085 544 1176 notario,
553 1095 590 1162 et
599 1085 790 1160 Anatholio
803 1085 1141 1181 magistromilitum
1151 1085 1422 1182 Neapolitanam
1436 1085 1626 1160 ciuitatem

396 1197 590 1292 regendam
604 1199 806 1287 committit,
815 1223 898 1272 eum
912 1199 1078 1272 omnibus
1091 1199 1122 1274 ei
1136 1198 1408 1298 pertinentibua,
1417 1209 1453 1273 et
1465 1199 1626 1296 qualiter

394 1311 523 1386 debent
540 1313 619 1408 regi
633 1312 777 1410 scriptis
792 1313 969 1386 informat.
983 1312 1081 1387 Idem
1095 1311 1132 1384 in
1147 1312 1266 1392 eodem
1281 1312 1325 1385 ad
1337 1312 1558 1408 Epifanium,
1570 1311 1625 1386 le-

393 1424 495 1519 gitur
512 1425 648 1501 locasse
661 1449 816 1500 massam
830 1426 1023 1502 Stracesim
1037 1451 1120 1526 oum
1135 1436 1235 1523 prato
1248 1449 1311 1500 suo
1324 1437 1359 1501 et
1371 1425 1537 1499 omnibus
1550 1427 1623 1500 sibi

393 1537 666 1632 pertinentibus,
676 1538 829 1636 positam
839 1540 877 1610 in
890 1538 1070 1612 territorio
1079 1539 1394 1616 Centumcellensi.
1405 1539 1473 1613 Sed
1486 1541 1624 1614 etGre-

393 1650 518 1744 gorius
536 1649 655 1724 iunior
672 1651 758 1726 item
776 1650 814 1724 in
832 1675 897 1725 suo
915 1651 1021 1746 regit,
1038 1649 1132 1726 locat
1154 1653 1191 1724 in
1216 1654 1378 1726 XXVIII
1398 1652 1505 1725 annis
1525 1656 1624 1725 Ana·

391 1763 500 1839 tholio
517 1766 661 1842 tribuno
678 1767 830 1840 fundum
849 1764 1031 1840 Meianula
1050 1791 1133 1840 cum
1151 1765 1245 1840 casis
1263 1775 1299 1840 et
1320 1766 1436 1840 vineis
1454 1775 1490 1840 et
1506 1767 1621 1838 omni-

391 1876 551 1953 bussuis
568 1880 804 1978 pertinentiis,
821 1902 1025 1976 excerpere
1043 1903 1169 1952 massae
1190 1878 1351 1964 Peltiana
1369 1879 1545 1953 territorio
1573 1887 1620 1952 A·

391 1993 562 2086 magnino,
572 1992 983 2090 patrimonioLavicauo,
991 1991 1058 2066 sub
1071 2017 1192 2066 annue
1201 1992 1369 2092 pensione
1379 2003 1523 2090 praestat
1536 2017 1618 2090 csq.

390 2103 541 2202 siliquas
558 2107 647 2180 auri.
665 2105 767 2180 Idem·
780 2106 818 2178 in
837 2105 971 2182 eodem.
986 2104 1192 2180 Exhilarato
1209 2114 1245 2179 et
1263 2105 1440 2180 Gaudioso
1457 2104 1550 2181 locat
1576 2117 1619 2180 ut

390 2241 499 2314 supra
512 2219 641 2308 casale,
650 2219 804 2318 pondera
815 2217 1015 2314 Agellioue,
1024 2228 1059 2292 et
1072 2219 1190 2294 casale
1203 2219 1619 2316 Pompeianumoaleia-

390 2353 490 2421 num,
502 2342 537 2407 et
550 2333 702 2406 fundum
717 2335 894 2421 Fortunae,
911 2331 1041 2431 positos
1058 2330 1236 2406 territorio
1249 2332 1323 2407 foro
1337 2331 1555 2420 Claudiensi,
1568 2357 1617 2407 ex

389 2465 532 2540 corpore
550 2471 688 2534 massae,
705 2445 842 2534 tusciae,
858 2446 1094 2541 suppensione
1112 2467 1137 2514 a
1155 2471 1188 2518 v.
1205 2445 1285 2519 auri
1303 2445 1440 2520 solidos.
1457 2447 1553 2522 Idem
1576 2448 1616 2520 iu

388 2557 520 2632 ecdem.
530 2557 775 2633 Constantina
788 2557 934 2632 honeste
948 2559 1091 2633 femina
1105 2557 1199 2633 locat
1211 2567 1252 2632 ut
1266 2585 1374 2658 supra
1387 2559 1537 2632 fundum
1552 2562 1615 2634 Sa-

388 2668 538 2760 lianum,
551 2696 634 2746 cum
654 2671 818 2746 omnibus
832 2670 908 2744 suis
925 2671 1160 2768 pertinentiis,
1179 2671 1288 2744 situm
1303 2671 1341 2744 in
1355 2672 1533 2746 territorio
1550 2672 1616 2748 Oe·

388 2784 515 2876 sinate,
528 2785 571 2859 ad
581 2796 735 2860 montem
750 2785 810 2882 qui
824 2785 959 2860 dicitur
972 2785 1111 2872 Lutati,
1124 2785 1168 2858 ab
1181 2806 1252 2857 uno
1265 2783 1374 2858 latere
1388 2785 1499 2859 situm
1512 2785 1614 2858 iuxta

387 2899 539 2973 fundum
556 2898 827 2987 Carbasianum,
844 2897 888 2972 ab
912 2897 993 2984 alic,
1015 2897 1167 2970 fundum
1185 2897 1380 2998 Anianum,
1397 2923 1418 2970 a
1443 2899 1548 2972 tertio
1565 2898 1624 2972 la··

386 3021 461 3087 tere
475 3012 608 3088 fundus
622 3013 683 3110 qui
697 3012 829 3087 dieitur
847 3013 1028 3101 Gumaris,
1043 3037 1086 3086 ex
1099 3035 1242 3109 corpore
1255 3011 1461 3108 patrimonii
1474 3015 1614 3095 Raram

386 3125 493 3214 natis,
505 3125 596 3200 iuris
610 3129 776 3200 Romanae
794 3125 964 3201 aecclesiae
977 3134 1122 3224 praestat
1134 3125 1322 3198 annuatim
1336 3143 1367 3197 ar
1381 3124 1613 3210 aurisolidos

386 3237 484 3312 Idem
503 3238 542 3311 in
559 3239 689 3314 eodem.
706 3239 879 3337 Lupicino
904 3237 1124 3337 presbytero,
1149 3237 1218 3311 duo
1243 3237 1469 3328 monasteria,
1493 3237 1613 3313 silicet

389 3349 504 3425 sancti
522 3351 650 3426 Leonis
666 3351 878 3427 confessoris
895 3361 931 3427 et
948 3349 1135 3448 pontificis,
1152 3359 1188 3424 et
1205 3351 1321 3426 sancti
1347 3351 1523 3438 Severini,
1539 3351 1611 3426 sita

385 3462 482 3536 intra
500 3473 658 3538 castrum
678 3474 796 3540 monte
813 3467 971 3554 Feretm,
984 3487 1067 3538 oum
1082 3461 1247 3536 omnibus
1263 3463 1315 3537 eis
1332 3463 1567 3560 pertinentiis.
1579 3467 1612 3538 I-

385 3574 472 3650 dem'
484 3575 522 3648 in
535 3575 661 3652 eodem
678 3576 773 3653 locat
790 3577 936 3667 Blando,
949 3585 990 3650 ut
1004 3599 1123 3672 supra,
1137 3600 1289 3666 massam
1303 3577 1485 3652 iuniorum
1502 3579 1611 3677 patri-

384 3689 501 3764 monio
517 3688 697 3766 Lauicano
714 3689 780 3766 sub
797 3715 919 3764 annua
932 3689 1099 3787 pensione
1112 3711 1188 3787 esq.
1201 3690 1281 3765 auri
1295 3690 1496 3766 solidorum.
1509 3692 1607 3768 Idem

331 3807 335 3812 ’
385 3803 423 3875 in
442 3801 573 3878 eodem.
591 3801 786 3879 Eustachio
803 3803 1022 3902 presbytero,
1039 3802 1192 3877 fundum
1210 3827 1293 3878 casa
1314 3805 1453 3879 cantari
1470 3815 1506 3880 et
1526 3806 1607 3879 frm-

383 3913 469 3987 dum
487 3913 679 4004 vivarium,
696 3940 739 3990 ex
755 3941 884 3990 massae
909 3939 1052 4013 corpore
1076 3913 1201 3988 silanis
1219 3925 1255 3990 et
1276 3918 1328 3990 VI
1353 3915 1480 3992 uncias
1504 3917 1606 3992 lundi

381 4026 546 4101 Lauretia
562 4051 645 4102 cum
665 4026 805 4103 Oliveto
818 4052 893 4118 suo,
910 4053 954 4112 ex
967 4051 1111 4125 corpore
1121 4027 1288 4125 praedicte
1303 4041 1606 4127 massaeproestan·

383 4149 439 4215 tes
457 4140 663 4237 pensionem
681 4166 748 4213 aru
767 4168 813 4216 m.
830 4141 909 4215 auri
926 4141 1066 4229 solidae,
1079 4141 1139 4215 sed
1153 4151 1189 4216 et
1200 4141 1352 4216 fundum
1367 4143 1605 4234 Marcianum,

382 4275 427 4325 ex
441 4275 584 4352 corpore
598 4279 723 4328 massoe
737 4254 933 4344 Gallorum,
947 4253 1159 4352 patrimonio
1172 4255 1362 4345 Lauicano,
1374 4267 1603 4354 praestantem

383 4383 401 4436 a
419 4367 499 4442 auri
517 4366 679 4465 siliquas,
695 4376 732 4442 et
744 4367 916 4442 coloniam
935 4367 1039 4441 sitam
1054 4365 1093 4440 iu
1105 4365 1215 4442 fundo
1228 4366 1393 4444 Offiliano
1409 4393 1492 4445 cum
1505 4381 1606 4470 prato

379 4485 417 4554 et
428 4476 575 4554 saliceto
586 4500 651 4553 suo
664 4489 891 4575 praestantem
905 4503 978 4576 arq,
990 4480 1070 4554 auri
1084 4481 1246 4578 siliquas,
1259 4505 1457 4582 excerpere
1476 4508 1603 4558 massa
