<?xml version="1.0" encoding="UTF-8"?>
<!DOCTYPE html PUBLIC "-//W3C//DTD XHTML 1.0 Transitional//EN"
    "http://www.w3.org/TR/xhtml1/DTD/xhtml1-transitional.dtd">
<html xmlns="http://www.w3.org/1999/xhtml" xml:lang="en" lang="en">
 <head>
  <title>
</title>
<meta http-equiv="Content-Type" content="text/html;charset=utf-8" />
  <meta name='ocr-system' content='tesseract 3.04.00' />
  <meta name='ocr-capabilities' content='ocr_page ocr_carea ocr_par ocr_line ocrx_word'/>
</head>
<body>
  <div class='ocr_page' id='page_1' title='image "./deusdeditpresby00martgoog_0106.png"; bbox 0 0 3582 5288; ppageno 0'>
   <div class='ocr_carea' id='block_1_1' title="bbox 702 421 876 482">
    <p class='ocr_par' dir='ltr' id='par_1_1' title="bbox 702 421 876 482">
     <span class='ocr_line' id='line_1_1' title="bbox 702 421 876 482; baseline 0 -14"><span class='ocrx_word' id='word_1_1' title='bbox 702 421 876 482; x_wconf 82' lang='lat'>...81-</span> 
     </span>
    </p>
   </div>
   <div class='ocr_carea' id='block_1_2' title="bbox 175 540 1405 1758">
    <p class='ocr_par' dir='ltr' id='par_1_2' title="bbox 175 540 1405 1758">
     <span class='ocr_line' id='line_1_2' title="bbox 177 540 1405 640; baseline -0.005 -24"><span class='ocrx_word' id='word_1_2' title='bbox 177 543 330 618; x_wconf 84' lang='lat' dir='ltr'>ceclesia</span> <span class='ocrx_word' id='word_1_3' title='bbox 348 544 378 616; x_wconf 87' lang='lat' dir='ltr'>si</span> <span class='ocrx_word' id='word_1_4' title='bbox 396 543 437 618; x_wconf 92' lang='lat' dir='ltr'>de</span> <span class='ocrx_word' id='word_1_5' title='bbox 456 544 614 618; x_wconf 86' lang='lat' dir='ltr'>civitatis</span> <span class='ocrx_word' id='word_1_6' title='bbox 631 542 745 640; x_wconf 86' lang='lat' dir='ltr'>ipsius</span> <span class='ocrx_word' id='word_1_7' title='bbox 761 541 904 617; x_wconf 79' lang='lat' dir='ltr'>clericis</span> <span class='ocrx_word' id='word_1_8' title='bbox 921 543 1026 616; x_wconf 88' lang='lat' dir='ltr'>cuius</span> <span class='ocrx_word' id='word_1_9' title='bbox 1052 549 1106 618; x_wconf 86' lang='lat' dir='ltr'>ost</span> <span class='ocrx_word' id='word_1_10' title='bbox 1130 540 1328 638; x_wconf 86' lang='lat' dir='ltr'>Episcopus</span> <span class='ocrx_word' id='word_1_11' title='bbox 1351 560 1405 612; x_wconf 92' lang='lat' dir='ltr'>or·</span> 
     </span>
     <span class='ocr_line' id='line_1_3' title="bbox 175 651 1399 757; baseline -0.007 -25"><span class='ocrx_word' id='word_1_12' title='bbox 175 658 354 732; x_wconf 88' lang='lat' dir='ltr'>dinandus</span> <span class='ocrx_word' id='word_1_13' title='bbox 371 657 504 747; x_wconf 74' lang='lat' dir='ltr'>nullus</span> <span class='ocrx_word' id='word_1_14' title='bbox 521 657 612 757; x_wconf 92' lang='lat' dir='ltr'>quod</span> <span class='ocrx_word' id='word_1_15' title='bbox 625 657 769 733; x_wconf 90' lang='lat' dir='ltr'>evenire</span> <span class='ocrx_word' id='word_1_16' title='bbox 783 680 852 730; x_wconf 91' lang='lat' dir='ltr'>non</span> <span class='ocrx_word' id='word_1_17' title='bbox 866 655 1046 732; x_wconf 90' lang='lat' dir='ltr'>eredimus</span> <span class='ocrx_word' id='word_1_18' title='bbox 1060 653 1214 752; x_wconf 82' lang='lat' dir='ltr'>potuerit</span> <span class='ocrx_word' id='word_1_19' title='bbox 1230 651 1399 726; x_wconf 91' lang='lat' dir='ltr'>inveniri.</span> 
     </span>
     <span class='ocr_line' id='line_1_4' title="bbox 177 765 1404 870; baseline -0.002 -25"><span class='ocrx_word' id='word_1_20' title='bbox 177 773 340 846; x_wconf 90' lang='lat' dir='ltr'>Primum</span> <span class='ocrx_word' id='word_1_21' title='bbox 358 772 453 848; x_wconf 91' lang='lat' dir='ltr'>enim</span> <span class='ocrx_word' id='word_1_22' title='bbox 472 771 527 845; x_wconf 92' lang='lat' dir='ltr'>illi</span> <span class='ocrx_word' id='word_1_23' title='bbox 545 771 753 870; x_wconf 89' lang='lat' dir='ltr'>reprobandi</span> <span class='ocrx_word' id='word_1_24' title='bbox 771 779 868 860; x_wconf 91' lang='lat' dir='ltr'>sunt,</span> <span class='ocrx_word' id='word_1_25' title='bbox 885 780 928 846; x_wconf 92' lang='lat' dir='ltr'>ut</span> <span class='ocrx_word' id='word_1_26' title='bbox 943 770 1055 868; x_wconf 85' lang='lat' dir='ltr'>aliqui</span> <span class='ocrx_word' id='word_1_27' title='bbox 1072 770 1114 845; x_wconf 93' lang='lat' dir='ltr'>de</span> <span class='ocrx_word' id='word_1_28' title='bbox 1138 767 1267 843; x_wconf 87' lang='lat' dir='ltr'>alienis</span> <span class='ocrx_word' id='word_1_29' title='bbox 1291 765 1404 843; x_wconf 89' lang='lat' dir='ltr'>ecele-</span> 
     </span>
     <span class='ocr_line' id='line_1_5' title="bbox 175 880 1401 985; baseline -0.004 -25"><span class='ocrx_word' id='word_1_30' title='bbox 175 887 241 960; x_wconf 86' lang='lat' dir='ltr'>siis</span> <span class='ocrx_word' id='word_1_31' title='bbox 266 889 392 963; x_wconf 91' lang='lat' dir='ltr'>merito</span> <span class='ocrx_word' id='word_1_32' title='bbox 409 887 655 985; x_wconf 78' lang='lat' dir='ltr'>praeferantur,</span> <span class='ocrx_word' id='word_1_33' title='bbox 676 885 804 960; x_wconf 90' lang='lat' dir='ltr'>habeat</span> <span class='ocrx_word' id='word_1_34' title='bbox 823 885 1071 984; x_wconf 88' lang='lat' dir='ltr'>unusquisque</span> <span class='ocrx_word' id='word_1_35' title='bbox 1090 883 1251 960; x_wconf 88' lang='lat' dir='ltr'>fructum</span> <span class='ocrx_word' id='word_1_36' title='bbox 1274 880 1401 955; x_wconf 82' lang='lat' dir='ltr'>militie</span> 
     </span>
     <span class='ocr_line' id='line_1_6' title="bbox 175 995 1400 1098; baseline -0.004 -24"><span class='ocrx_word' id='word_1_37' title='bbox 175 1026 246 1080; x_wconf 73' lang='lat' dir='ltr'>sue,</span> <span class='ocrx_word' id='word_1_38' title='bbox 261 1002 300 1074; x_wconf 92' lang='lat' dir='ltr'>in</span> <span class='ocrx_word' id='word_1_39' title='bbox 321 1001 474 1076; x_wconf 88' lang='lat' dir='ltr'>eeclesia</span> <span class='ocrx_word' id='word_1_40' title='bbox 492 1000 528 1074; x_wconf 92' lang='lat' dir='ltr'>in</span> <span class='ocrx_word' id='word_1_41' title='bbox 547 1025 655 1098; x_wconf 87' lang='lat' dir='ltr'>quarn</span> <span class='ocrx_word' id='word_1_42' title='bbox 673 1026 739 1074; x_wconf 88' lang='lat' dir='ltr'>sua</span> <span class='ocrx_word' id='word_1_43' title='bbox 756 1024 817 1097; x_wconf 87' lang='lat' dir='ltr'>per</span> <span class='ocrx_word' id='word_1_44' title='bbox 833 999 953 1074; x_wconf 89' lang='lat' dir='ltr'>omnia</span> <span class='ocrx_word' id='word_1_45' title='bbox 972 997 1088 1073; x_wconf 87' lang='lat' dir='ltr'>officia</span> <span class='ocrx_word' id='word_1_46' title='bbox 1112 995 1293 1094; x_wconf 82' lang='lat' dir='ltr'>transegit</span> <span class='ocrx_word' id='word_1_47' title='bbox 1318 1003 1400 1070; x_wconf 82' lang='lat' dir='ltr'>aeta-</span> 
     </span>
     <span class='ocr_line' id='line_1_7' title="bbox 175 1111 1401 1213; baseline -0.004 -26"><span class='ocrx_word' id='word_1_48' title='bbox 175 1125 261 1188; x_wconf 90' lang='lat' dir='ltr'>tem.</span> <span class='ocrx_word' id='word_1_49' title='bbox 273 1117 316 1188; x_wconf 94' lang='lat' dir='ltr'>In</span> <span class='ocrx_word' id='word_1_50' title='bbox 329 1113 447 1188; x_wconf 90' lang='lat' dir='ltr'>aliena</span> <span class='ocrx_word' id='word_1_51' title='bbox 460 1114 636 1212; x_wconf 89' lang='lat' dir='ltr'>stipendia</span> <span class='ocrx_word' id='word_1_52' title='bbox 650 1114 798 1189; x_wconf 88' lang='lat' dir='ltr'>minime</span> <span class='ocrx_word' id='word_1_53' title='bbox 810 1113 963 1213; x_wconf 90' lang='lat' dir='ltr'>obrepat.</span> <span class='ocrx_word' id='word_1_54' title='bbox 976 1117 1052 1189; x_wconf 88' lang='lat' dir='ltr'>Nec</span> <span class='ocrx_word' id='word_1_55' title='bbox 1065 1112 1128 1186; x_wconf 87' lang='lat' dir='ltr'>olii</span> <span class='ocrx_word' id='word_1_56' title='bbox 1142 1112 1297 1188; x_wconf 80' lang='lat' dir='ltr'>debitam</span> <span class='ocrx_word' id='word_1_57' title='bbox 1310 1111 1401 1185; x_wconf 84' lang='lat' dir='ltr'>alter</span> 
     </span>
     <span class='ocr_line' id='line_1_8' title="bbox 176 1223 1401 1305; baseline -0.004 -4"><span class='ocrx_word' id='word_1_58' title='bbox 176 1227 326 1302; x_wconf 84' lang='lat' dir='ltr'>suadeat</span> <span class='ocrx_word' id='word_1_59' title='bbox 342 1227 527 1304; x_wconf 84' lang='lat' dir='ltr'>vindicare</span> <span class='ocrx_word' id='word_1_60' title='bbox 546 1227 755 1305; x_wconf 85' lang='lat' dir='ltr'>mercedem.</span> <span class='ocrx_word' id='word_1_61' title='bbox 776 1228 832 1301; x_wconf 89' lang='lat' dir='ltr'>Sit</span> <span class='ocrx_word' id='word_1_62' title='bbox 847 1227 1003 1303; x_wconf 80' lang='lat' dir='ltr'>facultas</span> <span class='ocrx_word' id='word_1_63' title='bbox 1019 1225 1161 1302; x_wconf 81' lang='lat' dir='ltr'>clericis</span> <span class='ocrx_word' id='word_1_64' title='bbox 1178 1223 1354 1300; x_wconf 90' lang='lat' dir='ltr'>renitendi</span> <span class='ocrx_word' id='word_1_65' title='bbox 1371 1223 1401 1296; x_wconf 86' lang='lat' dir='ltr'>si</span> 
     </span>
     <span class='ocr_line' id='line_1_9' title="bbox 175 1340 1403 1440; baseline -0.006 -22"><span class='ocrx_word' id='word_1_66' title='bbox 175 1367 214 1418; x_wconf 81' lang='lat' dir='ltr'>se</span> <span class='ocrx_word' id='word_1_67' title='bbox 230 1340 389 1416; x_wconf 87' lang='lat' dir='ltr'>viderint</span> <span class='ocrx_word' id='word_1_68' title='bbox 401 1341 632 1440; x_wconf 78' lang='lat' dir='ltr'>praegravari.</span> <span class='ocrx_word' id='word_1_69' title='bbox 646 1345 692 1416; x_wconf 85' lang='lat' dir='ltr'>Et</span> <span class='ocrx_word' id='word_1_70' title='bbox 705 1341 796 1440; x_wconf 93' lang='lat' dir='ltr'>quod</span> <span class='ocrx_word' id='word_1_71' title='bbox 811 1341 877 1416; x_wconf 89' lang='lat' dir='ltr'>sibi</span> <span class='ocrx_word' id='word_1_72' title='bbox 891 1341 1011 1438; x_wconf 89' lang='lat' dir='ltr'>ingeri</span> <span class='ocrx_word' id='word_1_73' title='bbox 1024 1366 1069 1416; x_wconf 87' lang='lat' dir='ltr'>ex</span> <span class='ocrx_word' id='word_1_74' title='bbox 1079 1349 1286 1414; x_wconf 86' lang='lat' dir='ltr'>transverso</span> <span class='ocrx_word' id='word_1_75' title='bbox 1297 1359 1403 1412; x_wconf 88' lang='lat' dir='ltr'>verso</span> 
     </span>
     <span class='ocr_line' id='line_1_10' title="bbox 176 1455 1403 1553; baseline -0.003 -21"><span class='ocrx_word' id='word_1_76' title='bbox 176 1457 423 1553; x_wconf 82' lang='lat' dir='ltr'>cognoverint,</span> <span class='ocrx_word' id='word_1_77' title='bbox 441 1480 510 1532; x_wconf 92' lang='lat' dir='ltr'>non</span> <span class='ocrx_word' id='word_1_78' title='bbox 529 1457 682 1532; x_wconf 80' lang='lat' dir='ltr'>timeant</span> <span class='ocrx_word' id='word_1_79' title='bbox 699 1455 866 1532; x_wconf 87' lang='lat' dir='ltr'>refutare.</span> <span class='ocrx_word' id='word_1_80' title='bbox 883 1457 985 1545; x_wconf 85' lang='lat' dir='ltr'>Quod</span> <span class='ocrx_word' id='word_1_81' title='bbox 1002 1457 1033 1530; x_wconf 93' lang='lat' dir='ltr'>si</span> <span class='ocrx_word' id='word_1_82' title='bbox 1050 1478 1122 1530; x_wconf 91' lang='lat' dir='ltr'>non</span> <span class='ocrx_word' id='word_1_83' title='bbox 1139 1455 1299 1531; x_wconf 90' lang='lat' dir='ltr'>debitum</span> <span class='ocrx_word' id='word_1_84' title='bbox 1316 1477 1403 1552; x_wconf 88' lang='lat' dir='ltr'>prae-</span> 
     </span>
     <span class='ocr_line' id='line_1_11' title="bbox 175 1566 1401 1668; baseline -0.002 -25"><span class='ocrx_word' id='word_1_85' title='bbox 175 1571 289 1644; x_wconf 90' lang='lat' dir='ltr'>mium</span> <span class='ocrx_word' id='word_1_86' title='bbox 306 1571 366 1647; x_wconf 91' lang='lat' dir='ltr'>vel</span> <span class='ocrx_word' id='word_1_87' title='bbox 383 1571 534 1646; x_wconf 89' lang='lat' dir='ltr'>liberum</span> <span class='ocrx_word' id='word_1_88' title='bbox 551 1573 593 1645; x_wconf 90' lang='lat' dir='ltr'>de</span> <span class='ocrx_word' id='word_1_89' title='bbox 611 1594 670 1646; x_wconf 92' lang='lat' dir='ltr'>eos</span> <span class='ocrx_word' id='word_1_90' title='bbox 687 1570 748 1668; x_wconf 92' lang='lat' dir='ltr'>qui</span> <span class='ocrx_word' id='word_1_91' title='bbox 767 1593 824 1644; x_wconf 91' lang='lat' dir='ltr'>eos</span> <span class='ocrx_word' id='word_1_92' title='bbox 848 1579 1014 1646; x_wconf 90' lang='lat' dir='ltr'>recturus</span> <span class='ocrx_word' id='word_1_93' title='bbox 1039 1579 1094 1644; x_wconf 88' lang='lat' dir='ltr'>est</span> <span class='ocrx_word' id='word_1_94' title='bbox 1118 1568 1248 1644; x_wconf 90' lang='lat' dir='ltr'>debent</span> <span class='ocrx_word' id='word_1_95' title='bbox 1271 1566 1401 1643; x_wconf 88' lang='lat' dir='ltr'>habere</span> 
     </span>
     <span class='ocr_line' id='line_1_12' title="bbox 175 1683 364 1758; baseline 0.011 -2"><span class='ocrx_word' id='word_1_96' title='bbox 175 1683 364 1758; x_wconf 86' lang='lat' dir='ltr'>iudicium.</span> 
     </span>
    </p>
   </div>
   <div class='ocr_carea' id='block_1_3' title="bbox 719 1916 859 1998">
    <p class='ocr_par' dir='ltr' id='par_1_3' title="bbox 719 1916 859 1998">
     <span class='ocr_line' id='line_1_13' title="bbox 719 1916 859 1998; baseline 0 0"><span class='ocrx_word' id='word_1_97' title='bbox 719 1916 859 1998; x_wconf 81' lang='lat' dir='ltr'>XOllll.</span> 
     </span>
    </p>
   </div>
   <div class='ocr_carea' id='block_1_4' title="bbox 170 2136 1400 3586">
    <p class='ocr_par' dir='ltr' id='par_1_4' title="bbox 173 2136 1400 2561">
     <span class='ocr_line' id='line_1_14' title="bbox 272 2136 1398 2240; baseline -0.006 -24"><span class='ocrx_word' id='word_1_98' title='bbox 272 2143 501 2239; x_wconf 85' lang='lat' dir='ltr'>Augustinus</span> <span class='ocrx_word' id='word_1_99' title='bbox 518 2143 556 2215; x_wconf 91' lang='lat' dir='ltr'>in</span> <span class='ocrx_word' id='word_1_100' title='bbox 581 2141 731 2240; x_wconf 86' lang='lat' dir='ltr'>epistola</span> <span class='ocrx_word' id='word_1_101' title='bbox 757 2142 883 2216; x_wconf 88' lang='lat' dir='ltr'>lacobi.</span> <span class='ocrx_word' id='word_1_102' title='bbox 909 2144 988 2216; x_wconf 93' lang='lat' dir='ltr'>Non</span> <span class='ocrx_word' id='word_1_103' title='bbox 1013 2149 1068 2215; x_wconf 89' lang='lat' dir='ltr'>est</span> <span class='ocrx_word' id='word_1_104' title='bbox 1094 2139 1292 2238; x_wconf 89' lang='lat' dir='ltr'>putandum</span> <span class='ocrx_word' id='word_1_105' title='bbox 1318 2136 1398 2211; x_wconf 90' lang='lat' dir='ltr'>leve</span> 
     </span>
     <span class='ocr_line' id='line_1_15' title="bbox 173 2250 1400 2355; baseline -0.007 -25"><span class='ocrx_word' id='word_1_106' title='bbox 173 2282 252 2332; x_wconf 87' lang='lat' dir='ltr'>esse</span> <span class='ocrx_word' id='word_1_107' title='bbox 266 2267 452 2355; x_wconf 89' lang='lat' dir='ltr'>peecatum</span> <span class='ocrx_word' id='word_1_108' title='bbox 466 2279 651 2354; x_wconf 89' lang='lat' dir='ltr'>personam</span> <span class='ocrx_word' id='word_1_109' title='bbox 665 2255 827 2351; x_wconf 88' lang='lat' dir='ltr'>accipere</span> <span class='ocrx_word' id='word_1_110' title='bbox 840 2263 877 2329; x_wconf 91' lang='lat' dir='ltr'>et</span> <span class='ocrx_word' id='word_1_111' title='bbox 889 2263 1090 2351; x_wconf 88' lang='lat' dir='ltr'>contempto</span> <span class='ocrx_word' id='word_1_112' title='bbox 1103 2275 1258 2352; x_wconf 84' lang='lat' dir='ltr'>paupere</span> <span class='ocrx_word' id='word_1_113' title='bbox 1268 2250 1400 2324; x_wconf 89' lang='lat' dir='ltr'>instru-</span> 
     </span>
     <span class='ocr_line' id='line_1_16' title="bbox 174 2363 1400 2468; baseline -0.006 -24"><span class='ocrx_word' id='word_1_114' title='bbox 174 2370 285 2444; x_wconf 88' lang='lat' dir='ltr'>ctiore</span> <span class='ocrx_word' id='word_1_115' title='bbox 310 2381 417 2468; x_wconf 89' lang='lat' dir='ltr'>atque</span> <span class='ocrx_word' id='word_1_116' title='bbox 443 2369 619 2446; x_wconf 86' lang='lat' dir='ltr'>sanctiore</span> <span class='ocrx_word' id='word_1_117' title='bbox 644 2367 733 2464; x_wconf 88' lang='lat' dir='ltr'>eligi</span> <span class='ocrx_word' id='word_1_118' title='bbox 758 2368 907 2442; x_wconf 83' lang='lat' dir='ltr'>divitem</span> <span class='ocrx_word' id='word_1_119' title='bbox 937 2368 982 2442; x_wconf 87' lang='lat' dir='ltr'>ad</span> <span class='ocrx_word' id='word_1_120' title='bbox 1012 2366 1131 2442; x_wconf 89' lang='lat' dir='ltr'>sedem</span> <span class='ocrx_word' id='word_1_121' title='bbox 1161 2363 1304 2439; x_wconf 90' lang='lat' dir='ltr'>honoris</span> <span class='ocrx_word' id='word_1_122' title='bbox 1335 2366 1400 2437; x_wconf 88' lang='lat' dir='ltr'>Eo·</span> 
     </span>
     <span class='ocr_line' id='line_1_17' title="bbox 175 2483 304 2561; baseline -0.016 -2"><span class='ocrx_word' id='word_1_123' title='bbox 175 2483 304 2561; x_wconf 89' lang='lat' dir='ltr'>elesiae.</span> 
     </span>
    </p>

    <p class='ocr_par' dir='ltr' id='par_1_5' title="bbox 170 2594 1400 3586">
     <span class='ocr_line' id='line_1_18' title="bbox 270 2594 1400 2697; baseline -0.004 -24"><span class='ocrx_word' id='word_1_124' title='bbox 270 2602 338 2673; x_wconf 91' lang='lat' dir='ltr'>Leo</span> <span class='ocrx_word' id='word_1_125' title='bbox 355 2600 562 2697; x_wconf 85' lang='lat' dir='ltr'>Episcopus,</span> <span class='ocrx_word' id='word_1_126' title='bbox 580 2596 761 2672; x_wconf 89' lang='lat' dir='ltr'>universis</span> <span class='ocrx_word' id='word_1_127' title='bbox 776 2596 958 2694; x_wconf 80' lang='lat' dir='ltr'>Episcopis</span> <span class='ocrx_word' id='word_1_128' title='bbox 974 2619 1036 2693; x_wconf 92' lang='lat' dir='ltr'>per</span> <span class='ocrx_word' id='word_1_129' title='bbox 1049 2594 1209 2670; x_wconf 83' lang='lat' dir='ltr'>Siciliam</span> <span class='ocrx_word' id='word_1_130' title='bbox 1228 2594 1400 2669; x_wconf 87' lang='lat' dir='ltr'>eonstitu-</span> 
     </span>
     <span class='ocr_line' id='line_1_19' title="bbox 174 2709 1400 2810; baseline -0.001 -27"><span class='ocrx_word' id='word_1_131' title='bbox 174 2712 231 2784; x_wconf 88' lang='lat' dir='ltr'>tis.</span> <span class='ocrx_word' id='word_1_132' title='bbox 245 2715 349 2787; x_wconf 89' lang='lat' dir='ltr'>Hanc</span> <span class='ocrx_word' id='word_1_133' title='bbox 362 2711 504 2810; x_wconf 89' lang='lat' dir='ltr'>eulpam</span> <span class='ocrx_word' id='word_1_134' title='bbox 519 2710 720 2785; x_wconf 89' lang='lat' dir='ltr'>nullomodo</span> <span class='ocrx_word' id='word_1_135' title='bbox 733 2712 938 2808; x_wconf 89' lang='lat' dir='ltr'>potuissetis</span> <span class='ocrx_word' id='word_1_136' title='bbox 952 2711 1119 2798; x_wconf 88' lang='lat' dir='ltr'>incidere,</span> <span class='ocrx_word' id='word_1_137' title='bbox 1132 2710 1163 2783; x_wconf 90' lang='lat' dir='ltr'>si</span> <span class='ocrx_word' id='word_1_138' title='bbox 1176 2709 1270 2784; x_wconf 92' lang='lat' dir='ltr'>unde</span> <span class='ocrx_word' id='word_1_139' title='bbox 1283 2733 1400 2785; x_wconf 83' lang='lat' dir='ltr'>sacra·</span> 
     </span>
     <span class='ocr_line' id='line_1_20' title="bbox 173 2823 1398 2924; baseline -0.002 -24"><span class='ocrx_word' id='word_1_140' title='bbox 173 2827 280 2900; x_wconf 87' lang='lat' dir='ltr'>tionis</span> <span class='ocrx_word' id='word_1_141' title='bbox 298 2827 463 2900; x_wconf 90' lang='lat' dir='ltr'>honorem</span> <span class='ocrx_word' id='word_1_142' title='bbox 481 2826 655 2924; x_wconf 89' lang='lat' dir='ltr'>accipitis,</span> <span class='ocrx_word' id='word_1_143' title='bbox 672 2827 754 2900; x_wconf 89' lang='lat' dir='ltr'>inde</span> <span class='ocrx_word' id='word_1_144' title='bbox 772 2827 890 2922; x_wconf 88' lang='lat' dir='ltr'>legem</span> <span class='ocrx_word' id='word_1_145' title='bbox 907 2825 1019 2900; x_wconf 89' lang='lat' dir='ltr'>totius</span> <span class='ocrx_word' id='word_1_146' title='bbox 1032 2823 1398 2900; x_wconf 82' lang='lat' dir='ltr'>observantiaesume·</span> 
     </span>
     <span class='ocr_line' id='line_1_21' title="bbox 174 2940 1398 3040; baseline 0.002 -28"><span class='ocrx_word' id='word_1_147' title='bbox 174 2942 270 3016; x_wconf 86' lang='lat' dir='ltr'>retis.</span> <span class='ocrx_word' id='word_1_148' title='bbox 287 2945 333 3015; x_wconf 87' lang='lat' dir='ltr'>Et</span> <span class='ocrx_word' id='word_1_149' title='bbox 349 2941 445 3016; x_wconf 91' lang='lat' dir='ltr'>beati</span> <span class='ocrx_word' id='word_1_150' title='bbox 465 2941 620 3039; x_wconf 89' lang='lat' dir='ltr'>Apostoli</span> <span class='ocrx_word' id='word_1_151' title='bbox 639 2942 736 3016; x_wconf 90' lang='lat' dir='ltr'>Petri</span> <span class='ocrx_word' id='word_1_152' title='bbox 755 2941 855 3016; x_wconf 89' lang='lat' dir='ltr'>sedes</span> <span class='ocrx_word' id='word_1_153' title='bbox 872 2966 952 3040; x_wconf 77' lang='lat' dir='ltr'>quea</span> <span class='ocrx_word' id='word_1_154' title='bbox 964 2941 1066 3016; x_wconf 86' lang='lat' dir='ltr'>vobis</span> <span class='ocrx_word' id='word_1_155' title='bbox 1079 2940 1308 3017; x_wconf 84' lang='lat' dir='ltr'>sacerdotalis</span> <span class='ocrx_word' id='word_1_156' title='bbox 1324 2965 1398 3015; x_wconf 91' lang='lat' dir='ltr'>ma-</span> 
     </span>
     <span class='ocr_line' id='line_1_22' title="bbox 171 3055 1396 3152; baseline -0.002 -22"><span class='ocrx_word' id='word_1_157' title='bbox 171 3055 287 3151; x_wconf 89' lang='lat' dir='ltr'>gistra</span> <span class='ocrx_word' id='word_1_158' title='bbox 300 3066 355 3130; x_wconf 87' lang='lat' dir='ltr'>est</span> <span class='ocrx_word' id='word_1_159' title='bbox 368 3055 568 3152; x_wconf 86' lang='lat' dir='ltr'>dignitatis,</span> <span class='ocrx_word' id='word_1_160' title='bbox 581 3055 935 3132; x_wconf 85' lang='lat' dir='ltr'>essetecclesiastioae</span> <span class='ocrx_word' id='word_1_161' title='bbox 945 3057 1120 3152; x_wconf 84' lang='lat' dir='ltr'>magistra</span> <span class='ocrx_word' id='word_1_162' title='bbox 1130 3055 1289 3130; x_wconf 90' lang='lat' dir='ltr'>rationis.</span> <span class='ocrx_word' id='word_1_163' title='bbox 1298 3055 1396 3130; x_wconf 84' lang='lat' dir='ltr'>idem</span> 
     </span>
     <span class='ocr_line' id='line_1_23' title="bbox 172 3167 1397 3268; baseline 0 -26"><span class='ocrx_word' id='word_1_164' title='bbox 172 3170 268 3244; x_wconf 86' lang='lat' dir='ltr'>inira</span> <span class='ocrx_word' id='word_1_165' title='bbox 284 3169 329 3244; x_wconf 84' lang='lat' dir='ltr'>ad</span> <span class='ocrx_word' id='word_1_166' title='bbox 345 3171 495 3245; x_wconf 87' lang='lat' dir='ltr'>eosdem.</span> <span class='ocrx_word' id='word_1_167' title='bbox 512 3169 604 3258; x_wconf 84' lang='lat' dir='ltr'>Quia</span> <span class='ocrx_word' id='word_1_168' title='bbox 621 3169 854 3246; x_wconf 86' lang='lat' dir='ltr'>saluberrime</span> <span class='ocrx_word' id='word_1_169' title='bbox 867 3195 887 3243; x_wconf 90' lang='lat' dir='ltr'>a</span> <span class='ocrx_word' id='word_1_170' title='bbox 902 3170 1037 3246; x_wconf 87' lang='lat' dir='ltr'>sanctis</span> <span class='ocrx_word' id='word_1_171' title='bbox 1050 3168 1212 3268; x_wconf 88' lang='lat' dir='ltr'>patribus</span> <span class='ocrx_word' id='word_1_172' title='bbox 1225 3167 1397 3244; x_wconf 87' lang='lat' dir='ltr'>eonstitu-</span> 
     </span>
     <span class='ocr_line' id='line_1_24' title="bbox 171 3281 1396 3379; baseline -0.004 -22"><span class='ocrx_word' id='word_1_173' title='bbox 171 3292 248 3357; x_wconf 89' lang='lat' dir='ltr'>tum</span> <span class='ocrx_word' id='word_1_174' title='bbox 267 3293 323 3358; x_wconf 89' lang='lat' dir='ltr'>est</span> <span class='ocrx_word' id='word_1_175' title='bbox 339 3283 441 3358; x_wconf 92' lang='lat' dir='ltr'>binos</span> <span class='ocrx_word' id='word_1_176' title='bbox 457 3285 497 3358; x_wconf 91' lang='lat' dir='ltr'>in</span> <span class='ocrx_word' id='word_1_177' title='bbox 514 3283 619 3358; x_wconf 88' lang='lat' dir='ltr'>annis</span> <span class='ocrx_word' id='word_1_178' title='bbox 636 3282 794 3379; x_wconf 88' lang='lat' dir='ltr'>singulis</span> <span class='ocrx_word' id='word_1_179' title='bbox 816 3283 942 3358; x_wconf 89' lang='lat' dir='ltr'>debere</span> <span class='ocrx_word' id='word_1_180' title='bbox 967 3307 1044 3358; x_wconf 88' lang='lat' dir='ltr'>esse</span> <span class='ocrx_word' id='word_1_181' title='bbox 1068 3290 1277 3370; x_wconf 85' lang='lat' dir='ltr'>conventus,</span> <span class='ocrx_word' id='word_1_182' title='bbox 1301 3281 1396 3357; x_wconf 88' lang='lat' dir='ltr'>torni</span> 
     </span>
     <span class='ocr_line' id='line_1_25' title="bbox 172 3393 1396 3494; baseline -0.004 -23"><span class='ocrx_word' id='word_1_183' title='bbox 172 3421 312 3494; x_wconf 90' lang='lat' dir='ltr'>semper</span> <span class='ocrx_word' id='word_1_184' title='bbox 324 3421 367 3472; x_wconf 82' lang='lat' dir='ltr'>ex</span> <span class='ocrx_word' id='word_1_185' title='bbox 379 3397 479 3472; x_wconf 80' lang='lat' dir='ltr'>robis</span> <span class='ocrx_word' id='word_1_186' title='bbox 492 3397 536 3472; x_wconf 89' lang='lat' dir='ltr'>ad</span> <span class='ocrx_word' id='word_1_187' title='bbox 549 3398 642 3473; x_wconf 92' lang='lat' dir='ltr'>diem</span> <span class='ocrx_word' id='word_1_188' title='bbox 655 3398 763 3472; x_wconf 87' lang='lat' dir='ltr'>tertio</span> <span class='ocrx_word' id='word_1_189' title='bbox 774 3396 1012 3472; x_wconf 85' lang='lat' dir='ltr'>kalendarum</span> <span class='ocrx_word' id='word_1_190' title='bbox 1027 3393 1234 3471; x_wconf 88' lang='lat' dir='ltr'>Octobrium</span> <span class='ocrx_word' id='word_1_191' title='bbox 1247 3397 1396 3468; x_wconf 86' lang='lat' dir='ltr'>Romam</span> 
     </span>
     <span class='ocr_line' id='line_1_26' title="bbox 170 3509 1215 3586; baseline 0.001 -5"><span class='ocrx_word' id='word_1_192' title='bbox 170 3509 327 3584; x_wconf 84' lang='lat' dir='ltr'>fraterno</span> <span class='ocrx_word' id='word_1_193' title='bbox 342 3509 494 3586; x_wconf 92' lang='lat' dir='ltr'>coneilio</span> <span class='ocrx_word' id='word_1_194' title='bbox 510 3509 667 3586; x_wconf 86' lang='lat' dir='ltr'>sociandi</span> <span class='ocrx_word' id='word_1_195' title='bbox 686 3509 997 3586; x_wconf 88' lang='lat' dir='ltr'>indissimulanter</span> <span class='ocrx_word' id='word_1_196' title='bbox 1013 3516 1215 3585; x_wconf 86' lang='lat' dir='ltr'>occurrant.</span> 
     </span>
    </p>
   </div>
   <div class='ocr_carea' id='block_1_5' title="bbox 727 3732 830 3816">
    <p class='ocr_par' dir='ltr' id='par_1_6' title="bbox 727 3732 830 3816">
     <span class='ocr_line' id='line_1_27' title="bbox 727 3732 830 3816; baseline 0 -1"><span class='ocrx_word' id='word_1_197' title='bbox 727 3732 830 3816; x_wconf 84' lang='lat' dir='ltr'>thll.</span> 
     </span>
    </p>
   </div>
   <div class='ocr_carea' id='block_1_6' title="bbox 169 3903 1458 4511">
    <p class='ocr_par' dir='ltr' id='par_1_7' title="bbox 169 3903 1458 4511">
     <span class='ocr_line' id='line_1_28' title="bbox 1306 3903 1316 3945; baseline 0 0"><span class='ocrx_word' id='word_1_198' title='bbox 1306 3903 1316 3945; x_wconf 70' lang='lat' dir='ltr'>d</span> 
     </span>
     <span class='ocr_line' id='line_1_29' title="bbox 265 3953 1394 4057; baseline 0.002 -25"><span class='ocrx_word' id='word_1_199' title='bbox 265 3953 1394 4057; x_wconf 72' lang='lat' dir='ltr'>LeoEpiscopussanctaeSiuodiOalcedonensiconstituta.Am-</span> 
     </span>
     <span class='ocr_line' id='line_1_30' title="bbox 169 4071 1458 4170; baseline 0.003 -26"><span class='ocrx_word' id='word_1_200' title='bbox 169 4073 398 4170; x_wconf 85' lang='lat' dir='ltr'>plectendum</span> <span class='ocrx_word' id='word_1_201' title='bbox 414 4083 469 4148; x_wconf 91' lang='lat' dir='ltr'>est</span> <span class='ocrx_word' id='word_1_202' title='bbox 486 4071 756 4149; x_wconf 85' lang='lat' dir='ltr'>clementissimi</span> <span class='ocrx_word' id='word_1_203' title='bbox 774 4072 948 4170; x_wconf 88' lang='lat' dir='ltr'>principis</span> <span class='ocrx_word' id='word_1_204' title='bbox 964 4073 1111 4170; x_wconf 91' lang='lat' dir='ltr'>plenum</span> <span class='ocrx_word' id='word_1_205' title='bbox 1125 4073 1301 4170; x_wconf 87' lang='lat' dir='ltr'>religione</span> <span class='ocrx_word' id='word_1_206' title='bbox 1314 4098 1394 4149; x_wconf 91' lang='lat' dir='ltr'>con·</span> <span class='ocrx_word' id='word_1_207' title='bbox 1454 4098 1458 4104; x_wconf 91' lang='lat'>·</span> 
     </span>
     <span class='ocr_line' id='line_1_31' title="bbox 170 4181 1420 4286; baseline 0 -26"><span class='ocrx_word' id='word_1_208' title='bbox 170 4188 304 4276; x_wconf 86' lang='lat' dir='ltr'>silium,</span> <span class='ocrx_word' id='word_1_209' title='bbox 320 4213 390 4286; x_wconf 92' lang='lat' dir='ltr'>quo</span> <span class='ocrx_word' id='word_1_210' title='bbox 406 4197 567 4264; x_wconf 88' lang='lat' dir='ltr'>sanctam</span> <span class='ocrx_word' id='word_1_211' title='bbox 590 4186 853 4263; x_wconf 85' lang='lat' dir='ltr'>fraternitatem</span> <span class='ocrx_word' id='word_1_212' title='bbox 878 4195 1037 4261; x_wconf 88' lang='lat' dir='ltr'>vestram</span> <span class='ocrx_word' id='word_1_213' title='bbox 1062 4187 1107 4261; x_wconf 92' lang='lat' dir='ltr'>ad</span> <span class='ocrx_word' id='word_1_214' title='bbox 1132 4187 1393 4263; x_wconf 83' lang='lat' dir='ltr'>reformandam</span> <span class='ocrx_word' id='word_1_215' title='bbox 1417 4181 1420 4190; x_wconf 70' lang='grc'>’</span> 
     </span>
     <span class='ocr_line' id='line_1_32' title="bbox 169 4299 1395 4398; baseline -0.001 -24"><span class='ocrx_word' id='word_1_216' title='bbox 169 4299 451 4376; x_wconf 88' lang='lat' dir='ltr'>ecclesiasticam</span> <span class='ocrx_word' id='word_1_217' title='bbox 465 4323 588 4397; x_wconf 88' lang='lat' dir='ltr'>paoem</span> <span class='ocrx_word' id='word_1_218' title='bbox 599 4299 938 4390; x_wconf 87' lang='lat' dir='ltr'>maluiteonvenire,</span> <span class='ocrx_word' id='word_1_219' title='bbox 951 4299 1147 4376; x_wconf 86' lang='lat' dir='ltr'>beatissimi</span> <span class='ocrx_word' id='word_1_220' title='bbox 1162 4299 1321 4398; x_wconf 90' lang='lat' dir='ltr'>Apostoli</span> <span class='ocrx_word' id='word_1_221' title='bbox 1330 4301 1395 4374; x_wconf 88' lang='lat' dir='ltr'>Pe-</span> 
     </span>
     <span class='ocr_line' id='line_1_33' title="bbox 170 4411 1393 4511; baseline -0.002 -23"><span class='ocrx_word' id='word_1_222' title='bbox 170 4414 216 4488; x_wconf 88' lang='lat' dir='ltr'>tri</span> <span class='ocrx_word' id='word_1_223' title='bbox 230 4414 306 4488; x_wconf 91' lang='lat' dir='ltr'>sedi</span> <span class='ocrx_word' id='word_1_224' title='bbox 320 4415 399 4488; x_wconf 92' lang='lat' dir='ltr'>iure</span> <span class='ocrx_word' id='word_1_225' title='bbox 411 4423 520 4511; x_wconf 88' lang='lat' dir='ltr'>atque</span> <span class='ocrx_word' id='word_1_226' title='bbox 537 4413 668 4489; x_wconf 90' lang='lat' dir='ltr'>honore</span> <span class='ocrx_word' id='word_1_227' title='bbox 686 4421 838 4489; x_wconf 88' lang='lat' dir='ltr'>servato.</span> <span class='ocrx_word' id='word_1_228' title='bbox 857 4413 953 4489; x_wconf 93' lang='lat' dir='ltr'>Adeo</span> <span class='ocrx_word' id='word_1_229' title='bbox 965 4424 1007 4488; x_wconf 89' lang='lat' dir='ltr'>ut</span> <span class='ocrx_word' id='word_1_230' title='bbox 1022 4437 1086 4488; x_wconf 91' lang='lat' dir='ltr'>nos</span> <span class='ocrx_word' id='word_1_231' title='bbox 1100 4436 1242 4511; x_wconf 86' lang='lat' dir='ltr'>quoque</span> <span class='ocrx_word' id='word_1_232' title='bbox 1259 4411 1336 4486; x_wconf 87' lang='lat' dir='ltr'>suis</span> <span class='ocrx_word' id='word_1_233' title='bbox 1348 4411 1393 4487; x_wconf 87' lang='lat' dir='ltr'>ad</span> 
     </span>
    </p>
   </div>
   <div class='ocr_carea' id='block_1_7' title="bbox 170 4525 1392 4694">
    <p class='ocr_par' dir='ltr' id='par_1_8' title="bbox 170 4525 1392 4694">
     <span class='ocr_line' id='line_1_34' title="bbox 170 4525 1392 4623; baseline 0 -22"><span class='ocrx_word' id='word_1_234' title='bbox 170 4528 235 4603; x_wconf 90' lang='lat' dir='ltr'>hoc</span> <span class='ocrx_word' id='word_1_235' title='bbox 249 4527 382 4604; x_wconf 87' lang='lat' dir='ltr'>litteris</span> <span class='ocrx_word' id='word_1_236' title='bbox 395 4529 577 4614; x_wconf 84' lang='lat' dir='ltr'>invitaret,</span> <span class='ocrx_word' id='word_1_237' title='bbox 590 4537 631 4601; x_wconf 91' lang='lat' dir='ltr'>ut</span> <span class='ocrx_word' id='word_1_238' title='bbox 647 4527 847 4602; x_wconf 82' lang='lat' dir='ltr'>venerabili</span> <span class='ocrx_word' id='word_1_239' title='bbox 859 4527 981 4601; x_wconf 89' lang='lat' dir='ltr'>sinodo</span> <span class='ocrx_word' id='word_1_240' title='bbox 995 4537 1153 4602; x_wconf 87' lang='lat' dir='ltr'>nostram</span> <span class='ocrx_word' id='word_1_241' title='bbox 1166 4525 1392 4623; x_wconf 73' lang='lat' dir='ltr'>praesentiam</span> 
     </span>
     <span class='ocr_line' id='line_1_35' title="bbox 1193 4642 1210 4694; baseline 0 0"><span class='ocrx_word' id='word_1_242' title='bbox 1193 4642 1210 4694; x_wconf 88' lang='lat' dir='ltr'>o</span> 
     </span>
    </p>
   </div>
   <div class='ocr_carea' id='block_1_8' title="bbox 0 0 1796 5288">
    <p class='ocr_par' dir='ltr' id='par_1_9' title="bbox 0 0 1796 5288">
     <span class='ocr_line' id='line_1_36' title="bbox 0 0 1796 5288; baseline 0 3"><span class='ocrx_word' id='word_1_243' title='bbox 0 0 1796 5288; x_wconf 95' lang='lat' dir='ltr'> </span> 
     </span>
    </p>
   </div>
  </div>
 </body>
</html>
