3618 5316
706 401 906 466 *305-

124 599 131 612 ,
191 524 311 602 clesiae
327 520 452 602 curam
469 533 708 624 cunctamque
725 525 975 614 substantiam,
987 524 1033 600 ad
1046 525 1144 601 vices
1156 523 1415 602 valentioribus

192 640 346 730 clericis,
363 641 477 740 quoad
494 641 587 716 vixit
602 639 787 737 delegavit
798 648 835 716 et
850 638 1010 714 credidit.
1031 641 1239 739 Numquam
1263 638 1414 714 anulum

191 753 230 828 in
249 779 358 828 manu
376 754 511 830 habens
528 753 588 829 sod
606 753 650 828 ab
667 753 805 828 hisdem
822 754 947 828 domus
959 753 1156 851 praepositis
1168 762 1301 829 cuncta
1316 777 1416 828 accc·

191 876 252 965 pta
268 877 305 943 et
320 878 465 966 erogata
487 867 714 957 notabantur,
731 891 811 966 quae
831 889 926 940 anno
950 865 1124 963 completo
1149 865 1272 942 eidem·
1290 864 1415 941 recita·

192 980 334 1072 bantur,
350 1004 420 1080 quc
432 981 588 1056 sciretur
604 989 777 1079 quantum
797 987 996 1077 acceptum,
1012 989 1259 1077 quantumque
1273 978 1412 1076 dispeu-

194 1103 312 1169 satum
338 1095 458 1185 fuerit,
482 1093 541 1171 vel
566 1103 741 1193 quantum
766 1092 1044 1193 dispensandum
1077 1092 1298 1169 remanserit.
1321 1093 1413 1166 Suos

195 1208 492 1304 consanguineos,
509 1207 622 1288 velia
646 1208 832 1306 proposito·
843 1207 901 1282 vel
927 1217 1028 1282 extra
1053 1207 1275 1296 constitutos,
1293 1230 1360 1281 nec
1376 1205 1414 1280 in

191 1321 280 1412 vita,
297 1346 364 1397 nec
381 1322 420 1395 iu
443 1329 554 1398 morte
579 1321 684 1418 vulgi
704 1331 816 1398 morte
840 1323 1021 1398 tractavit.
1039 1321 1177 1410 Quibus
1194 1323 1279 1397 dum
1297 1319 1415 1395 adbuc

194 1443 405 1534 superesset,
422 1433 458 1509 id
475 1433 505 1508 si
524 1457 612 1533 opus
633 1433 714 1524 fuit,
738 1429 831 1532 quod
853 1437 982 1513 ceteris
1007 1437 1184 1534 erogavit,
1201 1435 1304 1510 novit
1325 1433 1415 1509 divi·

193 1548 263 1624 tias
278 1547 462 1640 baberent,
479 1548 540 1624 sed
557 1556 685 1624 utnon
703 1561 767 1624 aut
784 1548 906 1625 minus
922 1549 1044 1626 clerici
1062 1559 1222 1649 egerent.

712 1716 902 1802 CXXXIII.

439 1871 656 1936 Hieronymus
675 1868 721 1922 ad
737 1870 911 1922 Paulinum
927 1871 1168 1938 presbyterum.

285 2009 408 2082 Preter
425 2007 562 2082 victum
580 2014 616 2080 et
633 2005 889 2080 vestimentum
907 2013 944 2080 et
956 2004 1167 2080 manifestas
1181 2004 1411 2081 necessitates

188 2119 302 2196 nichil
320 2120 488 2218 cuiquam
505 2119 654 2207 tribuas,
671 2141 715 2193 ne
730 2115 884 2192 liliorum
899 2144 1008 2218 panes
1022 2143 1130 2194 canes
1143 2119 1340 2206 comedant,
1352 2143 1413 2194 ve·

189 2258 268 2306 rum
287 2232 422 2308 Christi
439 2231 611 2330 templum
625 2230 745 2304 anima
759 2232 937 2308 credentis
954 2242 1018 2322 est,
1035 2233 1135 2306 illam
1153 2255 1295 2323 exorna,
1312 2232 1412 2306 illam

187 2345 293 2436 vesti,
309 2346 364 2420 illi
381 2345 465 2421 offer
481 2345 638 2436 donaria,
654 2345 693 2420 in
711 2345 774 2420 illa
794 2345 979 2422 Christum
1002 2345 1154 2445 suscipe.
1167 2350 1255 2435 Qus
1272 2345 1412 2420 utilitas

188 2470 243 2536 est
256 2460 408 2558 parietes
421 2461 563 2557 fulgere
576 2459 752 2556 germinis
764 2468 800 2534 et
814 2460 1000 2536 Christum
1014 2460 1053 2535 in
1066 2461 1159 2536 lame
1172 2485 1327 2560 paupere
1342 2483 1413 2536 mo-

188 2574 218 2648 ri
229 2578 247 2649 ‘l
259 2577 334 2648 lam
347 2597 418 2650 non
431 2586 517 2648 sunt
530 2583 593 2648 tua
606 2597 685 2671 quae
698 2572 863 2670 possides.
877 2574 1102 2672 Dispensatio
1115 2574 1179 2649 tibi
1193 2574 1329 2651 credita
1346 2585 1411 2651 est.

188 2691 368 2764 Memento
387 2687 537 2762 Ananiae
553 2697 590 2762 et
607 2685 767 2784 Sapbire.
783 2687 841 2762 Illi
864 2699 942 2762 tum
960 2688 1002 2764 de
1017 2713 1083 2762 sua
1095 2699 1342 2765 servaverunt.
1356 2693 1411 2764 Tu

188 2801 372 2877 considera
385 2826 431 2877 ne
444 2801 580 2877 Christi
593 2799 830 2877 substantiam
844 2801 1058 2900 inpudenter
1072 2802 1244 2891 effundas,
1261 2802 1353 2879 idest
1365 2827 1411 2879 ne

187 2917 405 2992 inmoderato
425 2917 557 2994 iudicio
578 2941 654 2992 rem
671 2941 869 3018 pauperum
881 2915 1021 2991 tribuas
1034 2939 1104 2992 uon
1117 2917 1344 3017 pauperibus.
1362 2921 1410 2992 Et

189 3030 385 3105 secundum
412 3029 548 3107 dictum
573 3028 842 3130 prudentissimi
866 3028 949 3116 viri,
974 3028 1189 3105 liberalitate
1210 3029 1410 3106 liberalitas

187 3154 320 3240 pereat.
326 3142 409 3218 Noli
419 3142 593 3242 respicere
602 3142 646 3217 ad
660 3141 801 3230 faleras,
810 3141 999 3218 etnomina
1009 3141 1103 3216 van'a
1113 3143 1301 3219 Catonum.
1310 3146 1408 3222 Idem

187 3278 295 3355 super
313 3255 546 3332 blattbacum.
564 3259 695 3332 Omnes
712 3254 774 3354 qui
792 3253 883 3353 stipe
898 3254 1032 3352 templi,
1045 3265 1082 3331 et
1094 3254 1151 3329 his
1168 3281 1248 3354 quae
1264 3255 1309 3332 ad
1322 3283 1408 3359 pau-

187 3392 312 3468 perum
326 3394 413 3443 usus
425 3369 671 3458 conferuntur,
683 3368 722 3444 in
735 3367 817 3443 aliis
831 3366 938 3444 rebus
949 3367 1151 3442 abutuntur
1163 3370 1294 3465 quibus
1303 3396 1406 3446 suam

187 3480 352 3579 expleant
368 3481 600 3572 voluntatem,
617 3481 753 3556 similes
769 3491 855 3556 sunt
880 3479 1079 3556 scribarum
1105 3489 1141 3556 et
1162 3480 1407 3580 phariseorum

187 3593 425 3670 redimentem
436 3593 660 3672 menducium
675 3604 711 3670 et
723 3594 938 3692 sanguinem
952 3593 1150 3670 salvatoris
1163 3596 1407 3672 vendentium.

697 3794 904 3882 cxxxrffl.

452 4000 502 4051 Ex
521 3997 638 4052 eodem
657 3999 832 4052 Iustiniana
850 3999 1080 4055 constitutione
1099 4003 1139 4054 11.

281 4155 540 4236 Constantinus
568 4159 710 4236 clericis
739 4159 891 4237 salutem
921 4160 1019 4236 dicit.
1051 4163 1156 4237 quta
1184 4165 1404 4242 sanctionem

186 4275 440 4371 quamdudum
456 4271 628 4352 meruisse
643 4270 887 4374 perhibemini,
900 4273 1028 4348 fundos
1040 4284 1076 4350 et
1088 4276 1268 4375 mancipia
1284 4285 1406 4354 vestra

184 4387 308 4463 nullus
325 4388 429 4463 novis
445 4388 694 4464 collationibus
710 4387 886 4485 obligavit
902 4387 964 4462 sed
982 4389 1173 4485 vagatione
1190 4389 1405 4485 gaudebitis.

184 4495 463 4576 Valentinianus
478 4511 515 4577 et
533 4501 679 4578 Valens.
696 4500 893 4577 Universos
916 4523 1005 4600 quos
1029 4502 1406 4594 constituitmustode‘s

1205 4619 1241 4672 eo
