3638 5294
910 366 1109 428 -440-

395 487 520 582 Itaque
537 482 672 558 sanctis
689 481 813 560 diebus
830 482 1031 560 ebdemadis
1047 485 1175 561 ultime
1197 487 1339 586 quibus.
1354 485 1469 564 solent
1492 487 1625 564 debito

396 623 476 671 rum
494 596 642 673 vincula
660 599 825 688 relaxari,
842 597 995 675 strident
1012 610 1159 688 catenae,
1173 601 1407 700 imponuntur
1420 602 1510 677 collo
1523 602 1623 677 inuo-

397 719 553 786 centum.
570 711 779 807 Exiguntur
803 713 979 788 immensa
1005 712 1158 810 pondera
1183 714 1274 803 auri,
1299 713 1394 787 inira
1420 724 1534 789 totum
1560 714 1623 788 tri-

397 823 519 899 duum.
544 825 779 922 Respondent,
803 824 903 900 aliod
927 851 965 902 se
982 835 1124 901 tautum
1150 835 1215 902 aut
1231 827 1380 927 duplum
1402 829 1433 903 si
1459 837 1622 926 peteren-

392 945 454 1012 tur
466 937 609 1026 daturos
625 938 814 1012 dummodo
830 949 1017 1015 servarent
1032 941 1147 1016 fidem.
1162 946 1275 1018 Erant
1287 942 1384 1040 pleni
1397 965 1560 1018 carceres
1574 943 1618 1017 de

274 1075 280 1084 ·
394 1049 688 1147 negotiatoribus.
714 1053 760 1124 Et
784 1051 890 1148 paulo
915 1061 1002 1149 post.
1027 1055 1219 1130 Honoratis
1244 1056 1359 1132 multa
1391 1056 1622 1132 minabantur

394 1163 624 1262 gravissima,
641 1163 713 1237 uisi
731 1163 917 1240 basilicam
934 1167 1125 1244 traderent.
1143 1170 1344 1245 Convenio'r
1361 1171 1436 1268 ipse
1449 1195 1471 1243 a
1484 1169 1623 1244 comiti-

393 1277 461 1354 bus
477 1287 513 1353 et
529 1277 695 1366 tribunis
712 1286 754 1352 ut
772 1301 837 1374 per
855 1281 911 1353 me
929 1280 1030 1370 fieret
1049 1291 1189 1355 matura
1211 1281 1618 1358 basilicaerraditi0.·1)i-

393 1392 560 1468 centihus
576 1391 918 1491 imperatoremiure
931 1416 996 1467 suo
1009 1395 1168 1485 iussisse,
1180 1405 1291 1494 utque
1305 1396 1343 1470 in
1357 1405 1528 1495 potestate
1541 1395 1620 1470 eius

263 1591 264 1596 η
393 1515 523 1595 esseut,
540 1505 660 1580 omnia
683 1505 776 1579 tradi
802 1505 937 1600 debere.
962 1508 1147 1605 Respondi.
1174 1508 1213 1582 si
1238 1535 1259 1581 a
1283 1516 1341 1584 me
1368 1518 1503 1607 peteret
1528 1509 1621 1608 quod

393 1644 512 1694 meum
531 1627 594 1709 est,
613 1641 668 1692 me
685 1641 756 1692 non
773 1619 1053 1716 refragaturum,
1070 1645 1288 1720 quamquam
1305 1623 1424 1696 omnia
1442 1646 1522 1719 quoe
1539 1648 1620 1698 mea

392 1743 490 1823 sunt,
507 1755 704 1831 pauperum
719 1732 802 1808 sint.
816 1737 953 1808 Verum
972 1760 1013 1809 ea
1031 1759 1111 1832 quas
1128 1735 1251 1810 divina
1268 1746 1365 1822 sunt,
1382 1735 1619 1833 imperatoria

394 1847 561 1949 potestati
579 1842 648 1921 nou
666 1871 743 1922 esse
760 1848 929 1924 subiecta.
947 1852 994 1923 Et
1011 1849 1115 1948 paulo
1133 1859 1219 1947 post.
1237 1849 1460 1946 Exigebatur
1472 1875 1494 1922 a
1508 1873 1562 1923 me
1576 1859 1618 1924 ut

391 1971 658 2061 compescerent
672 1962 852 2063 populum.
875 1963 1082 2062 Reierebam
1108 1963 1147 2036 iu
1173 1962 1353 2038 meo'iure
1369 1971 1455 2038 'esse
1482 1973 1523 2037 ut
1548 1986 1620 2037 non

392 2072 598 2167 excitarem,
616 2077 654 2151 in
672 2079 738 2152 Dei
757 2103 865 2151 manu
885 2087 925 2152 ut
942 2077 1137 2173 mitigaret.
1156 2081 1202 2153 Et
1219 2077 1325 2176 paulo
1342 2086 1428 2176 post.
1448 2083 1541 2151 Ante
1565 2076 1619 2150 lu-

392 2217 469 2269 cem
488 2200 684 2289 occupatur
701 2191 863 2280 ecclesia,
880 2191 916 2265 id
933 2192 1026 2289 quod
1043 2217 1065 2266 a
1083 2192 1260 2268 militibus
1285 2191 1511 2290 imperatoris
1534 2191 1619 2266 dici-

247 2325 252 2340 “
392 2317 453 2383 tur
472 2305 693 2395 mandatum,
710 2316 751 2381 ut
764 2305 795 2380 si
809 2306 947 2404 prodire
964 2305 1085 2395 vellet,
1102 2304 1249 2380 haberet
1265 2305 1414 2404 copiam,
1434 2329 1472 2379 se
1497 2313 1618 2379 amen

391 2429 520 2519 praesto
535 2420 676 2494 futuros
694 2419 724 2494 si
738 2419 896 2494 viderint
908 2445 991 2494 eum
1006 2443 1088 2494 cum
1102 2418 1289 2494 catholicis
1302 2418 1504 2494 convenire.
1523 2416 1618 2491 Alio-

391 2534 478 2633 quin
497 2558 534 2608 se
551 2534 696 2608 adeum
715 2544 833 2609 cetum
852 2557 958 2631 quom
987 2532 1196 2607 Ambrosius
1216 2541 1367 2628 cogeret
1391 2532 1616 2606 transituros

394 2647 540 2722 Prodire
557 2647 598 2722 de
617 2647 783 2720 Arrianis
801 2646 926 2721 nullus
942 2647 1106 2736 audebat,
1124 2646 1208 2746 quia
1225 2671 1292 2721 nec
1309 2645 1499 2744 quisquam
1513 2645 1555 2720 de
1568 2645 1617 2720 ci·

390 2762 495 2835 vibus
514 2771 602 2851 erat,
615 2761 720 2860 pauci
738 2761 781 2836 de
794 2761 930 2835 familia
946 2761 1057 2858 regia,
1070 2760 1236 2834 nonnulli
1250 2760 1358 2834 etiam
1373 2759 1491 2834 Gothi.
1505 2761 1551 2833 Et
1564 2759 1616 2832 iu-

389 2875 455 2949 fra.
469 2874 563 2968 Quid
575 2874 671 2950 enim
685 2875 913 2980 prestantius
926 2875 1041 2972 potuit
1054 2875 1125 2951 dici
1139 2901 1159 2948 a
1174 2874 1390 2951 Christianis
1405 2873 1494 2947 viris
1507 2897 1614 2971 quam

390 2989 427 3065 id
441 2990 532 3087 quod
545 2989 647 3066 hodie
662 2989 818 3090 Spiritus
831 3001 979 3066 sanctus
991 3001 1046 3064 est
1059 2992 1200 3066 locutus
1210 2995 1228 3066 ‘3
1240 2993 1423 3086 Rogamus
1438 2993 1616 3084 Auguste,

389 3127 460 3180 non
478 3127 693 3202 pugnamus.
710 3108 789 3178 Non
807 3104 988 3194 timemus,
1013 3104 1074 3179 sed
1101 3129 1281 3201 rogamus,
1298 3103 1364 3180 hoc
1390 3102 1615 3179 Christianos

389 3219 501 3308 dorcet,
518 3227 610 3293 utet
627 3217 873 3317 tranquillitas
887 3219 995 3316 pacis,
1008 3228 1045 3292 et
1058 3219 1151 3307 fidei,
1167 3217 1400 3315 veritatisque
1413 3217 1613 3291 constantia

390 3357 457 3408 nec
475 3330 598 3406 mortis
616 3343 804 3407 revocetur
822 3332 989 3431 periculo.
1008 3335 1072 3406 Est
1089 3333 1185 3408 euim
1205 3333 1336 3432 praesul
1353 3331 1527 3409 Dominus
1552 3329 1614 3430 qui

389 3446 509 3521 salvat
526 3455 711 3544 sperantes
727 3447 765 3520 in
782 3473 829 3522 se.
847 3447 915 3522 Sed
934 3447 1123 3522 veniamus
1147 3448 1191 3521 ad
1217 3445 1411 3544 propositas
1435 3445 1614 3520 lectiones.

390 3564 438 3637 Et
454 3561 559 3635 inira.
577 3563 750 3636 Teutatus
768 3571 822 3637 est
839 3560 911 3648 Iob,
926 3560 1065 3634 nuntiis
1082 3561 1314 3636 exacerbatus
1329 3557 1515 3648 malorum,
1527 3569 1614 3634 tem·

390 3685 511 3774 ptatus
529 3673 716 3765 malorum,
733 3685 929 3775 temptatus
947 3685 1001 3751 est
1019 3673 1127 3748 etiam
1153 3699 1216 3774 per
1242 3675 1428 3748 mulierem
1455 3697 1535 3771 quae
1554 3671 1613 3745 ait.

390 3790 458 3865 Dic
474 3789 610 3887 aliquid
626 3781 776 3864 verbum
795 3791 833 3863 in
852 3793 967 3864 Deum
986 3795 1021 3866 et
1039 3811 1183 3864 morere.
1202 3789 1330 3862 Videte
1347 3787 1385 3860 in
1399 3796 1532 3885 quauta
1558 3812 1613 3860 su·

389 3903 462 3979 bito
478 3912 677 3978 morentur.
692 3903 811 3994 Gothi,
824 3929 935 3994 arma,
948 3902 1115 4000 gentiles.
1128 3903 1244 3978 Multa
1259 3913 1497 3978 mercatorum
1515 3925 1613 3999 pena.

388 4013 588 4093 Advertitis
605 4017 690 4115 quid
708 4017 885 4108 iubeatur,
910 4043 992 4096 cum
1021 4017 1212 4091 mandatur
1236 4017 1377 4093 tradere
1401 4016 1614 4092 basilicam?

388 4129 455 4205 hoo
473 4139 536 4205 est.
554 4130 620 4204 Dic
638 4129 676 4203 in
695 4133 810 4205 Deum
827 4131 971 4229 aliquod
989 4131 1139 4206 verbum
1160 4141 1197 4207 et
1222 4155 1368 4208 morere.
1392 4135 1472 4206 Non
1498 4132 1613 4206 solum

388 4245 446 4320 dic
463 4245 637 4320 adversus
655 4247 782 4335 Deum,
795 4243 856 4320 sed
870 4245 928 4320 fac
941 4246 1115 4321 adversus
1128 4249 1253 4322 Deum.
1267 4246 1460 4322 Mandatus
1473 4247 1612 4321 tradere

389 4359 518 4432 altaria
536 4360 612 4434 Dei.
631 4362 813 4456 Urgemur
831 4360 946 4456 igitur
971 4362 1158 4460 praeccptis
1184 4363 1377 4458 regalibus,
1401 4362 1463 4437 sed
1488 4363 1614 4458 confir-

390 4499 531 4550 mamur
547 4475 737 4575 scriptura
753 4477 987 4578 sermonibus,
1004 4500 1085 4576 quta
1104 4477 1291 4576 rospondit.
1317 4479 1514 4576 Tamquam
1541 4501 1613 4550 uua
