3642 5294
946 435 985 450 ..
1012 401 1054 464 52
1080 434 1120 450 .-

416 522 479 613 rio,
495 522 674 596 Theodoro
691 523 816 598 locum·
826 531 992 598 servante
1018 533 1152 597 sanctae
1175 521 1268 596 sedis
1286 521 1581 611 lerosolimorum,
1605 532 1643 595 et

415 635 572 712 Iohanne
594 637 765 734 Episcopo
789 637 948 711 civitatis
973 635 1193 724 Portuensis,
1217 645 1253 710 et
1278 635 1444 709 Abundio
1469 635 1641 733 Episcopo

414 750 575 825 civitatis
592 751 832 839 Patrenensis,
850 761 886 826 et
903 751 1058 825 Iohanne
1082 749 1254 846 Episcopo
1277 747 1439 824 civitatis
1464 748 1640 844 Regitane

413 863 531 940 locum
548 864 887 962 representantibas
904 863 1123 939 venerabilis
1146 862 1310 951 Consilii,
1334 862 1427 960 quod
1451 862 1550 938 circa
1575 866 1640 937 Ro·

415 1001 511 1050 mam
533 986 588 1052 est
610 977 759 1052 CXXV.
781 977 1038 1053 venerabilium
1066 977 1331 1075 Episcoporum,
1356 977 1417 1074 qui
1443 976 1550 1050 etiam
1576 1001 1639 1074 per

414 1091 573 1189 proprias
595 1091 876 1189 subscriptiones
893 1091 1133 1178 declarantur,
1150 1091 1188 1163 in
1205 1089 1441 1186 suggestione
1458 1091 1504 1164 ab
1520 1090 1571 1165 eis
1589 1091 1605 1163 f
1625 1133 1639 1146 ·

413 1199 471 1280 cta
488 1205 533 1279 ad
550 1205 750 1303 piissimum
769 1205 972 1304 Principem
990 1205 1278 1292 Constantinum,
1296 1213 1332 1279 et
1348 1214 1478 1292 cetera,
1503 1214 1538 1278 et
1560 1215 1638 1300 post

412 1317 557 1392 nomina
574 1317 827 1416 Episcoporum
845 1318 1019 1416 sequitur.
1036 1323 1082 1393 Et
1100 1319 1255 1414 Georgio
1274 1318 1487 1416 Presbytero
1504 1327 1540 1392 et
1565 1321 1637 1392 Mo

412 1430 527 1506 nacho
545 1431 750 1506 monasterii
767 1431 882 1506 renati
900 1430 1004 1530 positi
1022 1432 1059 1505 in
1077 1432 1225 1528 antiqua
1244 1435 1365 1518 Roma,
1381 1440 1417 1506 et
1434 1431 1575 1507 Conone
1600 1441 1637 1508 et

412 1544 603 1642 Stephano,
628 1544 848 1642 presbyteris
873 1555 909 1620 et
935 1545 1120 1620 monachis
1145 1543 1351 1618 monasterii
1369 1543 1462 1641 quod
1486 1554 1636 1620 vocatur

412 1659 540 1732 domus
557 1658 698 1749 arsicia,
714 1659 818 1758 positi
836 1659 1002 1734 similiter
1018 1659 1056 1732 in
1073 1658 1222 1756 antiqua
1241 1661 1361 1732 Roma.
1378 1660 1468 1732 Item
1487 1658 1525 1730 in
1543 1671 1636 1734 octa·

410 1797 458 1846 va
474 1772 623 1863 actione,
648 1773 856 1849 Macharius
880 1773 1095 1848 venerabilis
1121 1770 1420 1870 archiepiscopus
1447 1772 1636 1848 Antiochia

410 1885 510 1960 dixit.
526 1889 607 1960 Non
624 1887 702 1962 dico
720 1887 808 1962 duas
825 1887 1029 1962 voluntates
1047 1895 1110 1962 aut
1127 1887 1216 1961 duas
1233 1887 1454 1985 operationes
1467 1887 1505 1960 in
1521 1887 1636 1962 incar·

410 1999 569 2095 nationis⁴
583 2001 846 2098 dispensatione
863 2000 1007 2075 Domini
1025 2002 1138 2077 nostri
1156 2001 1262 2076 Ihesu
1281 2001 1427 2090 Christi,
1448 2002 1508 2077 sed
1526 2028 1635 2076 unam

411 2113 632 2189 voluntatem
650 2125 686 2190 et
699 2115 764 2190 Dei
777 2115 922 2190 virilem
938 2116 1189 2212 operationem.
1207 2119 1339 2190 Sancta
1353 2117 1520 2214 Synodus
1536 2115 1634 2191 dixit.

409 2231 602 2327 Postquam
620 2253 691 2304 non
708 2231 886 2306 consentit
898 2229 1099 2304 orthodoxis
1112 2229 1418 2326 suggestionibus,
1432 2229 1634 2326 agathonis
1705 2311 1708 2318 .

408 2341 626 2416 sanctissimi
644 2346 748 2440 Papae
767 2346 925 2430 Romani,
950 2341 1082 2440 quibus
1107 2367 1229 2416 omnes
1253 2343 1505 2416 consentiendo
1528 2353 1632 2439 grate

409 2455 644 2552 suscepimus,
661 2455 892 2553 praevidimus
908 2456 1006 2530 hunc
1023 2457 1064 2531 de
1082 2456 1162 2530 sede
1180 2481 1244 2528 sna
1262 2479 1412 2552 surgere
1433 2465 1469 2530 ot
1494 2481 1634 2554 respon-

408 2569 499 2644 dere.
517 2572 564 2642 Et
580 2570 745 2645 surrexit.
764 2574 810 2644 Et
826 2570 932 2644 infra.
950 2573 1082 2644 Sancta
1097 2569 1264 2667 Synodus
1278 2569 1504 2645 exclamarit.
1523 2573 1632 2645 Herc-

406 2683 519 2759 ticum
545 2708 583 2758 se
610 2685 816 2758 Macharius
843 2685 1030 2759 manifeste
1055 2683 1322 2757 demonstravit.
1348 2687 1447 2757 Novo
1468 2685 1633 2760 Dioscoro

214 2835 217 2842 ·
336 2815 339 2821 '
408 2796 611 2873 anathema.
632 2802 758 2874 Novus
784 2799 972 2874 Dioscorus
998 2798 1092 2871 foras
1114 2798 1288 2872 mittetur.
1307 2802 1408 2871 Novo
1426 2797 1632 2895 Apolinario

406 2909 516 2984 malos
533 2934 655 2997 annos,
672 2921 769 2987 certo
786 2911 967 2987 alienatur
980 2910 1024 2985 ab
1041 2911 1260 3008 episcopata,
1273 2911 1429 2986 nudetur
1445 2937 1466 2984 a
1480 2911 1632 2985 circum-

405 3024 517 3122 posito
534 3027 567 3106 ei
585 3025 701 3123 pallio.
719 3030 766 3100 Et
782 3026 985 3100 denudatus
1002 3033 1057 3099 est
1075 3025 1111 3097 in
1130 3024 1244 3098 medio
1260 3033 1370 3098 stans.
1384 3027 1535 3123 Item-ex
1551 3024 1632 3098 sab-

404 3138 658 3236 scriptionibus
675 3142 792 3213 XVII.
805 3154 840 3215 et
853 3141 987 3213 XVIII.
1000 3137 1161 3212 actionis.
1171 3137 1373 3212 Theodorus
1387 3136 1536 3210 humilis
1546 3139 1628 3209 Pre-

404 3250 529 3349 sbyter
557 3261 690 3327 sancte
720 3255 887 3326 Romanae
912 3251 1093 3336 Ecclesiae,
1123 3250 1240 3324 locum
1271 3273 1400 3346 gerens
1428 3248 1630 3344 Agathonis

402 3373 457 3437 ter
474 3363 682 3454 beatissimi,
699 3364 917 3440 universalis
937 3368 1040 3461 Papae
1056 3364 1261 3461 subscripsi.
1286 3363 1464 3459 Georgius
1481 3363 1629 3436 humilis

403 3475 597 3574 Presbyter
614 3493 747 3553 sanctae
765 3480 932 3574 Romanae
949 3476 1122 3564 ecclesia,
1137 3485 1178 3549 ut
1192 3501 1310 3573 supra.
1323 3475 1499 3564 Iohannes
1513 3473 1628 3546 humi-

402 3586 448 3660 lis
464 3588 645 3663 Diaconos
663 3591 697 3663 S.
715 3593 755 3664 R.
774 3589 955 3678 Ecclesiae,
972 3599 1007 3665 et
1024 3599 1154 3678 cetera,
1172 3599 1348 3686 utsupra.
1366 3589 1546 3683 Georgius
1565 3587 1628 3660 mi-

400 3698 590 3774 sericordia
608 3701 673 3774 Dei
692 3701 887 3798 Episcopus
906 3701 1259 3799 Constantinopoleos
1277 3725 1378 3775 novae
1402 3705 1520 3775 Romae
1545 3700 1628 3774 defi-

401 3812 504 3886 niens
521 3813 726 3910 subscripsi.
744 3817 873 3890 Petrus
892 3815 1134 3891 misericordia
1152 3815 1217 3890 Dei
1236 3815 1441 3912 Presbyter,
1458 3813 1624 3888 stlocum

401 3950 550 4000 servans
573 3927 773 4024 Apostoliee
799 3928 892 4003 sedis
918 3928 1170 4003 Alexandrinae
1195 3953 1336 4024 magnae
1361 3927 1521 4002 civitatis
1546 3927 1626 4000 sub

399 4037 537 4135 scripsi.
555 4040 786 4139 Theophanes
799 4041 996 4139 Episcopus
1009 4043 1233 4140 Theopoleos,
1246 4043 1340 4116 idem
1354 4041 1555 4115 Antiochiae
1567 4040 1624 4114 de-

398 4151 538 4241 finiens,
556 4153 762 4252 subscripsi.
780 4156 962 4251 Georgius
978 4154 1128 4229 humilis
1146 4154 1339 4252 Presbyter
1355 4153 1472 4228 locum
1492 4177 1622 4248 gerens

398 4263 570 4339 Theodori
588 4269 660 4341 Deo
672 4267 847 4355 amabilis,
861 4280 897 4343 et
910 4269 977 4344 loci
992 4267 1187 4343 servatoris
1201 4266 1411 4364 Apostolicae
1425 4266 1528 4339 Sedis
1545 4289 1624 4339 san·

397 4387 465 4451 ctae
483 4377 619 4452 Christi
633 4379 775 4453 Domini
789 4381 898 4454 nostri
915 4381 1229 4456 Hierosolimorum
1242 4379 1403 4454 civitatis
1417 4378 1622 4475 subscripsi.

397 4489 573 4566 Iohannes
592 4493 833 4568 misericordia
853 4494 917 4567 Dei
938 4495 1133 4592 Episcopus
1151 4492 1491 4582 Thessalonicensis,
1508 4503 1543 4567 et
1563 4493 1623 4564 Vi-
