3618 5316
722 405 918 467 -315-

121 535 123 538 ’
209 523 343 597 Antius
359 533 396 597 et
413 524 573 598 Formias
589 523 691 598 beato
708 527 814 599 Petro
830 523 1035 622 acquisivit.
1049 529 1140 600 Item
1156 523 1336 600 Adrianus
1350 550 1431 601 con·
1503 521 1504 524 '

206 633 328 708 stituit
344 634 465 709 domos
482 635 599 710 cultas
616 637 686 710 IlII
704 661 813 712 unam
832 639 975 738 quidem
994 663 1073 738 qum
1090 637 1222 715 dicitur
1240 639 1358 739 Caput
1374 663 1430 716 co·
1477 657 1480 665 “

207 773 299 837 rum,
312 749 489 824 territorio
498 749 716 846 vigentem,
729 751 829 827 milia
842 754 887 829 ab
900 753 996 830 Urbe
1008 757 1117 828 Roma
1131 753 1213 854 plus
1226 753 1347 828 minus
1357 757 1428 829 XV

206 860 245 934 in
263 886 370 936 usum
383 861 413 938 Ο
427 883 623 961 pauperum
641 865 893 945 Laterauensis
909 867 1047 967 palatii,
1064 882 1100 942 et
1118 866 1299 942 Galeriam
1316 868 1353 941 in
1367 868 1428 942 via

207 973 357 1065 aurelia,
375 973 461 1049 mill.
477 975 559 1074 plus
576 976 696 1052 minus
712 979 750 1053 X
772 978 817 1054 ab
837 979 937 1068 urbe,
960 979 1004 1056 ad
1021 989 1184 1056 sanctam
1202 980 1368 1054 Rufinam
1387 989 1424 1054 et

208 1087 455 1164 Calvisianum
473 1088 510 1162 in
524 1089 584 1163 via
596 1091 791 1182 ardeatina,
808 1091 896 1167 mill.
913 1093 1061 1169 ab'urbe
1078 1092 1159 1191 plus
1173 1093 1293 1167 minus
1305 1096 1375 1169 XV
1390 1103 1427 1168 et

207 1201 314 1275 aliam
324 1201 503 1278 Galeriam
512 1227 596 1278 cum
609 1205 773 1280 omnibus
786 1203 1108 1303 aispertinentibus
1120 1206 1158 1279 iu
1174 1231 1279 1280 usum
1293 1215 1426 1282 saneta

208 1317 375 1390 Romanae
391 1313 570 1391 ecelesiae.
587 1317 685 1392 Idem
702 1319 898 1416 acquisivit
914 1317 1015 1395 beato
1032 1314 1312 1394 Petro'massam
1339 1324 1428 1394 Ara·

209 1426 357 1518 tionem,
374 1427 480 1502 sitam
493 1429 539 1503 ab
551 1429 638 1506 urbe
656 1431 744 1505 mill.
757 1435 846 1507 XVI
860 1433 920 1506 via
933 1433 1127 1523 ardeatina,
1140 1433 1179 1506 in
1192 1455 1262 1530 qua
1275 1431 1427 1508 ecclesia

207 1540 302 1618 beati
315 1542 434 1618 Edisti
446 1567 524 1620 esse
536 1543 745 1638 dinoscitur,
760 1545 914 1644 qualiter
931 1545 1040 1621 etiam
1057 1555 1094 1621 et
1110 1571 1265 1622 massam
1281 1545 1429 1620 Acutia·

208 1682 292 1730 nam
309 1681 389 1756 quae
405 1657 506 1732 iuxta
523 1658 646 1733 eadem
663 1681 740 1734 esse
758 1659 910 1735 videtur.
928 1663 1076 1736 Necnon
1094 1659 1202 1734 etiam
1217 1683 1370 1734 massam
1389 1660 1427 1733 in

209 1780 347 1869 quaest
360 1770 521 1847 ecclesia
534 1771 1176 1873 sa'netiLeuciipositaviallaminea,
1189 1773 1329 1848 millab
1342 1774 1429 1850 urbe

213 1885 323 1958 Roma
340 1882 422 1980 plus
447 1882 566 1958 minus
592 1888 636 1958 V.
662 1887 707 1959 Et
732 1885 899 1984 quamvis
923 1909 1032 1985 supra
1057 1894 1293 1960 monstratum
1312 1885 1370 1974 sit,
1392 1895 1428 1960 et

208 1996 326 2072 adhuc
343 1996 381 2070 in
398 1997 630 2095 sequentibus
646 1998 907 2074 demonstretur
925 1999 1095 2098 quosdam
1113 1998 1266 2074 ducatus
1283 2007 1320 2073 et
1338 2023 1428 2071 mar·

209 2110 307 2187 ahias
324 2136 369 2187 ex
384 2112 526 2208 integro
542 2112 754 2210 patrimonia
771 2112 865 2190 beati
884 2113 982 2186 Petri
1006 2137 1084 2187 esse
1109 2111 1226 2212 placet
1250 2119 1370 2185 tamen
1396 2135 1431 2185 o·

210 2224 372 2300 stendere
393 2225 553 2324 quaedam
571 2225 648 2300 loea
664 2225 761 2300 intra
778 2226 943 2328 prelatos
960 2226 1113 2302 ducatus
1130 2235 1166 2300 et
1191 2223 1371 2298 marchias
1394 2233 1431 2298 et

209 2337 430 2438 principatus
443 2339 553 2412 immo
567 2341 674 2414 etiam
686 2340 722 2413 in
733 2339 886 2414 diversis
899 2338 1100 2436 regnissita
1111 2337 1211 2413 velut
1223 2336 1318 2414 beati
1332 2337 1430 2412 Petri

211 2451 424 2551 patrimonia
438 2451 590 2527 diversis
603 2453 819 2550 temporibus
833 2480 853 2527 a
867 2455 1019 2530 diversis
1028 2452 1253 2552 pontificibus
1262 2451 1431 2526 Romanis

211 2565 335 2640 locata.
352 2565 472 2660 Igitur
490 2565 685 2641 Gasinense
705 2566 963 2642 monasterium
984 2565 1077 2642 beati
1104 2565 1223 2639 Patris
1246 2563 1431 2640 Benedicti

213 2677 337 2752 nullus
350 2677 482 2754 dicioni
495 2678 554 2754 vel
568 2679 638 2753 iuri
653 2679 847 2770 subditum,
860 2680 968 2756 habet
980 2679 1166 2754 tuitionem
1176 2678 1221 2753 ab
1231 2677 1434 2776 Apostolica

211 2792 292 2867 sede
309 2817 330 2866 a
348 2792 452 2868 cuius
466 2793 637 2869 Pontifica
650 2793 823 2870 Zacharia
836 2818 897 2892 per
910 2797 1142 2868 Petronacem
1157 2792 1279 2866 virum
1298 2800 1433 2866 restau-

212 2914 329 2978 ratum
347 2917 411 2995 est,
429 2906 624 2981 eversionis
641 2915 715 2981 suae
730 2908 775 2982 0⁰
789 2909 876 3003 XX⁰
890 2930 992 2980 anno.
1005 2904 1200 2980 Dominicae
1216 2905 1433 2980 lucarnatio·

210 3019 267 3092 nis
277 3019 560 3096 DOCXXhabet
572 3022 762 3118 privilegia
777 3047 853 3096 suae
862 3020 1026 3094 tuitionis
1039 3019 1237 3092 aRomanis
1253 3019 1432 3094 Pontifici-

210 3131 277 3206 bus
290 3133 570 3209 Zacbaria.ltem
581 3134 836 3209 monasterinm
851 3134 1008 3208 ciusdem
1024 3131 1245 3222 sublacense,
1257 3141 1294 3207 et
1307 3132 1430 3206 Salva-

210 3247 298 3322 toris
309 3247 404 3344 apud
415 3250 533 3336 Reate,
546 3256 582 3322 et
595 3248 776 3338 Farfense,
794 3248 986 3324 iurisbeati
996 3247 1093 3322 Petri
1106 3256 1202 3336 sunt,
1212 3246 1376 3344 quoniam
1392 3245 1430 3320 in

209 3359 286 3434 rius
300 3360 521 3458 patrimonio,
530 3369 565 3436 et
575 3361 755 3436 territorio
769 3371 809 3436 ut
818 3365 856 3436 in
865 3362 1097 3461 sequentibus
1110 3361 1323 3456 legitursita
1337 3369 1431 3434 sunt.

210 3477 297 3549 Haec
309 3474 429 3572 itaque
446 3499 526 3572 quae
542 3483 716 3550 secuntur
733 3486 875 3574 sumpta
895 3484 983 3550 sunt
999 3500 1042 3550 ex
1058 3473 1165 3550 tomis
1181 3471 1432 3549 Lateranensis

208 3589 460 3688 Bybliothecae.
473 3593 598 3688 Itaque
611 3591 649 3663 in
662 3614 702 3666 eo
719 3600 813 3665 tomo
829 3591 867 3664 in
881 3613 949 3689 quo
961 3589 1192 3691 praescriptus
1204 3597 1258 3663 est
1271 3591 1366 3688 Papa
1380 3590 1432 3661 Io·

208 3701 356 3779 hannes.
368 3706 493 3802 Itaque
509 3702 546 3776 in
560 3703 629 3778 alio
641 3702 916 3779 cartioiothomo
929 3703 1052 3778 inveni
1066 3703 1165 3776 iuxta
1179 3699 1379 3774 Palladium
1393 3700 1432 3772 in

208 3840 278 3914 quo
294 3817 523 3917 praescriptus
536 3826 591 3892 est
605 3820 699 3917 Papa
714 3816 922 3913 Gregorius,
939 3815 1112 3912 leguntur
1129 3839 1206 3890 esse
1219 3811 1432 3911 patrimonia

207 3929 301 4005 beati
318 3930 415 4006 Petri
433 3930 591 4029 Apostoli
607 3930 651 4005 ab
668 3929 800 4005 eisdam
815 3929 940 4006 locata.
953 3930 1048 4006 ldest
1065 3927 1321 4003 monasterium
1333 3923 1429 4000 beati

209 4044 305 4118 Petri
315 4043 352 4118 iu
363 4043 504 4141 integro
516 4071 599 4121 oum
615 4054 769 4120 mercato
778 4067 852 4134 suo,
865 4043 974 4118 situm
989 4043 1083 4118 intra
1097 4042 1281 4118 civitatem
1296 4042 1434 4116 Lucen-

207 4183 294 4249 sem,
306 4184 389 4234 oum
403 4169 504 4235 curte
517 4183 596 4256 quae
609 4159 740 4234 dieitur
754 4158 949 4233 Valentino
961 4157 1019 4232 vel
1029 4155 1208 4247 plentina,
1221 4173 1285 4230 seu
1294 4153 1432 4229 caeteris

207 4274 380 4362 curtibus,
397 4299 480 4348 cum
502 4274 607 4363 casis,
625 4273 814 4364 casalibus,
831 4273 960 4362 vineis,
974 4271 1093 4359 terris,
1109 4269 1233 4368 pratis,
1248 4268 1361 4356 silvis,
1373 4289 1432 4364 pa·

208 4388 316 4478 souis,
329 4387 468 4462 cultum
482 4397 519 4463 et
527 4387 718 4478 incultum,
732 4386 860 4463 mobile
873 4386 932 4463 vel
946 4385 1125 4474 inmobile,
1134 4407 1280 4482 seseque
1291 4405 1433 4456 moven-

207 4501 304 4582 tibus
314 4525 435 4582 serros
447 4511 483 4584 et
496 4502 657 4594 ancillas,
669 4500 783 4582 aldios
795 4497 1177 4600 aldionesangarales·
1191 4495 1444 4594 mandendis,¹
