3618 5316
711 406 909 472 -287-

196 518 438 597 insinuatione
454 526 651 620 suggessit,
668 527 899 601 Brumarium
924 527 1154 630 spectabilem
1180 528 1313 620 virum,
1338 555 1421 606 oum

196 633 307 708 nullis
320 637 524 712 extantibus
537 639 668 729 causis,
681 665 829 718 servum
841 641 1002 718 ccclesiae
1014 643 1232 739 gravissima
1246 644 1330 719 cede
1345 670 1423 718 mu·

198 759 342 840 ctasset,
359 760 448 828 tunc
465 752 573 827 etiam
591 755 635 829 ad
660 757 863 852 augendam
883 755 1063 831 violentiae
1080 783 1153 832 suae
1170 757 1422 855 pervicaciam,

197 864 443 962 supradictum
462 867 661 942 antistitem
678 869 908 964 gravissimis
931 871 1158 946 contumeliis
1182 871 1351 946 affecisse.
1376 875 1424 948 Et

198 973 414 1052 ideofratrcs
427 978 610 1054 karissimi
624 981 653 1056 si
664 982 794 1058 avobis
803 983 1016 1074 admonitus,
1024 983 1069 1058 ad
1078 984 1251 1060 iudicium
1260 993 1422 1060 vestrum

197 1087 537 1192 inquisitionemque
568 1096 786 1186 convenerit,
815 1097 969 1172 veritate
994 1098 1165 1188 discussa,
1182 1098 1277 1174 undo
1298 1107 1423 1172 tantus

200 1203 374 1300 superbiae
387 1205 547 1303 spiritus,
559 1216 624 1281 aut
637 1207 817 1284 violentiae
834 1209 1016 1309 conceptio
1033 1211 1188 1302 fluxerit,
1204 1211 1337 1309 quidve
1350 1211 1424 1286 fue·

198 1314 246 1389 rit
262 1339 332 1414 quo
349 1319 506 1416 pontifex
523 1330 624 1396 tanta
646 1321 868 1398 laceraretur
892 1323 1095 1413 insolentia,
1119 1324 1250 1398 nostris
1275 1322 1424 1398 auribus

197 1427 368 1506 relatione
385 1431 538 1529 signate.
554 1442 630 1509 Aut
646 1435 676 1509 si
690 1436 780 1511 forte
794 1435 905 1510 simili
919 1437 1193 1535 praesumptione
1206 1444 1424 1532 contempse-

198 1541 256 1632 rit,
264 1552 472 1640 potestatem
482 1547 550 1622 sibi
560 1549 787 1646 supradictus
799 1548 955 1647 pontifex
966 1550 1105 1624 noverit
1117 1573 1194 1624 esse
1208 1573 1423 1638 concessam,

198 1656 369 1753 quatinus
386 1659 480 1756 apud
493 1660 646 1737 iudicem
661 1661 855 1760 provincia
867 1661 1044 1738 atrocium
1057 1662 1271 1737 iniuriarum
1285 1671 1423 1760 quaerat

198 1771 432 1868 propositione
450 1773 658 1850 vindictam.

734 1917 890 2004 XGlllll.

295 2111 461 2188 Gelasius
479 2113 658 2204 Maiorioo,
677 2118 809 2192 Sereno
833 2127 869 2193 et
885 2117 1035 2194 Iohanni
1057 2116 1237 2217 episcopis.
1262 2115 1361 2205 Quod
1386 2124 1423 2190 et

197 2219 366 2298 humanis
379 2223 522 2322 legibus
535 2227 572 2300 in
586 2228 688 2303 civili
702 2230 903 2306 temeritate
916 2231 1077 2322 calcatis,
1086 2240 1122 2306 et
1132 2229 1331 2306 reverentia
1344 2228 1424 2304 reli-

198 2335 318 2430 gionis
333 2337 482 2430 abiecta,
496 2340 553 2416 vel
566 2341 819 2418 aecclesiastica
835 2344 1029 2442 privilegia
1046 2344 1186 2420 calcare
1203 2341 1423 2418 contendunt

199 2459 241 2522 ut
264 2448 413 2526 ubilibet
430 2453 467 2526 in
486 2479 684 2554 pauperum
703 2456 863 2555 prosilire
881 2455 1117 2554 dispendium,
1137 2479 1204 2531 nec
1220 2453 1423 2530 huiusmodi

198 2561 325 2638 saltem
347 2567 552 2642 commoniti
574 2569 799 2668 convictique
820 2569 1028 2668 nequitiam.
1044 2568 1158 2669 sopire
1183 2568 1424 2660 consentiunt,

198 2684 306 2774 atque
314 2677 414 2754 illata
425 2682 536 2756 sacris
546 2682 651 2756 rebus
660 2683 874 2759 detrimenta
887 2682 1031 2772 sarcire,
1040 2683 1167 2757 merito
1176 2681 1290 2756 divini
1300 2706 1424 2756 mune·

200 2789 356 2888 ris1sune
373 2795 643 2893 participatione
660 2797 835 2898 privandi.
854 2800 900 2870 Et
917 2796 1021 2870 infra.
1039 2799 1259 2894 Quapropter
1271 2794 1423 2870 Dionisii

199 2906 261 3002 qui
278 2907 375 2984 siout
391 2919 510 2986 restro
524 2919 644 2985 textus
657 2911 842 2986 relationis
854 2909 1019 3000 ostendit,
1031 2933 1102 2984 non
1115 2910 1230 2984 solum
1244 2909 1425 2984 Vironen-

199 3019 249 3094 sis
262 3020 412 3100 ecclesie
426 3023 506 3098 iura
520 3024 675 3115 turbare,
688 3025 749 3100 sed
762 3024 871 3100 etiam
884 3047 1073 3122 repensare
1085 3022 1177 3121 quod
1190 3021 1354 3119 nequiter
1365 3022 1424 3095 ad·

199 3133 371 3210 miserant
396 3147 620 3235 respuerunt,
642 3161 742 3213 sacre
764 3135 1025 3214 communionis
1049 3145 1240 3212 arceantur
1263 3159 1423 3224 accessu,

198 3245 308 3324 donec
325 3273 404 3346 quae
421 3249 545 3326 honori
562 3251 685 3326 divino
701 3261 909 3349 competunt
926 3251 1066 3326 discant
1083 3251 1210 3327 devota
1232 3259 1351 3326 mente
1367 3249 1426 3324 de·

198 3361 302 3438 ferre.
320 3365 453 3440 Contra
471 3387 559 3463 qnos
577 3365 685 3440 etiam
703 3363 874 3463 quicquid
888 3363 1042 3462 publicis
1054 3363 1196 3460 legibus
1208 3363 1269 3460 agi
1284 3362 1425 3461 poterit,

200 3473 349 3550 minime
365 3477 587 3572 negligatur,
600 3487 642 3552 ut
654 3477 716 3575 qni
729 3486 924 3574 utrumque
941 3484 1174 3574 tempserunt,
1190 3473 1353 3573 atrisque
1369 3496 1424 3549 ce

198 3586 317 3674 bibiti,
333 3597 408 3663 tam
434 3589 503 3664 sibi
528 3613 636 3687 quam
653 3589 784 3665 ceteris
801 3587 984 3687 praebeant
1000 3588 1092 3688 quod
1105 3587 1305 3665 necessaria
1318 3586 1422 3664 disci-

198 3698 297 3799 plina
315 3701 428 3798 poscit
445 3701 658 3800 exemplum.

721 3842 898 3928 xovlllr.

297 4042 465 4118 Gelasius
482 4040 632 4116 Iohanni
649 4041 811 4140 episcopo
823 4043 982 4117 Frisano.
996 4040 1250 4118 Ecclesiastico
1269 4039 1426 4115 ministe-

200 4155 254 4228 ria
267 4153 1034 4254 quaeunicuiquebasilicaefideliumdevotio
1052 4153 1247 4252 deputavit,
1259 4151 1304 4227 ad
1316 4151 1424 4225 aliarn

198 4269 397 4346 aecclesiam
411 4269 511 4345 nullo
523 4268 652 4346 debent
667 4267 886 4366 surripiente
902 4265 1102 4342 transferri.
1115 4269 1163 4342 Et
1180 4267 1257 4341 ideo
1269 4265 1299 4340 si
1316 4264 1427 4339 huius

197 4383 287 4459 iuris
305 4384 484 4483 portitoris
502 4383 625 4481 petitio
641 4381 794 4456 veritate
812 4379 987 4469 subsistit,
1005 4378 1155 4454 calicem
1176 4403 1281 4477 quem
1307 4377 1426 4452 deces-

198 4522 256 4574 sor
265 4507 351 4574 tuus
359 4496 519 4587 abstulit,
529 4493 699 4571 [acclesiae
708 4493 813 4570 cuius
826 4493 898 4570 fuit
906 4492 1056 4570 restitue
1064 4491 1142 4568 sine
1151 4489 1425 4568 intermissione.
