3646 5292
919 403 960 420 -
984 371 1051 436 aoe
1076 405 1115 420 -

954 543 1081 629 LVIII.

432 725 514 778 Item
527 736 569 778 ex
583 723 724 778 concilio
736 723 870 790 nicolay
884 725 1017 777 iunioris
1032 736 1105 776 cum
1125 725 1297 790 Episcopis
1312 723 1412 775 CXIII
1427 735 1498 790 cap.
1512 725 1552 788 V,
1565 724 1599 776 et

707 813 841 866 ooncIIIo
853 816 942 871 LIIII
955 814 1192 879 *episcoporum
1205 815 1332 867 LXVII.

504 953 554 1026 Ut
579 949 726 1025 decimae
742 957 779 1023 et
794 949 963 1050 primitiae
980 974 1043 1024 seu
1062 973 1295 1048 quaecumque
1313 949 1509 1026 oblationes
1531 951 1631 1025 vivo-

408 1089 490 1139 rum
503 1073 539 1140 ot
551 1072 771 1139 mortuorum
788 1063 961 1139 aecolcsiis
971 1064 1036 1138 Dei
1050 1063 1202 1140 fideliter
1220 1065 1413 1139 reddantur
1430 1064 1581 1153 alaicis,
1594 1075 1631 1140 ct

409 1177 503 1251 utin
520 1177 747 1275 dispositione
761 1177 1005 1275 episcoporum
1019 1178 1094 1252 sint
1118 1178 1317 1252 secundum
1344 1200 1498 1252 canones
1514 1177 1633 1252 distri-

410 1289 548 1366 buende
571 1314 661 1388 quas
678 1289 739 1388 qui
758 1290 984 1381 retinuerint,
1000 1316 1021 1364 a
1039 1301 1173 1366 sanctae
1190 1291 1363 1366 aecclesia
1380 1291 1628 1366 communione

412 1413 633 1503 separentur.
645 1406 737 1478 Item
755 1406 823 1479 Leo
840 1407 911 1478 IIII
929 1405 967 1478 in
986 1406 1140 1502 registro
1156 1430 1221 1481 suo
1238 1405 1411 1505 episcopis
1424 1405 1630 1480 Britannia.

413 1521 465 1595 De
487 1519 637 1595 decimis
662 1543 745 1595 vero
762 1543 833 1594 non
850 1529 993 1595 tantum
1013 1519 1114 1594 nobis
1132 1519 1192 1594 sod
1212 1529 1247 1594 et
1266 1518 1444 1618 prioribus
1468 1518 1631 1616 patribus

415 1632 563 1732 placuit,
587 1633 751 1733 plebibus
767 1643 908 1709 tantum
934 1634 1023 1724 dari,
1041 1634 1078 1706 in
1097 1633 1227 1731 quibus
1252 1642 1480 1708 sacrosancta
1500 1633 1630 1708 dantur

409 1746 634 1844 baptismata.
656 1746 858 1822 Alexander
883 1750 917 1820 II
936 1746 1124 1843 sigifredo,
1142 1748 1202 1821 ait.
1220 1746 1446 1846 Quicumque
1472 1747 1628 1822 decimas

416 1885 500 1935 suas
517 1861 709 1935 annuatim
728 1860 971 1936 sacerdotibus
987 1883 1058 1934 non
1076 1860 1200 1952 reddit,
1218 1860 1439 1936 christianus
1456 1883 1527 1936 non
1544 1871 1607 1936 cst.
1659 1961 1665 1972 .

889 2155 893 2164 ,
942 2061 1095 2148 -IVIIII

761 2270 876 2322 Leonis
888 2271 990 2336 Papae
1003 2270 1095 2322 VIIII
1108 2268 1290 2323 Decretum.

509 2435 578 2508 Leo
591 2432 778 2531 episcopus
791 2456 918 2508 servus
935 2455 1120 2508 servorum
1138 2433 1215 2522 Dei,
1232 2432 1397 2508 omnibus
1414 2432 1579 2508 fidelibus
1595 2433 1634 2507 in

416 2545 560 2623 Christo
576 2569 639 2646 per
662 2554 772 2619 totam
791 2543 944 2618 Italiam.
960 2543 1126 2622 Relatum
1151 2557 1207 2623 ost
1223 2547 1372 2621 auribus
1399 2548 1533 2622 nostris
1557 2573 1634 2623 csso

414 2660 584 2760 quosdam
602 2683 769 2760 perverso
786 2667 951 2754 agentes,
969 2660 1031 2757 qui
1049 2661 1255 2738 subvertere
1271 2671 1378 2759 atquo
1395 2662 1555 2738 dividere
1580 2687 1635 2737 co-

419 2773 1635 2874 uanturaecclesiaeunitatemvidolicetAbbatcsetMonachiquinon

416 2888 535 2966 studio
553 2886 717 2962 caritatis
732 2888 789 2962 sed
805 2887 880 2962 zelo
894 2888 1101 2986 rapacitatis
1114 2889 1322 2986 invigilant,
1335 2901 1371 2966 et
1387 2891 1514 2966 docent
1530 2899 1637 2988 atque

325 3007 328 3014 '
416 3004 586 3080 seducere
604 3025 674 3075 non
697 3009 840 3076 cessant
865 3001 1045 3076 seculares
1069 3002 1230 3078 homines
1256 3027 1343 3100 quos
1368 3003 1432 3076 illa
1457 3028 1538 3102 quae
1554 3003 1636 3078 darc

420 3127 579 3219 possunt,
599 3124 713 3190 utros
736 3141 820 3190 suas
845 3125 952 3213 atqua
978 3117 1226 3215 possessiones,
1243 3117 1320 3192 sive
1345 3117 1636 3206 invitassem

419 3243 531 3308 morte
549 3233 586 3306 in
605 3231 831 3307 monasteriis
848 3231 992 3306 illorum
1019 3229 1174 3318 tradant,
1191 3237 1227 3304 ot
1252 3229 1416 3305 ccelesiis
1433 3229 1563 3328 quibus
1581 3255 1637 3303 su-

417 3348 526 3424 biecti
543 3372 621 3422 csse
638 3346 819 3436 videntur,
832 3355 868 3420 et
884 3371 905 3418 a
923 3345 1053 3444 quibus
1070 3343 1300 3444 baptismum,
1313 3344 1636 3441 paenitentiamen-

418 3461 639 3551 charistiam,
648 3483 787 3535 necnon
800 3458 971 3558 pabulum
980 3459 1065 3532 vitae
1074 3484 1157 3533 cnm
1171 3459 1264 3534 lacte
1277 3459 1398 3535 carnis
1410 3467 1634 3557 acceperunt,

422 3576 482 3652 vel
503 3575 698 3674 accipiunt,
715 3573 830 3648 nichil
855 3572 1015 3648 debonis
1032 3574 1109 3648 suis
1134 3573 1351 3673 relinquant,
1368 3573 1462 3648 hanc
1485 3574 1635 3671 denique

420 3693 553 3767 famam
570 3689 754 3765 discordiae
779 3712 843 3762 nos
869 3687 1209 3778 animadvertentes
1226 3688 1391 3763 omnibns
1417 3687 1529 3762 modis
1546 3687 1635 3760 inbi-

419 3807 503 3883 bere
520 3804 699 3894 volumus,
708 3812 745 3879 et
761 3828 806 3878 ne
824 3802 980 3902 amplius
998 3803 1060 3876 liat
1077 3803 1220 3875 omnino
1237 3801 1636 3899 prohibemuscmver-

420 3927 539 3996 tentes
555 3941 626 3992 non
643 3941 719 3993 csso
745 3917 888 4004 bonum,
913 3927 954 3991 ut
979 3915 1034 3988 illi
1051 3917 1113 4014 qui
1138 3915 1221 3989 olim
1240 3916 1389 3990 fuorunt
1406 3915 1493 3991 socii
1510 3917 1636 4014 passio

420 4059 509 4107 num
535 4031 732 4108 secundum
751 4030 971 4129 Apostolum,
989 4029 1062 4105 sint
1087 4031 1266 4104 immunes
1291 4056 1312 4103 a
1333 4031 1502 4106 societate
1520 4053 1636 4106 conso

421 4149 606 4223 lationnm.
623 4151 670 4222 Et
692 4147 776 4246 quia
793 4147 927 4242 dignus
944 4155 999 4220 ost
1015 4144 1197 4243 operarius
1215 4144 1375 4218 mercado
1392 4167 1468 4216 sua.
1489 4143 1635 4242 Ideoque

423 4262 651 4362 precipimus
668 4271 775 4360 atquo
789 4261 965 4352 iubemus,
973 4270 1015 4336 nt
1029 4259 1246 4358 quicumque
1263 4259 1387 4332 amodo
1404 4257 1448 4331 ad
1466 4267 1636 4332 monaste·

424 4377 519 4451 rium
537 4375 699 4452 converti
717 4375 882 4464 volucrit,
895 4375 971 4451 sive
988 4377 1026 4448 in
1043 4373 1119 4447 vita
1137 4373 1268 4447 sivein
1289 4381 1402 4448 morte
1420 4381 1462 4446 ut
1478 4372 1634 4446 omnium

424 4516 541 4568 rarum
560 4499 596 4566 et
613 4491 874 4590 posscssionum
900 4515 990 4590 quas
1016 4514 1077 4590 pro
1102 4488 1219 4565 saluto
1245 4490 1475 4565 animasum
1500 4489 1635 4590 disponi
