3646 5292
10 14 12 46 ⁵
110 9 280 149 Ἴ

721 402 914 470 -239-

210 521 428 622 dispensant,
442 531 479 599 et
492 520 622 599 divites
639 523 731 598 fiunt
743 521 785 598 de
804 521 910 597 rebus
926 545 1135 624 pauperum,
1148 524 1215 624 ipsi
1228 533 1315 601 suut
1327 551 1431 601 num-

209 635 355 710 mularii
369 635 603 733 pecuniarum
622 660 764 711 mensas
781 635 953 712 hahentes
975 637 1160 714 Christum
1182 640 1322 716 evertit.
1341 644 1433 728 Quo·

208 751 305 824 niam
320 760 439 825 autem
454 749 587 825 mensis
601 749 924 826 ecclesiasticarum
939 753 1172 850 pecuniarum
1186 755 1326 831 diaconi
1344 779 1431 854 prm-

210 873 306 952 sunt,
322 863 450 939 docent
465 886 529 938 nos
546 863 584 936 in
601 863 742 939 actibus
759 865 834 939 suis
854 866 1021 964 Apostoli.
1038 867 1130 943 (lum
1149 869 1285 945 facturn
1303 869 1432 944 suisset

209 977 328 1077 inquit
344 1003 510 1053 murmur
528 977 734 1054 Graecorum
753 979 797 1053 ad
816 979 982 1068 Hebreos,
1001 1005 1041 1056 eo
1057 981 1149 1080 quod
1163 982 1431 1080 despicerentur

208 1093 327 1168 viduae
344 1116 467 1168 eorum
486 1092 523 1165 in
541 1092 739 1168 ministerio
756 1091 932 1168 cotidiano
950 1092 1123 1172 dicebant.
1137 1098 1219 1170 Non
1232 1103 1287 1171 est
1298 1094 1431 1170 bonum

208 1229 273 1280 nos
286 1205 528 1304 relinquentes
541 1207 691 1283 verbum
703 1207 767 1282 Dei
778 1205 981 1282 ministrare
992 1208 1135 1283 mensis.
1144 1209 1280 1306 Eligite
1289 1232 1376 1306 ergo
1385 1234 1432 1284 ex

210 1319 310 1395 vobis
323 1330 458 1417 septem
473 1344 560 1419 quos
574 1319 837 1397 constituamus
850 1319 887 1393 in
897 1320 994 1396 hunc
1007 1346 1124 1396 usum.
1137 1326 1211 1398 Nos
1223 1332 1343 1399 autern
1353 1347 1432 1398 ver-

209 1433 253 1509 bo
270 1433 334 1508 Dei
352 1433 529 1509 instantes
546 1433 691 1509 erimus.

740 1627 912 1712 cxxvss.

463 1836 465 1842 '
594 1831 643 1884 Ex
661 1831 798 1884 coneilio
817 1831 1041 1890 Braeharensi.

282 2004 425 2080 Placuit
441 2011 483 2078 ut
499 1999 670 2102 quiequid
692 2027 736 2078 ex
760 2001 947 2078 collatione
973 2002 1315 2095 fideliumoffertur,
1338 2005 1434 2103 apud

212 2145 327 2194 unum
344 2117 556 2194 clericorum
580 2115 732 2191 fideliter
757 2113 962 2212 colligatur,
988 2125 1025 2192 et
1045 2117 1240 2194 constituto
1265 2127 1434 2217 tempore,

213 2240 277 2306 aut
291 2229 403 2308 semel
420 2242 485 2304 aut
496 2229 551 2306 bia
565 2229 603 2303 in
617 2252 720 2318 anuo,
733 2228 827 2304 inter
840 2253 960 2306 omnes
973 2229 1121 2308 clericos
1134 2231 1327 2308 dividatur.
1339 2235 1432 2308 Nam

210 2370 309 2422 nunc
324 2345 460 2421 modica
472 2369 516 2420 ex
528 2345 605 2443 ipsa
618 2343 791 2442 qualitate
802 2343 976 2420 discordia
985 2355 1192 2441 generatur,
1200 2346 1231 2421 si
1242 2345 1435 2446 unusquis·

214 2485 283 2559 que
300 2460 337 2534 in
356 2485 423 2534 sua
439 2459 639 2558 septimana
656 2457 749 2556 quod
766 2455 924 2533 oblatum
942 2458 1053 2534 fuerit
1069 2458 1136 2536 sibi
1152 2458 1327 2536 defendat.
1400 2473 1413 2492 ’·

725 2659 918 2748 cxxvlll.

657 2865 707 2917 Ex
725 2875 798 2930 cap.
817 2865 862 2918 VI
881 2863 986 2916 simod.

311 3027 536 3128 Precipimus
553 3051 598 3103 no
616 3027 795 3102 Diaconus
812 3024 979 3124 quumvis
996 3025 1034 3098 in
1051 3025 1230 3122 dignitate
1247 3023 1314 3100 hoc
1327 3035 1382 3100 ost
1397 3024 1436 3096 iu

215 3137 330 3222 officio
347 3139 504 3238 quolibet
520 3139 763 3216 ecclesiastico
779 3137 838 3229 sit,
855 3148 938 3214 ante
954 3139 1205 3239 presbyterum
1222 3137 1353 3227 sedeat,
1365 3135 1436 3211 nisi

215 3279 297 3328 cum
315 3254 414 3330 vices
430 3254 596 3330 habuerit
613 3251 744 3352 proprii
763 3251 986 3350 patriarchae,
1002 3261 1066 3326 aut
1087 3250 1350 3350 metropolitani
1376 3273 1439 3348 pro

214 3366 334 3466 aliquo
350 3367 517 3466 capitulo.
534 3369 636 3442 Tunc
653 3365 748 3442 enim
767 3363 863 3439 sicut
879 3362 980 3437 illius
997 3362 1115 3438 locum
1137 3373 1264 3439 tenens
1289 3361 1437 3437 honora-

214 3479 322 3555 bitur.
339 3480 377 3555 Si
395 3479 576 3578 quievero
594 3475 862 3579 praesumpserit
877 3475 956 3552 haec
973 3476 1165 3575 tyrannice
1183 3475 1314 3565 secere,
1327 3500 1349 3549 a
1361 3497 1439 3573 pro·

215 3592 292 3690 prio
307 3594 423 3690 gradu
445 3593 619 3692 repulsus,
636 3591 790 3666 ultimus
806 3589 967 3666 omnium
986 3591 1049 3665 fiut
1066 3589 1104 3664 in
1121 3589 1243 3665 ordine
1262 3613 1335 3664 suo.

724 3791 934 3878 cxxvlffl.

727 3993 777 4047 Ex
794 3991 921 4048 eodem.

313 4157 448 4235 Nullus
464 4179 586 4236 corum
604 4155 665 4255 qui
683 4163 987 4232 connumerantur
1004 4153 1043 4229 in
1061 4153 1167 4244 clero,
1182 4153 1439 4230 vestimentum

218 4273 387 4350 indecens
402 4271 530 4348 habeat
547 4271 624 4347 sive
640 4270 679 4343 in
695 4268 843 4345 civitate
860 4266 1008 4364 degens,
1025 4265 1102 4340 sive
1119 4265 1157 4338 in
1175 4264 1304 4340 itinere
1317 4263 1441 4339 ambu-

217 4385 309 4477 lans,
333 4387 394 4463 sed
419 4385 517 4462 stolis
541 4392 691 4459 utantur
715 4405 795 4480 quae
820 4405 998 4458 concessae
1015 4387 1101 4454 sunt
1125 4377 1276 4454 clericis.
1294 4376 1334 4452 si
1360 4376 1442 4476 quis

218 4523 304 4576 vero
319 4499 391 4575 tale
407 4499 491 4598 quid
510 4496 646 4585 lecerit,
663 4520 725 4594 per
743 4519 853 4568 unam
870 4491 1125 4571 hebdomadam
1144 4491 1394 4590 suspendatur.
