3646 5292
713 425 755 442 -
778 389 845 456 247
869 413 916 442 -'

205 537 287 588 rum
317 523 356 589 et
378 511 650 612 peregrinorum
680 509 976 588 sustentationem
1007 537 1086 590 esse
1118 513 1355 616 decernimus.
1381 519 1427 593 Et

203 625 309 725 paulo
324 633 412 722 post.
420 623 592 723 Quisquis
608 631 729 699 autem
747 625 953 722 apparuerit
969 626 1159 724 posthanc
1176 625 1425 706 diffinitionem

204 747 361 814 nostram
378 737 599 813 contrarium
616 736 701 836 quid
727 736 814 812 huic
838 749 974 815 sanctes
998 764 1041 841 ac
1065 740 1265 816 universali
1282 741 1426 841 Synodo

203 878 323 952 agere,
336 854 532 951 deponatur
549 863 591 928 ut
607 854 859 952 prevaricator
877 853 1083 927 divinarum
1100 854 1224 950 legum
1242 851 1279 930 et
1296 877 1429 952 praece-⁴

203 977 355 1066 ptorum.
374 967 522 1043 Oessata
546 966 715 1042 videlicet
738 965 883 1042 omnino
911 990 991 1064 quer
1016 965 1112 1044 lacta
1136 973 1191 1041 est
1215 966 1254 1040 in
1278 967 1425 1066 scriptis

204 1081 263 1157 vel
279 1081 357 1156 sine
373 1080 518 1179 scriptis
534 1081 579 1156 ab
595 1080 757 1181 episcopo
770 1079 1054 1170 venditione,vel
1066 1080 1338 1180 emphyteutica
1355 1091 1426 1156 tra·
1522 1163 1523 1166 ,

90 1263 94 1270 .
204 1195 347 1284 ditione,
363 1203 428 1269 aut
443 1194 515 1268 alia
532 1195 660 1294 quavis
676 1194 890 1271 alienatione
906 1193 1149 1294 cymiliorum,
1162 1193 1303 1271 scilicet
1318 1204 1355 1271 et
1372 1220 1426 1270 sa·

206 1307 378 1382 lariorum
400 1307 568 1383 locorum.
586 1307 658 1396 Qui
671 1331 756 1384 vero
773 1309 912 1399 emerit,
929 1317 995 1384 aut
1009 1309 1208 1408 perceperit
1223 1308 1360 1408 aliquid
1376 1333 1425 1384 ex

206 1420 386 1521 praedictis
403 1420 564 1520 cymiliis
577 1420 635 1497 vel
652 1421 806 1514 salariis,
823 1432 858 1498 et
871 1427 943 1498 non
956 1421 1155 1498 restituerit
1172 1421 1344 1499 aecclesiae
1360 1422 1424 1498 ite·

205 1563 285 1611 rum
304 1560 383 1634 quae
400 1535 571 1611 ecclesie
588 1543 684 1624 sunt,
704 1535 764 1610 vel
780 1559 852 1611 non
870 1535 1063 1613 reddiderit
1090 1536 1136 1610 ad
1159 1535 1423 1612 incendendum

205 1658 342 1726 cartam
356 1649 581 1741 venditionis,
589 1649 649 1725 vel
657 1650 930 1748 emphyteuseos
943 1649 990 1724 sit
1002 1648 1206 1740 anathema,
1215 1673 1328 1748 usque
1338 1650 1424 1725 dum

203 1764 329 1840 fecerit
346 1765 439 1864 quod
455 1764 500 1839 ab
515 1764 584 1839 hac
601 1774 727 1840 sancta
745 1773 781 1839 et
797 1763 997 1839 universali
1019 1763 1154 1861 synodo
1171 1764 1424 1838 confirmatum

203 1888 266 1956 cst.
284 1879 323 1954 Si
346 1888 468 1954 autem
486 1878 670 1977 episcopus
687 1878 875 1954 convictus
900 1876 1010 1952 fuerit
1034 1877 1275 1953 construxisse
1304 1901 1423 1952 mona·

204 1993 356 2070 sterium
373 1994 416 2070 do
432 1992 693 2072 ecclesiasticis
719 1991 926 2082 redditibus,
941 1991 1106 2068 tradatur
1130 1990 1244 2068 cidem
1261 1989 1424 2068 ecclesiae

204 2109 323 2208 ipsum
340 2107 607 2184 monasterium.

735 2229 796 2316 XI.
813 2226 891 2326 (εἰσ)

549 2414 599 2466 Ex
616 2409 734 2466 eadam
751 2407 784 2460 ia
802 2406 928 2461 actione
946 2405 1072 2460 eedem

208 2597 211 2602 ·
298 2567 440 2645 Placuit
455 2566 541 2642 huic
565 2573 699 2642 sanctae
715 2589 758 2640 ae
775 2584 918 2659 magnac
930 2543 1077 2661 synode,
1095 2568 1137 2636 nt
1153 2584 1221 2652 res,
1241 2559 1301 2636 vel
1315 2560 1425 2660 privi-

204 2681 301 2779 legia
310 2706 390 2782 quaa
398 2681 464 2756 Dei
477 2679 648 2757 {ecclesiis
658 2704 704 2755 ex
717 2678 824 2774 longa
834 2673 1090 2750 consuetudine
1105 2673 1425 2772 pertinent,etsive

203 2795 329 2870 adivae
343 2793 595 2870 reeordationis
611 2790 895 2890 imperatoribus,
908 2789 985 2863 sive
998 2787 1042 2863 ab
1055 2787 1138 2862 aliis
1147 2787 1213 2863 Dei
1226 2786 1425 2863 cultoribus

204 2908 242 2982 in
259 2907 403 3007 scriptis
419 2906 558 2998 donata,
575 2916 612 2982 ct
627 2905 672 2981 ab
688 2906 740 2982 eis
757 2929 819 3004 per
835 2924 948 2977 annos
960 2903 1070 2977 XXX
1082 2923 1242 3000 possessa
1259 2909 1425 2990 suntne·

205 3046 384 3122 quaquam
401 3047 422 3096 a
439 3029 611 3121 potestate
637 3018 833 3119 praesulum
862 3039 986 3092 earum
1016 3033 1251 3114 quaecumque
1275 3036 1424 3113 persona

204 3133 389 3210 saecularis
409 3142 619 3233 potestatem
644 3130 843 3221 subtrahat,
859 3137 923 3204 aut
947 3153 1010 3228 per
1025 3127 1425 3230 argumentatquaelibet

203 3249 354 3339 auferat,
367 3249 429 3324 sed
441 3248 515 3323 sint
530 3247 649 3322 omnia
666 3247 704 3321 in
722 3253 894 3344 potestate
911 3268 953 3319 ac
970 3269 1041 3318 usu
1058 3242 1223 3344 praesulis
1240 3241 1423 3333 aecclesiae,

206 3385 430 3462 quecumque
443 3361 539 3436 intra
556 3363 666 3437 XXX
677 3385 853 3436 annorum
866 3358 1020 3458 spatium
1034 3357 1079 3432 ab
1091 3357 1253 3434 ecclesiis
1265 3381 1425 3456 possessa

205 3479 316 3554 fnisse
328 3487 536 3554 noscuntur.
545 3476 716 3575 Quisquis
729 3498 816 3572 ergo
829 3472 1057 3548 saecularium
1074 3479 1198 3548 contra
1214 3480 1424 3569 praesentem

204 3591 453 3667 diffinitionem
471 3591 600 3688 egerit,
618 3600 803 3689 tamquam
821 3586 1021 3683 sacrilegus
1047 3584 1239 3676 iudicetur,
1255 3593 1291 3660 et
1314 3585 1425 3661 donec

205 3731 243 3783 se
256 3705 460 3797 correxerit,
473 3715 509 3782 et
521 3704 691 3782 eccclesiae
705 3703 845 3804 propria
859 3700 1063 3802 privilegia,
1075 3725 1137 3776 seu
1148 3723 1206 3774 res
1216 3696 1424 3789 restituerit,

205 3820 397 3897 anathema
414 3819 471 3895 sit.

774 3943 854 4029 llll.

552 4125 588 4175 In
606 4122 723 4177 eadem
742 4133 784 4176 ex
802 4121 927 4175 actione
945 4118 1073 4175 eadem.

277 4282 505 4378 Oportetpost
514 4278 811 4354 triumannorum
820 4301 950 4352 census
961 4273 1192 4352 retentionem
1202 4271 1370 4350 accedere
1378 4272 1424 4348 ad

204 4395 407 4495 praepositos
416 4393 527 4484 urbis,
540 4392 598 4469 vel
614 4393 771 4490 regionis
784 4390 884 4464 illius
897 4398 932 4466 et
945 4412 1100 4486 arguere
1113 4387 1153 4461 in
1166 4395 1359 4484 conspectu
1371 4408 1425 4461 eo

205 4533 284 4581 rum
300 4533 395 4599 eum,
406 4508 467 4606 qui
482 4507 738 4606 emphyteusin
749 4514 962 4582 consecutus
975 4514 1032 4581 est
1043 4514 1084 4605 et,
1092 4502 1257 4580 exhibere
1269 4510 1424 4579 contem·
