3642 5294
923 413 1097 473 ..64-

399 533 627 628 evangelista
643 543 851 608 consecrata
867 545 932 608 est.
945 532 1065 607 Tertia
1077 555 1162 606 sero
1174 533 1274 607 sedes
1286 533 1379 630 apud
1395 531 1621 607 Antiochiam

397 645 556 720 ciusdem
574 647 675 720 Beati
694 645 791 720 Petri
818 645 976 742 Apostoli
1001 645 1154 721 habetur
1178 647 1408 736 honorabilis,
1432 647 1518 745 quia
1542 646 1621 722 illio

397 757 498 854 prius
510 781 617 855 quam
634 761 778 832 Romam
793 757 944 846 veniret,
957 759 1621 859 habitavit,etEpiscopumconstituit

398 881 434 945 ot
450 871 526 946 illic
548 871 703 968 primum
729 897 858 946 nomen
884 873 1171 948 Christianorum
1197 885 1359 948 exortum
1383 883 1447 948 est.
1472 877 1519 947 Et
1544 882 1621 970 post

397 1008 521 1082 pauca.
538 988 637 1059 Inter
653 985 773 1060 beatos
793 988 977 1083 Apostolos
1000 988 1152 1085 quedam
1174 989 1245 1062 suit
1265 987 1440 1062 dissertio.
1465 989 1513 1058 Et
1536 985 1622 1060 licet

397 1119 519 1170 omnes
537 1107 656 1171 essent
675 1099 843 1194 Apostoli,
862 1103 967 1175 Petro
982 1113 1103 1176 tamen
1121 1129 1142 1176 a
1160 1102 1309 1176 Domino
1326 1112 1381 1175 est
1402 1124 1621 1186 concessum,

398 1221 434 1284 ot
451 1211 518 1308 ipsi
535 1211 601 1286 hoo
619 1212 714 1286 inter
731 1213 864 1310 seipsos
881 1214 1085 1304 voluerunt,
1103 1227 1143 1290 ut
1158 1216 1307 1313 reliquis
1320 1215 1484 1289 omnibus
1497 1236 1621 1310 praees·

397 1336 452 1400 set
471 1326 658 1423 Apostolis,
676 1335 712 1402 et
728 1327 870 1424 cephas
888 1329 980 1403 idest
996 1341 1105 1428 caput
1121 1341 1158 1404 et
1174 1329 1390 1427 principium
1408 1336 1547 1402 teneret
1573 1331 1620 1398 A·

398 1441 602 1538 postolatus
620 1441 689 1528 Qui
706 1453 743 1516 et
759 1444 906 1518 eandem
926 1445 1075 1518 formam
1093 1445 1170 1518 suis
1190 1444 1456 1519 successoribus
1480 1455 1516 1517 et
1543 1440 1620 1514 reli-

399 1553 480 1650 quis
493 1553 676 1651 Episcopis
689 1556 879 1630 tenendam
897 1557 1130 1630 tradiderunt.
1143 1561 1190 1631 Et
1203 1564 1281 1654 post
1296 1581 1419 1654 pauca.
1437 1559 1523 1631 Haec
1536 1575 1621 1628 vero

402 1665 604 1762 Apostolica
621 1668 722 1741 sedes
739 1677 774 1741 et
791 1679 901 1765 caput
916 1668 1033 1758 cardo,
1050 1681 1090 1743 ut
1107 1668 1330 1767 praephatum
1354 1679 1409 1742 est
1433 1694 1454 1740 a
1473 1668 1621 1742 Domino

396 1789 432 1855 et
449 1802 519 1852 uon
535 1779 580 1854 ab
596 1780 666 1854 alio
683 1792 738 1855 cst
754 1782 958 1856 constituta.
977 1786 1023 1856 Et
1039 1784 1136 1858 sicut
1151 1783 1299 1859 cardine
1315 1783 1447 1856 ostium
1465 1783 1618 1878 regitur,

397 1893 450 1968 sic
467 1892 576 1967 huius
593 1904 726 1968 sanotae
743 1895 836 1969 sedis
852 1897 1065 1970 auctoritate
1082 1921 1204 1972 omues
1220 1897 1380 1972 ecclesiae
1399 1895 1547 1970 Domino
1571 1897 1621 1969 di-

397 2016 566 2105 sponente
585 2017 773 2102 reguntur.

978 2233 1033 2317 LI.

494 2469 553 2542 Illi
566 2479 685 2543 autem
697 2471 757 2568 qui
769 2471 807 2544 in
820 2470 1000 2568 metropoli
1015 2493 1035 2540 a
1050 2467 1151 2541 beate
1160 2471 1264 2540 Petro
1277 2468 1462 2542 ordinante
1472 2467 1622 2541 Domino

398 2593 434 2658 et
446 2608 467 2656 a
481 2585 734 2681 predecessore
751 2595 871 2659 nostro
884 2596 1007 2661 sancto
1017 2582 1201 2658 Clemente
1214 2605 1308 2656 seua
1322 2582 1422 2655 nobis
1434 2579 1621 2656 constituti

398 2707 493 2787 sunt,
510 2721 581 2774 nou
597 2723 719 2773 omnes
733 2699 903 2796 primates
916 2699 975 2774 vel
988 2697 1201 2796 patriarchae
1214 2721 1291 2772 esse
1305 2705 1461 2794 possunt.
1476 2694 1545 2768 Sed
1559 2693 1621 2768 ille

397 2811 503 2886 urbes
519 2836 599 2908 quae
616 2811 742 2908 priscis
759 2813 978 2909 temporibus
996 2811 1188 2908 primatum
1206 2822 1363 2886 tenuere.
1381 2809 1545 2907 Episcopi
1566 2833 1622 2884 ea-

398 2920 479 2997 'rum
498 2923 789 2998 Patriarcharum
807 2925 971 3022 primatis
987 2928 1130 3002 nomine
1148 2928 1326 3002 fruantur.
1351 2925 1511 3023 Reliquae
1536 2948 1621 3000 vero

399 3037 607 3134 metropoles
624 3037 969 3134 archiepiscoporum
982 3049 1046 3112 aut
1061 3040 1412 3136 metropolitanorum
1430 3049 1466 3113 et
1479 3060 1550 3111 non
1564 3063 1622 3135 pa·

398 3151 635 3226 triarcharum
656 3161 720 3224 aut
736 3151 958 3247 primatuum
976 3162 1127 3225 utantur
1143 3153 1360 3238 nominibus
1377 3151 1462 3248 quia
1475 3149 1551 3224 haec
1565 3173 1621 3223 ca-

397 3265 477 3337 dem
495 3275 531 3339 et
547 3263 647 3358 leges
664 3263 778 3339 seculi
796 3265 834 3336 in
852 3265 927 3337 suis
940 3265 1195 3340 continuerunt
1208 3265 1438 3362 principibus.
1453 3263 1543 3336 Aliae
1559 3287 1622 3335 au·

396 3377 610 3473 temprimoe
627 3377 786 3451 civitatis
803 3401 892 3474 quas
911 3376 1010 3450 vobis
1028 3378 1248 3475 conscriptas
1265 3379 1301 3450 in
1327 3377 1479 3475 quodam
1502 3375 1623 3450 thomo

396 3487 575 3580 mittimus
591 3513 612 3560 a
629 3489 764 3564 sanctis
784 3488 962 3585 Apostolis
979 3499 1015 3564 et
1032 3490 1134 3563 beato
1159 3490 1343 3566 Clemente
1368 3491 1445 3564 sive
1470 3514 1492 3561 a
1518 3488 1622 3562 nobis

397 3601 567 3698 primates
583 3601 830 3699 predicatores
847 3612 1073 3698 acceperunt.

976 3821 1050 3906 LII.

493 4057 681 4131 Evaristus
698 4057 863 4131 omnibus
876 4057 1062 4154 Episcopis
1076 4081 1138 4153 per
1151 4060 1349 4154 Egyptum.
1363 4057 1471 4130 Sicut
1481 4055 1540 4128 vir
1553 4077 1624 4128 nou

396 4171 499 4248 debet
516 4169 717 4244 adulterare
735 4193 880 4245 uxorem
903 4194 1017 4258 suam,
1042 4168 1092 4242 ita
1119 4192 1185 4241 nec
1211 4167 1407 4264 Episcopus
1432 4167 1621 4242 ecclesiam

397 4307 510 4372 suam,
524 4293 565 4357 ut
577 4282 734 4356 dimittat
751 4308 829 4358 eam
846 4283 890 4356 ad
908 4307 1016 4379 quam
1034 4291 1263 4356 consecratus
1279 4291 1344 4370 est,
1361 4281 1494 4379 absque
1508 4280 1623 4356 inevi-

396 4396 497 4472 tabili
515 4395 737 4484 necessitate,
753 4405 817 4470 aut
833 4395 1025 4493 apostolica
1043 4394 1101 4470 vel
1116 4393 1276 4490 regulari
1292 4394 1487 4469 mutatione
1501 4419 1568 4468 nec
1583 4418 1622 4468 se

397 4509 500 4582 alteri
519 4508 676 4583 ambitus
694 4533 804 4584 causa
822 4508 1031 4604 coniungat.
