3654 5302
733 421 929 484 -365-

220 538 362 634 legibus
378 539 452 614 tuis
469 540 537 640 ipsi
555 563 693 640 quoque
719 541 906 639 religionis
934 553 1106 644 apparent
1122 545 1303 621 antistites
1319 571 1364 622 ne
1382 547 1441 623 vel

220 651 258 727 in
276 653 382 729 rebus
399 653 590 728 mundanis
606 655 750 731 excluse
771 657 963 734 uideantur
987 659 1131 736 obviare
1156 660 1355 748 sententiae,
1372 684 1442 759 quo

218 789 278 842 oro
293 776 329 842 te
346 765 448 843 decet
464 769 595 845 affectu
612 770 665 844 eis
682 771 850 846 convenit
867 771 1017 863 obedire,
1035 774 1096 870 qui
1123 775 1365 872 praerogandis
1382 799 1443 850 ve·

218 881 436 956 nerabilibus
465 891 551 958 sunt
575 883 740 958 attributi
767 888 960 983 mysteriis.
977 888 1128 963 Proinde
1154 888 1250 963 sicut
1274 911 1345 963 uon
1363 889 1442 965 levo

219 995 410 1074 discrimen
428 998 605 1075 incumbit
622 999 849 1096 pontificibus
865 1001 1007 1077 siluisse
1032 1024 1094 1100 pro
1118 1001 1320 1077 divinitatis
1338 1002 1441 1078 cultu

219 1109 310 1207 quod
328 1111 508 1206 congruit,
520 1111 571 1186 ita
587 1111 645 1187 his
662 1113 753 1210 quod
770 1112 864 1187 absit
882 1138 951 1188 non
970 1115 1145 1190 mediocre
1161 1114 1361 1213 pericnlum
1376 1125 1441 1204 est,

217 1223 380 1322 quicum
398 1223 548 1299 debeant
565 1248 689 1324 parere
710 1224 922 1324 despiciunt.
940 1231 987 1301 Et
1004 1227 1034 1300 si
1052 1227 1195 1302 cunctis
1211 1227 1440 1322 generalibus

218 1338 459 1413 sacerdotibus
472 1348 568 1414 recte
581 1339 704 1413 divina
719 1340 959 1415 tractantibus
977 1339 1138 1415 fidelium
1153 1339 1321 1416 convenit
1333 1340 1439 1415 corda

217 1450 381 1526 submitti
398 1462 532 1550 quanto
549 1452 666 1550 potius
679 1453 773 1528 sadis
786 1453 884 1527 illius
898 1453 1043 1551 praesuli
1061 1477 1256 1529 consensus
1272 1451 1441 1528 adhiben-

216 1561 284 1638 dus
300 1574 366 1655 est,
382 1589 488 1663 quem
509 1566 651 1642 cunctis
668 1566 909 1642 sacerdotibus
926 1576 962 1642 at
979 1567 1151 1642 divinitas
1168 1591 1309 1642 summa
1326 1567 1442 1642 voluit

216 1677 436 1774 preminere,
450 1687 486 1756 et
498 1679 718 1779 subsequens
732 1679 903 1756 aecclesiae
915 1681 1097 1777 generalis
1110 1681 1245 1777 iugiter
1257 1681 1371 1779 pietas
1387 1705 1443 1756 ce·

217 1790 380 1866 lebravit.
396 1792 466 1868 Ubi
484 1792 596 1890 pietas
613 1802 676 1867 tua
695 1794 881 1871 evidenter
904 1806 1056 1888 avertat,
1072 1821 1258 1896 nunquam
1285 1797 1442 1895 quolibet

216 1905 359 2001 penitus
371 1906 529 1981 humano
546 1907 693 1982 consilio
709 1907 850 1985 elevare
864 1935 902 1986 se
916 1933 1129 2009 quemquam
1145 1933 1245 2008 posse
1260 1909 1359 1984 illins
1371 1909 1443 2008 pri-

216 2019 352 2116 vilegio
375 2020 435 2094 vel
460 2019 674 2095 confessioni
700 2045 806 2119 quem
829 2025 964 2099 Christi
991 2047 1061 2098 vox
1077 2023 1226 2120 protulit
1249 2023 1441 2113 universis,

216 2157 321 2230 quem
340 2133 502 2210 aeoclesia
519 2134 723 2209 veneranda
741 2159 879 2234 semper
896 2137 1054 2211 confessa
1069 2144 1179 2224 estet
1190 2134 1298 2209 habet
1314 2135 1441 2210 devota

218 2246 426 2344 primatum.
438 2248 567 2345 Impeti
585 2258 733 2345 possunt
749 2247 919 2324 humanis
936 2249 1282 2348 praesumptionibus,
1295 2273 1374 2346 quae
1391 2249 1442 2323 di-

216 2359 302 2436 vino
315 2371 401 2436 sunt
418 2361 613 2436 constituta
631 2362 753 2437 divino
771 2363 930 2438 iudicio?
947 2362 1047 2438 vinci
1063 2371 1182 2436 autem
1201 2361 1440 2459 quorumlibet

216 2485 391 2572 potestate
407 2501 477 2552 nou
495 2485 653 2576 possunt.
667 2481 784 2575 Atque
802 2477 942 2550 utinam
961 2476 992 2549 si
1009 2484 1132 2550 contra
1148 2473 1347 2548 nitentibus
1364 2498 1441 2572 per-

214 2587 350 2662 niciosa
367 2611 438 2663 non
456 2597 542 2664 sunt
567 2589 728 2678 audacia,
738 2589 1041 2686 quemadmodum
1067 2588 1158 2686 quod
1176 2587 1220 2662 ab
1237 2588 1313 2685 ipso
1329 2612 1441 2663 sacrae

217 2700 404 2796 religionis
421 2710 566 2776 auctore
593 2702 776 2798 praefixum
802 2713 869 2792 est,
885 2726 956 2776 non
982 2711 1095 2798 potest
1111 2700 1187 2773 ulle
1204 2701 1340 2775 virtute
1358 2723 1439 2775 con-

213 2813 310 2888 velli.
327 2815 611 2890 Firmamentum
630 2817 726 2890 euim
745 2815 811 2888 Dei
828 2825 909 2888 stat.
925 2813 1194 2911 Numquidnam
1212 2837 1295 2888 curn
1312 2813 1440 2911 aliqui-

213 2927 280 3002 bus
298 2927 428 3004 inlesta
453 2928 580 3025 religio
604 2939 670 3016 est,
686 2939 821 3026 quanta
846 2953 1006 3026 unquam
1027 2926 1143 3028 potuit
1159 2927 1318 3001 novitate
1335 2951 1438 3024 supe-

216 3041 301 3129 rari,
312 3051 347 3116 et
359 3065 429 3116 non
448 3043 564 3138 magis
581 3040 647 3117 hoc
664 3040 802 3116 invicta
819 3041 1026 3139 permansit,
1036 3062 1105 3137 quo
1123 3040 1287 3114 estimato
1305 3049 1360 3115 est
1377 3063 1440 3138 pro

212 3179 250 3228 se
263 3155 505 3230 succumbere.
514 3154 689 3229 Desinant
701 3177 788 3250 ergo
802 3178 920 3252 quaeso
930 3163 965 3228 te
975 3153 1192 3250 temporibus
1206 3153 1279 3226 tuis
1292 3153 1437 3250 quidam

210 3291 272 3363 per
289 3265 382 3342 hanc
399 3268 578 3342 oasionem
597 3267 674 3365 (sic)
691 3267 976 3364 perturbationes
993 3264 1256 3340 aecclesiastice
1277 3266 1439 3364 praecipi·

210 3390 335 3455 tantur
360 3382 495 3457 ambire
520 3405 599 3479 quaa
615 3405 685 3454 nou
711 3381 833 3466 licent,
851 3403 896 3454 ne
922 3388 959 3453 et
975 3378 1038 3452 illa
1055 3403 1134 3476 quae
1151 3377 1245 3453 male
1261 3389 1435 3476 appetunt

210 3491 418 3568 nullatenus
441 3493 719 3592 apprehendant,
736 3503 773 3567 et
791 3492 934 3566 modum
953 3513 1058 3565 suum
1080 3491 1174 3588 apud
1192 3493 1306 3566 Deum
1325 3491 1436 3566 homi·

211 3628 424 3702 nesquenon
433 3614 588 3681 teneant.
598 3608 819 3702 Quapropter
830 3605 897 3679 sub
908 3615 1099 3702 conspectu
1110 3605 1176 3679 Dei
1188 3629 1288 3702 pure,
1296 3605 1436 3680 sincera

211 3717 379 3813 pietatem
396 3727 495 3792 tuam
509 3717 688 3814 deprecor,
704 3715 870 3806 obtestor,
884 3727 1034 3806 exortor,
1048 3725 1090 3791 ut
1101 3717 1305 3814 petitionem
1320 3741 1436 3792 meam

210 3851 281 3902 non
298 3821 530 3926 indignanter
542 3829 708 3926 accipias.
727 3831 826 3924 Rogo
839 3831 1000 3926 inquam,
1019 3837 1060 3903 ut
1075 3853 1133 3904 me
1149 3829 1187 3902 in
1200 3828 1268 3904 hac
1285 3829 1363 3903 vita
1380 3853 1437 3928 po

209 3940 283 4014 tius
296 3943 420 4016 audias
429 3942 689 4040 deprecantem,
698 3965 806 4039 quam
821 3942 914 4040 quod
927 3941 1021 4016 absit
1033 3941 1071 4014 in
1083 3941 1205 4015 divino
1214 3941 1346 4017 iudicio
1360 3967 1438 4018 sen·

210 4053 280 4127 tias
295 4065 541 4131 accusantem.

765 4206 873 4292 ΚΕΗ.

304 4404 557 4482 Dilectissimis
570 4405 743 4480 fratribus
756 4406 936 4480 universis
946 4405 1130 4505 Episcopis
1143 4429 1205 4506 per
1218 4407 1437 4482 Dardaniam

208 4517 423 4592 constitutis.
441 4517 608 4591 Gelasius
626 4517 720 4592 iuter
737 4527 866 4593 cetera.
885 4519 976 4592 Cum
1001 4519 1131 4616 quibus
1148 4541 1234 4614 ergo
1251 4530 1328 4595 erat
1344 4521 1437 4594 sino·
