3582 5288
889 401 1085 466 -164-

382 523 414 593 V
434 519 602 619 Synodus
620 529 743 597 contra
760 522 830 597 tria
847 523 1016 622 capitula.
1034 521 1195 619 Vigilius
1220 544 1304 595 vero
1322 523 1502 596 Romanus
1519 540 1600 594 con-

378 635 608 716 venientibus
624 637 792 713 consedit.
818 637 978 712 Dimisus
993 646 1115 712 autem
1132 635 1177 710 ab
1194 638 1421 734 Imperatore,
1438 634 1476 707 in
1494 633 1598 706 Hilli·

378 749 451 824 rico
469 749 620 824 moritur
637 751 778 827 rediens
794 753 951 826 Romam.

895 953 1090 1040 OOXXXV.

848 1157 930 1210 Item
944 1159 977 1210 in
990 1155 1116 1211 eadem.

470 1317 596 1394 Mundi
605 1309 699 1393 anno
708 1296 769 1392 ul.
780 1317 893 1395 Oovl
902 1315 1406 1394 divinaelncarnationisanno
1419 1315 1595 1404 DCCVII,

373 1452 468 1503 anno
485 1433 520 1504 Π
538 1430 717 1505 Artlremii
734 1432 971 1530 Imperatoria,
996 1432 1169 1507 electione
1185 1441 1221 1506 et
1242 1429 1490 1529 approbatione
1516 1429 1596 1504 reli·

372 1543 656 1638 giosissimorum
674 1545 970 1645 Presbyterorum
996 1553 1031 1620 et
1048 1546 1285 1621 Diaconorum
1310 1554 1346 1619 et
1361 1543 1472 1618 totius
1488 1567 1595 1617 venc-

373 1655 496 1733 rabilis
515 1655 621 1750 Cleri,
639 1659 803 1757 sacrique
820 1669 966 1735 serratus
983 1669 1018 1734 et
1043 1659 1152 1734 amici
1175 1659 1310 1734 Christi
1337 1657 1456 1758 populi
1473 1683 1496 1731 a
1520 1659 1592 1732 Deo

372 1772 625 1846 conservanda
649 1771 760 1846 huius
787 1773 897 1868 regie
917 1773 1029 1864 urbis,
1046 1773 1169 1846 divina
1194 1773 1325 1869 gratia,
1350 1797 1430 1870 quae
1454 1795 1594 1868 semper

370 1884 512 1958 infirma
530 1897 644 1976 curat,
661 1896 698 1962 et
715 1911 756 1961 ea
769 1883 951 1985 quaesunt
968 1885 1148 1984 adimplet,
1162 1885 1350 1960 transtulit
1367 1887 1591 1959 Germanum

368 2000 636 2076 sanctissimum
666 2001 855 2099 praesulem
881 1999 1163 2078 Cizioinensium
1190 1998 1421 2098 metropoleos
1445 1997 1485 2070 in
1511 1996 1592 2094 Epi·

370 2134 516 2210 scopum
534 2112 643 2188 huius
656 2139 677 2186 a
690 2115 762 2189 Deo
778 2115 1019 2190 conservande
1038 2113 1138 2188 urbis
1154 2112 1399 2210 imperatoria.
1414 2115 1524 2185 Facta
1537 2120 1592 2189 est

368 2235 490 2300 autem
517 2251 672 2324 praesens
697 2227 884 2303 translatio
901 2227 1151 2326 inpraesentia
1168 2225 1357 2302 Michaelis
1372 2225 1591 2300 sanctissimi

369 2338 567 2438 presbyteri
586 2350 622 2416 et
637 2339 845 2438 apocrisarii
863 2341 1075 2440 Apostolicae
1092 2340 1202 2416 Sedis.

870 2544 1082 2629 GOXXXVI.

648 2745 843 2800 constitutio
855 2747 1071 2800 Valentiniani
1083 2745 1300 2812 Imperatoris.

460 2909 655 3004 Imperator
672 2907 951 2984 Valentinianus
965 2913 1157 3004 Augustus
1173 2906 1338 2983 omnibus
1355 2907 1422 2982 sub
1439 2905 1586 3004 imperio

364 3029 506 3096 aeternas
524 3021 623 3096 urbis
644 3025 763 3097 Romae
780 3021 912 3120 ubique
928 3021 1107 3097 terrarum
1125 3019 1348 3118 degentibus.
1366 3021 1514 3096 Certum
1532 3033 1587 3095 est

363 3143 399 3208 et
424 3134 523 3209 nobis
541 3144 576 3209 et
593 3135 741 3232 imperio
757 3145 877 3211 nostro
894 3135 1043 3211 unicum
1061 3161 1137 3211 esse
1155 3133 1358 3233 presidium
1376 3134 1415 3208 in
1432 3158 1585 3232 superne

363 3249 564 3333 divinitatis
576 3251 709 3340 favore,
722 3249 767 3324 ad
780 3275 886 3348 quem
901 3249 1174 3348 promerendum
1188 3247 1365 3347 praecipue
1377 3246 1585 3322 christiano

363 3389 443 3436 rum
462 3362 547 3438 fides
564 3373 600 3439 et
622 3363 824 3440 veneranda
841 3363 942 3439 nobis
960 3361 1088 3458 religio
1104 3361 1335 3458 suffragetur.
1353 3361 1445 3436 Cum
1468 3359 1584 3457 igitur

361 3475 666 3574 sedisapostolicae
683 3480 890 3575 primatum,
907 3475 1031 3552 Sancti
1045 3474 1143 3551 Petri
1158 3473 1325 3548 meritum
1344 3472 1404 3570 qui
1418 3472 1583 3570 princeps

361 3599 415 3664 est
428 3589 638 3689 episcopalis
650 3614 787 3667 coronae
797 3601 833 3666 et
842 3612 996 3665 romana
1004 3588 1165 3686 dignitas
1174 3587 1344 3675 civitatis,
1354 3611 1465 3662 sacrae
1473 3585 1582 3662 otiam

358 3702 473 3776 sinodi
498 3703 616 3780 firmet
638 3704 844 3794 auctoritas
870 3729 915 3778 ne
941 3701 1027 3802 quid
1052 3710 1183 3801 praeter
1212 3699 1463 3775 auctoritatem
1488 3699 1582 3774 sedis

359 3814 464 3889 istius
481 3815 610 3892 illicita
626 3817 854 3917 praesumptio
875 3825 1088 3914 attemptare
1105 3815 1254 3904 nitatur,
1270 3824 1359 3888 tune
1384 3837 1453 3910 pax
1469 3811 1582 3888 eccle·
1632 3840 1633 3848 ¹

359 3927 493 4002 siarum
513 3929 643 4028 ubique
660 3931 873 4020 servabitur,
890 3931 920 4008 si
940 3939 1112 4005 rectorem
1130 3953 1237 4004 suum
1250 3936 1424 4024 agnoscat
1436 3927 1581 4002 univcr-

359 4041 457 4132 sitas,
474 4041 552 4118 haro
569 4067 652 4118 eum
669 4053 819 4120 actenus
836 4042 1093 4118 inviolabiliter
1113 4039 1249 4117 fuerint
1273 4039 1450 4116 custodita
1468 4039 1581 4139 Hyla·

359 4155 435 4231 rius
458 4155 678 4231 Arelatensis
703 4157 811 4233 sicuti
837 4155 1055 4233 venerabilis
1076 4153 1146 4229 viri
1173 4153 1300 4229 Leonis
1326 4157 1431 4252 Papae
1460 4155 1581 4226 Romae

357 4266 560 4344 inconsulto
573 4270 749 4367 pontifice,
762 4269 896 4346 iudicia
909 4269 987 4345 sive
999 4268 1237 4344 ordinationes
1250 4267 1491 4366 episcoporum
1505 4265 1579 4341 sola

356 4379 557 4456 temeritate
587 4395 764 4480 usurpant
791 4383 937 4458 invasit.
965 4384 1059 4456 Nam
1089 4381 1227 4480 aliquos
1254 4379 1382 4455 invitis
1413 4389 1449 4454 et
1479 4401 1580 4476 repu-

357 4491 556 4587 gnantibus
572 4493 715 4568 civibus
731 4495 920 4570 ordinavit.
937 4496 1038 4583 Quod
1050 4519 1163 4593 quum
1180 4519 1251 4569 non
1264 4494 1368 4570 facile
1381 4493 1426 4583 ab
1442 4493 1578 4591 hisqui
