3618 5316
909 407 1106 472 -350-

394 525 673 618 autscisma,vel
682 526 837 604 heresim
848 526 1051 626 iniquorum
1061 529 1237 626 scriptum
1247 528 1617 627 est,ignoramus.Sed

393 641 559 740 deinceps
576 643 767 718 suademus
784 651 913 718 uestrae
930 641 1218 720 clementissimae
1234 642 1483 742 imperialique
1495 652 1616 740 poten·

394 756 467 848 tiae,
478 765 521 832 ut
533 757 680 832 minime
693 757 730 831 in
745 783 892 833 suarum
906 755 1149 832 exarationum
1159 756 1250 830 serie
1260 755 1475 832 universalis
1487 755 1618 832 descri-

393 869 510 960 batur,
527 871 611 970 quia
628 881 752 947 contra
768 882 974 948 sanctorum
991 893 1168 946 canonum
1186 868 1354 944 instituta
1370 892 1447 944 esse
1460 867 1617 942 videtur.

394 986 437 1059 In
453 984 608 1060 secundo
623 985 719 1060 enim
736 985 858 1061 ordine
875 985 947 1059 nisi
963 1007 1026 1083 per
1043 977 1177 1058 sanctae
1189 993 1319 1057 nostrae
1332 981 1515 1058 catholioae
1528 989 1564 1056 et
1581 1006 1618 1054 a·

395 1097 572 1195 postolicee
580 1097 750 1174 acclesiae
762 1099 1011 1174 auctoritatem
1022 1096 1118 1172 sicut
1129 1094 1294 1171 omnibus
1303 1103 1411 1192 patet,
1419 1119 1619 1194 numquam

394 1211 511 1285 valuit
526 1201 655 1288 nornen
671 1210 812 1286 habere.
830 1210 923 1299 Quia
939 1211 1111 1285 nimirum
1129 1209 1160 1284 si
1179 1209 1397 1285 universalis
1409 1235 1516 1308 super
1530 1234 1619 1306 prae-

395 1323 505 1398 latam
518 1324 587 1398 sibi
600 1333 762 1402 sanctam
772 1327 968 1400 Romanam
981 1323 1171 1399 ecclesiam
1181 1347 1260 1422 quae
1269 1333 1324 1399 est
1336 1334 1445 1423 caput
1457 1323 1617 1398 omnium

395 1436 462 1512 Dei
478 1436 710 1513 ecclesiarum
729 1437 953 1514 describatur
971 1447 1154 1534 tamquam
1172 1445 1380 1512 sanctarum
1400 1437 1617 1535 synodorum

398 1549 577 1642 rebellem,
593 1563 701 1649 atque
717 1550 918 1627 hereticum
936 1575 974 1626 sc
992 1549 1222 1625 manifestare
1239 1558 1379 1626 certum
1397 1559 1460 1625 est.
1478 1547 1569 1637 Quia
1585 1548 1619 1622 si

395 1661 611 1738 universalis
628 1672 692 1753 cst,
709 1664 816 1738 etiarn
835 1672 965 1738 nostrae
982 1661 1077 1737 sedis
1094 1661 1289 1760 primatum
1313 1662 1444 1740 babere
1469 1662 1622 1738 dinosci·

395 1783 467 1865 tur,
476 1776 568 1874 quod
581 1775 774 1852 ridiculum
787 1776 953 1852 omnibus
967 1775 1130 1852 fidelibus
1143 1775 1352 1850 christianis
1364 1784 1522 1874 apparet,
1534 1775 1621 1874 quia

400 1887 438 1961 in
454 1895 527 1962 toto
543 1889 625 1964 orbe
641 1897 819 1965 terrarum
837 1889 882 1964 ab
899 1889 974 1988 ipso
991 1888 1224 1986 Redemptora
1246 1889 1372 1967 mundi
1388 1889 1492 1964 beato
1516 1891 1622 1964 Petro

395 1999 562 2097 Apostolo
579 2000 801 2099 principatus
817 2011 854 2078 et
870 2011 1026 2100 potestas
1042 2001 1125 2076 data
1141 2011 1207 2090 est,
1224 2009 1261 2077 et
1277 2025 1339 2099 per
1359 2002 1523 2078 eumdem
1542 2023 1623 2098 apo

397 2111 527 2186 stolum
544 2111 649 2188 cuius
666 2112 837 2188 immeriti
855 2113 954 2190 vices
971 2113 1146 2210 gerimus,
1163 2123 1289 2190 sancta
1302 2114 1478 2191 catholica
1494 2125 1531 2190 et
1542 2137 1621 2211 apo

396 2224 523 2300 stolica
540 2227 697 2301 Romana
714 2226 876 2302 Ecclesia
896 2251 1009 2326 usquc
1027 2228 1065 2302 in
1082 2253 1190 2304 cuum
1203 2237 1303 2304 tenet
1319 2228 1561 2327 principatum
1577 2250 1622 2302 ac

397 2338 583 2436 potestatis
596 2339 858 2416 auctoritatem.
874 2340 913 2414 Si
930 2351 1051 2417 autem
1069 2342 1161 2440 quod
1177 2356 1249 2416 non
1262 2341 1443 2418 credimus
1455 2340 1623 2438 deinceps

397 2449 574 2557 quispiam
590 2451 689 2526 hunc
705 2450 950 2528 universalem
967 2453 1244 2551 nuncupaverit,
1266 2453 1324 2528 vel
1348 2477 1536 2529 assensum
1559 2451 1624 2528 tri·

395 2561 527 2652 buerit,
541 2561 633 2638 sciat
649 2587 687 2640 se
703 2564 902 2640 orthodoxa
919 2565 1001 2641 fidei
1017 2565 1190 2656 alienum,
1205 2575 1242 2642 et
1258 2574 1389 2642 nostre
1406 2573 1541 2641 sancta
1565 2589 1624 2640 ca·

396 2673 538 2752 tholicae
554 2683 591 2752 et
606 2675 807 2776 apostolicas
825 2677 997 2756 acclesiae
1014 2677 1193 2754 rebellem.

987 2843 1031 2928 X.

431 2991 481 3045 Ex
494 2991 632 3059 epistola
643 2992 758 3048 Domni
768 2996 870 3060 Papae
883 2993 1016 3049 nonam
1025 2997 1164 3050 recitata
1175 2996 1208 3052 m
1219 2997 1249 3047 11
1263 2996 1390 3050 cottone
1402 2998 1463 3049 vn
1477 2994 1601 3064 synodi.

495 3127 655 3202 Domnus
673 3127 828 3203 Karolus
845 3154 908 3205 rex
923 3133 1144 3206 Francorum
1165 3139 1201 3205 ct
1219 3131 1533 3226 Langobardorum
1558 3133 1625 3206 Pa·

397 3236 520 3314 tritius
537 3240 775 3314 Romanorum
793 3241 924 3316 nostris
940 3252 1188 3341 optemperans
1213 3241 1358 3318 monitis
1382 3251 1491 3341 atque
1513 3243 1625 3318 adim-

398 3348 501 3447 plens
516 3348 555 3422 in
571 3351 736 3426 omnibus
750 3353 964 3444 voluntates,
981 3378 1043 3452 per
1056 3380 1122 3430 sua
1134 3355 1307 3431 laboriosa
1319 3357 1518 3432 certamina
1530 3357 1626 3432 eius·

399 3463 478 3538 dem
495 3465 694 3562 apostolica
707 3466 878 3542 Ecclesiae
894 3467 937 3543 ob
950 3467 1105 3542 nimium
1118 3491 1273 3544 amorem
1288 3493 1378 3567 pura
1391 3469 1482 3544 dona
1496 3469 1626 3567 imper-

397 3584 546 3674 petuum
563 3577 693 3654 obtulit
708 3579 927 3678 possidenda,
939 3591 1013 3656 tarn
1029 3579 1233 3678 provincias
1249 3604 1427 3680 quamque
1444 3581 1627 3671 civitates,

398 3711 462 3763 seu
479 3697 597 3764 castra
609 3700 646 3765 ct
657 3691 848 3781 territoria,
866 3692 976 3769 immo
988 3704 1025 3769 et
1038 3693 1251 3791 patrimonia
1265 3718 1344 3792 qum
1356 3718 1378 3768 a
1390 3695 1523 3792 perfida
1536 3697 1628 3769 Lan·

399 3799 637 3896 gobardorum
654 3812 764 3898 gente
780 3803 1042 3894 detinebantur,
1058 3804 1202 3881 brachio
1223 3806 1306 3881 forti
1323 3807 1436 3882 eidem
1455 3806 1522 3883 Dei
1536 3812 1627 3905 Apo·

399 3913 488 3990 stolo
505 3914 674 4006 restituit,
691 3917 850 3994 cuiuset
866 3917 948 3993 iura
964 3943 1041 3996 esse
1058 3919 1344 3996 dinoscebantur.
1361 3921 1431 3996 Sed
1444 3931 1480 3996 ct
1492 3945 1624 3996 aurum

398 4035 507 4126 atque
524 4037 718 4124 argentum
735 4029 862 4106 cotidie
879 4053 945 4128 pro¹
957 4031 1235 4107 luminariorum
1252 4033 1538 4124 concinnatione,
1561 4059 1626 4110 seu

399 4139 580 4214 alimoniis
592 4165 790 4240 pauperum
803 4165 873 4218 non
887 4143 1019 4219 desinit
1030 4144 1165 4234 offerre,
1178 4147 1349 4243 quatinus
1363 4147 1441 4223 eius
1458 4148 1626 4223 memoria

401 4275 471 4326 non
488 4251 759 4352 derelinquatur
775 4253 813 4327 in
830 4254 1013 4331 seculum.
1031 4255 1167 4332 Icoiroo
1187 4256 1341 4332 nimium
1365 4258 1560 4355 diligentes
1584 4282 1628 4334 ac

402 4374 616 4441 venerantes
633 4376 795 4442 vestrum
813 4391 835 4440 a
852 4369 925 4444 Deo
949 4390 1157 4444 concessum
1184 4367 1387 4466 imperium,
1412 4395 1628 4470 magnopere

403 4487 645 4574 suggerentes
667 4501 767 4577 quos,
783 4488 825 4556 ut
850 4479 1081 4578 presentium
1106 4489 1281 4574 vectores,
1297 4481 1465 4586 uidelicet
1481 4486 1628 4562 Petrum
1677 4563 1678 4566 ,
