3654 5302
727 370 924 435 -40'1-

219 498 266 571 Et
278 515 433 568 rursum.
442 493 604 568 Petimus
617 491 742 591 inquid
751 501 909 568 vestram
922 491 1179 570 beatitudinem
1191 517 1292 570 orare
1305 518 1367 594 pro
1379 519 1439 572 no

217 603 272 680 bis
289 614 325 682 et
340 604 528 704 acquirere
547 605 612 680 Dei
629 603 902 705 providentiam.

694 793 743 846 Ex
762 793 805 845 vl
824 793 966 860 synodo.

313 949 393 1022 Non
402 946 470 1022 hoc
482 945 570 1022 dicit
582 946 840 1024 Constantinus
852 947 915 1045 qui
924 951 1022 1024 Dono
1035 951 1140 1048 Pepoe
1150 947 1438 1038 scribens‚etiom

218 1061 368 1136 iurando
384 1061 644 1158 benignitatem
662 1071 698 1137 et
714 1060 881 1136 honorem
898 1060 995 1137 circa
1012 1061 1130 1136 sedem
1147 1061 1266 1137 exibet
1277 1061 1439 1162 apostoli·

219 1200 300 1250 cam
319 1174 356 1248 in
372 1174 430 1249 bis
446 1173 576 1250 verbis.
593 1177 661 1249 Per
679 1177 794 1250 Deum
811 1171 978 1271 inquiens
993 1173 1281 1278 omnipotentem,
1297 1197 1367 1249 non
1384 1181 1439 1250 est

216 1291 312 1390 apud
328 1312 391 1366 nos
409 1289 520 1387 partis
533 1289 726 1372 cuiuslibet
739 1291 851 1378 favor,
863 1287 924 1362 sed
941 1287 1171 1386 equalitatem
1185 1287 1349 1386 utrisque
1361 1315 1440 1388 par·

218 1403 316 1479 tibus
332 1402 610 1493 observabimus,
626 1403 835 1480 nullatenus
852 1402 1100 1478 necessitatem
1114 1401 1287 1480 facientes
1303 1403 1341 1478 in
1354 1427 1440 1502 qua-

221 1540 375 1614 cumque
392 1514 549 1612 oapitulo
565 1514 662 1612 capit
678 1515 730 1590 eis
747 1516 809 1614 qui
826 1539 847 1587 a
865 1515 965 1590 vobis
986 1515 1196 1612 diriguntur
1213 1537 1351 1614 quoquo
1368 1539 1440 1590 mo-

218 1631 272 1719 do,
289 1631 348 1705 sed
366 1629 523 1704 exomni
540 1628 670 1704 honore
694 1629 909 1728 competenti
931 1630 1176 1706 munificentia
1192 1639 1228 1706 et
1247 1631 1439 1731 susceptio·

218 1769 262 1818 ne
280 1743 409 1840 dignos
426 1765 484 1817 eos
502 1741 720 1817 habebimus.
738 1746 783 1816 Et
799 1743 931 1842 siquid
947 1743 1071 1843 utique
1089 1745 1333 1832 convenerint,
1355 1769 1438 1820 ecce

221 1858 320 1933 bene.
334 1857 397 1930 Sin
410 1866 532 1932 autem
546 1857 694 1932 minime·
706 1857 951 1948 convenerint,
963 1858 1094 1933 iterum
1108 1883 1191 1933 cum
1204 1859 1300 1933 omni
1313 1858 1439 1933 huma-

218 1972 331 2046 nitate
349 1995 407 2046 eos
423 1971 469 2046 ad
485 1993 548 2046 vos
565 1971 776 2068 dirigemus.
793 1975 840 2046 Et
857 1980 934 2069 post
950 1996 1074 2073 pauca.
1098 1971 1258 2048 Invitare
1282 1971 1377 2048 enim
1402 1981 1439 2048 et

218 2109 346 2181 rogaro
356 2107 542 2182 possumus
554 2084 747 2160 adomnem
756 2083 1039 2160 emendationem
1049 2093 1085 2160 et
1095 2084 1269 2160 unitatem
1278 2084 1443 2160 omnium.

219 2197 508 2286 christianorum,
516 2197 728 2274 necessitate
738 2221 821 2274 vero
829 2198 961 2275 inferre
971 2198 1179 2275 nullatenus
1192 2198 1369 2274 volumus.

679 2385 729 2436 Ex
746 2385 806 2438 VII
825 2383 968 2452 synodo.

311 2541 392 2615 Nou
409 2537 474 2615 hoc
490 2537 586 2613 alius
611 2538 870 2614 Constantinus
893 2548 929 2616 et
954 2542 1102 2639 Hyrene
1127 2540 1287 2637 Augusti
1312 2539 1438 2616 dicunt

218 2654 280 2752 qui
298 2653 343 2728 ad
361 2653 560 2728 Adriauum
578 2657 712 2751 Papam
731 2654 927 2730 scribentes
943 2654 1054 2729 aiunt.
1072 2655 1255 2751 Rogamus
1280 2662 1437 2730 vestram

218 2777 403 2865 paternam
420 2767 691 2857 beatitudiuem,
707 2767 826 2864 magis
842 2769 904 2866 qui
922 2769 1010 2845 dicit
1028 2769 1201 2844 Dominus
1213 2772 1310 2846 Deus
1324 2779 1438 2865 rogat,

217 2882 279 2981 qui
297 2883 378 2957 vult
393 2907 516 2957 omnes
532 2881 694 2957 homines
710 2883 827 2958 salvos
844 2883 922 2958 fieri
938 2893 974 2960 et
986 2884 1024 2957 in
1037 2884 1258 2980 agnitionem
1271 2883 1436 2960 veritatis

197 3039 200 3046 -
216 2997 341 3073 venire
358 3006 400 3072 ut
412 2997 471 3073 det
484 2996 647 3096 seipsam,
659 3004 696 3070 et
708 2995 847 3071 nullam
860 2997 1064 3073 tarditatem
1083 2997 1203 3082 iaciat,
1215 3006 1252 3073 et
1268 2999 1438 3074 ascendat

215 3115 296 3191 huc.
313 3117 360 3188 Et
375 3113 480 3211 paulo
492 3121 579 3210 post.
592 3113 631 3187 si
644 3133 714 3186 nou
728 3111 882 3209 potuerit
894 3111 1064 3210 inquiunt
1076 3110 1267 3186 ascendere
1279 3110 1362 3200 huc,
1375 3111 1437 3185 eli·

216 3237 282 3325 gat
305 3227 401 3302 viros
423 3225 697 3324 pretiosissimus
711 3235 748 3300 et
763 3225 899 3321 dirigat
917 3248 1085 3301 unacum
1106 3223 1265 3323 syllabis.
1283 3226 1439 3322 OImpe·

217 3351 313 3418 rator
329 3343 455 3417 saltem
470 3367 568 3418 nuuc
586 3364 656 3416 nou
672 3339 870 3436 agnoscitis
887 3339 971 3437 quia
987 3363 1009 3410 a
1026 3338 1165 3436 piorum
1182 3337 1436 3437 imperatorum

219 3456 351 3554 pietate
367 3455 407 3528 iu
420 3479 463 3529 ac
480 3478 518 3530 re
532 3453 714 3543 differatis,
727 3462 763 3528 et
776 3452 859 3552 quia
872 3477 942 3528 vox
960 3463 1081 3529 vestra
1101 3452 1146 3528 ab
1166 3476 1288 3530 eorum
1308 3452 1438 3530 discre-

217 3579 278 3668 pet
294 3568 472 3644 divinitus
488 3567 663 3666 inspirata
681 3566 878 3642 modestia?
894 3565 954 3641 llli
975 3567 1105 3664 quippe
1122 3565 1287 3664 petimus,
1307 3565 1437 3642 invita·

218 3709 310 3772 mus,
325 3685 369 3758 ac
387 3705 567 3778 rogamus,
580 3705 662 3757 ecce
684 3678 835 3779 sparsim
856 3680 901 3754 ad
921 3679 1014 3756 sedis
1034 3679 1234 3778 apostolica
1256 3679 1443 3778 praesules„

216 3797 277 3873 sed
288 3796 363 3894 pari
375 3797 504 3893 pietate
514 3795 681 3872 clamant.
691 3798 764 3870 Vos
776 3803 897 3868 autem
911 3793 1013 3892 quusi
1023 3816 1093 3869 non
1104 3792 1388 3869 mansuetudinis
1399 3802 1440 3870 st·

217 3905 441 3999 reverentia,
452 3908 514 3983 sed
527 3907 637 3984 solius
646 3906 785 4008 imperii
800 3930 921 3983 eorum
930 3905 1087 3982 haeredes
1099 3905 1227 3995 effecti,
1236 3905 1436 3982 etincausa

218 4023 362 4122 pietatis
374 4023 455 4100 illos
467 4023 605 4098 imitari
617 4022 789 4111 nolentes,
798 4020 1017 4122 praecepisse,
1025 4019 1183 4110 iussisse,
1191 4045 1235 4096 ac
1243 4019 1437 4119 imperasse

216 4161 291 4228 vos,
304 4147 346 4213 ut
358 4137 527 4236 quosdam
546 4137 785 4214 subiectorum
799 4143 1000 4211 nostrorum
1013 4134 1058 4210 ad
1070 4157 1133 4209 vos
1146 4133 1371 4212 mitteremus
1383 4159 1438 4209 as-

216 4251 346 4326 seritis.
364 4255 410 4326 Et
426 4250 493 4325 hoc
510 4250 625 4348 ipsum
645 4273 709 4326 vos
725 4250 868 4350 quidem
893 4249 1023 4345 egisse,
1048 4248 1230 4324 nescimus
1254 4248 1360 4324 cuius
1383 4248 1438 4322 iu-

216 4363 471 4461 stigationibus
488 4363 656 4442 fascinati
668 4372 705 4439 et
717 4363 886 4438 oblivioni
898 4362 1021 4438 traditi
1035 4362 1165 4438 dicitis.
1177 4365 1287 4438 Porro
1299 4361 1436 4438 factum

216 4503 238 4554 a
263 4477 364 4554 vobis
389 4477 527 4554 nullam
553 4476 793 4555 recordatione
820 4475 1019 4554 recolimus.
1044 4480 1231 4577 Nusquam
1257 4475 1353 4552 enim
1378 4498 1444 4558 uo,
