3582 5288
705 423 879 484 ...95-

180 541 345 614 honorari
358 541 539 631 debuerat,
552 553 587 616 et
600 543 736 617 adeius
750 542 927 617 vicarium
942 543 1052 616 scribi
1066 554 1107 617 ut
1121 544 1150 615 si
1165 543 1342 621 iudicaret
1357 571 1409 620 re-

180 654 382 729 vocandum
399 679 475 730 csse
493 655 670 731 iudicium
699 668 933 732 renovaretur
958 669 994 732 et
1022 658 1123 733 daret
1148 657 1294 734 iudices.
1320 664 1409 736 Item

179 767 275 844 idern
288 768 328 841 in
340 767 413 842 alia
426 769 583 867 epistola.
593 769 830 858 Quamobrem
844 771 953 846 nimis
966 772 1160 848 absurdum
1174 775 1333 872 estquod
1348 775 1410 848 Hi·

179 907 322 956 smarus
348 883 648 982 Archiepiscopus
664 884 772 981 fingit
794 884 938 959 dississe
964 885 1040 984 (sic)
1066 886 1287 962 Rothardum
1317 899 1409 986 post-

179 1020 288 1094 quam
313 996 489 1074 iudicium
516 999 617 1073 Sedis
640 998 851 1097 Apostolicae
876 1001 1083 1096 provocavit
1109 1002 1241 1075 iterum
1269 1013 1409 1076 mutata

180 1134 267 1186 voce
279 1111 432 1188 aliorum
445 1113 577 1188 iudicia
591 1112 798 1211 postulasse.
808 1113 907 1199 Quod
921 1115 1029 1188 etiam
1044 1115 1075 1188 si
1088 1115 1139 1188 ita
1153 1115 1299 1191 fecisset
1314 1117 1409 1192 sicut

182 1233 303 1300 vestra
324 1225 425 1300 novit
449 1225 657 1301 fraternitas
682 1227 726 1301 ab
747 1226 810 1299 illa
836 1228 954 1304 fuerat
979 1230 1231 1319 emendandus,
1256 1242 1292 1305 et
1317 1257 1408 1306 naa

182 1337 328 1413 maioris
348 1339 573 1414 auctoritatis
589 1341 753 1415 examine
771 1342 816 1418 ad
834 1343 981 1417 minoris
999 1342 1214 1417 valitudinis
1227 1368 1411 1441 provocas

182 1463 236 1527 sat
248 1452 422 1530 iudicium
436 1453 681 1550 corrigendus.
699 1457 745 1528 Et
763 1455 867 1529 infra.
885 1454 1060 1542 Quamvis
1076 1467 1112 1530 et
1130 1455 1161 1529 si
1177 1457 1304 1531 Scdem
1319 1463 1410 1555 Apo-

182 1568 346 1645 stolicam
364 1569 572 1644 nullatenus
589 1569 814 1668 appellasset,
831 1580 955 1644 contra
972 1579 1025 1644 tot
1041 1584 1164 1644 tamen
1181 1581 1217 1645 et
1234 1581 1337 1648 tanta
1354 1573 1411 1648 de·

181 1683 386 1758 crotalisso
407 1684 531 1759 efferre
553 1695 701 1774 statuta,
718 1696 753 1760 et
771 1685 984 1783 Episcopum
1003 1685 1216 1761 inconsultis
1233 1686 1334 1761 nobis
1352 1713 1411 1763 ne-

182 1821 363 1896 quaquam
387 1798 560 1897 deponere
578 1799 674 1874 sicut
697 1823 760 1872 ros
776 1800 866 1875 bane
889 1801 1001 1875 nostis
1026 1801 1206 1875 debuerat.
1233 1805 1279 1876 Et
1304 1802 1408 1877 infra.

182 1911 275 1998 Quia
292 1937 394 1988 sacra
411 1921 547 1987 statuta
565 1922 601 1986 et
618 1914 822 1987 veneranda
839 1915 991 2004 decreta,
1005 1914 1259 2013 Episcoporum
1277 1941 1405 1991 causas

183 2035 305 2124 utpote
330 2027 465 2101 maiora
490 2025 635 2122 negotia
661 2038 793 2102 nostra
808 2029 1040 2127 diffiniendas
1070 2052 1234 2104 censurae
1265 2030 1409 2104 manda·

183 2153 326 2216 uerunt.

713 2370 883 2454 oxxvfl.

279 2597 464 2695 Nycolaus
482 2597 677 2694 Episcopus
700 2600 835 2670 Servus
862 2621 1045 2671 servorum
1066 2595 1130 2672 Dei
1154 2597 1320 2672 Hismaro
1346 2600 1410 2671 Re·

184 2709 300 2786 mensi
317 2710 601 2809 Archiepiscopo.
620 2716 764 2808 Arguta
783 2710 959 2808 sapientia
983 2719 1058 2800 tua,
1084 2709 1224 2784 utinam
1250 2711 1288 2783 in
1310 2710 1409 2799 bono,

182 2837 330 2924 accepto
347 2827 469 2901 fomite
482 2825 617 2913 iudicii,
632 2826 820 2901 materiam
834 2822 1062 2922 depositionis
1075 2823 1249 2898 adversus
1262 2822 1411 2898 Rothar·

183 2940 270 3013 dum
287 2940 495 3036 assumpsit,
512 2949 549 3014 et
560 2940 605 3014 ab
618 2939 746 3016 itinere
761 2937 863 3012 Sedis
878 2936 1091 3034 Apostolicae
1105 2937 1268 3026 removit,
1281 2947 1317 3011 et
1330 2958 1411 3012 con-

182 3051 357 3128 tinuatim
381 3052 510 3130 Sedem
534 3053 776 3151 Apostolicam
802 3050 1041 3150 appellantem
1067 3051 1262 3139 damnavit,
1279 3061 1314 3126 ct
1336 3075 1411 3125 car·

184 3167 296 3242 carali
314 3168 484 3244 eustodiae
501 3167 731 3266 mancipavit.
746 3170 792 3240 Et
818 3163 922 3236 infra.
941 3161 1141 3257 Privilegia
1161 3173 1282 3237 tamen
1308 3162 1410 3236 Sedis

184 3279 397 3378 Apostolicae
418 3305 482 3354 vos
499 3280 667 3354 oblivioni
684 3279 824 3355 tradere
848 3277 1057 3352 nullatenus
1082 3275 1254 3351 debuistis
1280 3275 1410 3374 quibus

184 3394 379 3470 venerandi
396 3417 552 3470 canones
567 3394 700 3469 iudicia
717 3393 829 3467 totius
846 3389 1019 3467 Ecclesia
1036 3389 1080 3462 ad
1097 3388 1192 3465 hanc
1209 3388 1339 3464 deferri
1356 3390 1410 3463 iu-

183 3511 278 3598 bent,
296 3519 332 3584 et
348 3509 393 3582 ab
409 3508 473 3582 illa
490 3508 585 3584 sicut
602 3517 749 3583 sanctus
767 3505 935 3581 Gelasius
958 3503 1122 3579 meminit
1147 3529 1326 3602 nusquam
1350 3529 1411 3602 ap·

184 3621 310 3720 pallori
327 3632 533 3697 sanxerunt.
553 3627 605 3696 Ac
622 3647 685 3718 per
702 3620 768 3697 hoc
787 3620 905 3718 ipsum
923 3619 965 3694 da
982 3619 1147 3694 omnibus
1172 3618 1343 3708 iudicare,
1366 3619 1410 3694 ab

183 3734 246 3808 illa
265 3757 349 3810 vero
364 3734 459 3808 nulli
476 3745 531 3810 est
547 3733 727 3833 appellare
744 3732 970 3832 permissum.
996 3733 1065 3807 Sed
1090 3733 1199 3807 etiam
1226 3731 1257 3806 si
1281 3732 1327 3807 ad
1351 3757 1411 3807 ve·

184 3859 300 3923 strum
318 3859 546 3946 provocasset
557 3875 579 3921 a
592 3859 712 3924 nostro
725 3847 868 3935 iudicio,
881 3873 903 3920 a
916 3847 1016 3922 vobis
1029 3845 1210 3922 exaltabat
1222 3857 1408 3945 tamquam

183 3961 397 4035 herroneum
415 3960 660 4056 corrigendus.
678 3964 725 4035 Et
742 3960 850 4034 infra.
867 3964 954 4036 Haec
971 3961 1102 4060 quippe
1119 3984 1183 4036 nos
1201 3961 1239 4034 in
1264 3961 1410 4036 Rothar-

183 4073 226 4148 do
243 4072 376 4150 iccirco
393 4073 540 4149 novaris
552 4085 713 4172 operatos
729 4084 770 4148 ut
784 4073 977 4172 privilegia
991 4075 1093 4150 Sedis
1107 4073 1318 4172 Apostolicae
1330 4099 1410 4173 quae

184 4185 276 4259 male
294 4209 316 4257 a
338 4183 440 4259 vobis
457 4183 589 4260 violata
601 4209 678 4260 esse
692 4185 918 4276 uidebantur,
931 4188 1143 4263 auctoritate
1157 4187 1361 4285 Apostolica
1374 4201 1409 4263 et

183 4297 355 4373 canonica
373 4308 515 4396 patrum
533 4297 795 4388 deliberatione,
813 4299 964 4398 pristino
979 4299 1124 4375 tandem
1141 4297 1260 4396 genio,
1277 4310 1313 4375 et
1330 4321 1413 4397 pro·

184 4410 258 4508 prio
274 4410 529 4488 decorarentur
545 4411 688 4487 honore.
