3654 5302
735 421 931 486 -381-

219 549 321 640 ptum
339 551 404 618 est.
420 541 501 617 Diis
517 565 589 616 non
607 541 772 618 detrahes
790 543 930 618 scilicet
946 542 1197 619 sacerdotibus.
1211 545 1257 621 nt
1273 542 1442 644 propheta

218 655 280 745 ait,
297 651 392 730 labia
409 656 601 732 sacerdotis
618 656 825 730 custodiunt
842 658 1042 747 scientiam,
1059 667 1095 748 et
1113 658 1259 756 reliqua.
1277 658 1369 745 Quid
1388 683 1441 733 er-

218 791 265 863 go
279 769 410 843 mirum
429 770 460 842 si
477 769 557 843 illos
573 769 771 866 imperialis
787 770 901 866 pietas
917 772 1074 860 honoret,
1091 772 1221 869 quibus
1238 772 1275 844 in
1294 795 1357 845 suo
1373 771 1443 846 elo

218 881 301 979 quio
313 880 482 959 honorem
499 883 674 972 tribuens,
687 905 744 957 eos
757 892 821 957 aut
837 885 986 980 angelos
1003 895 1067 960 aut
1079 884 1160 960 deos
1173 885 1248 983 ipse
1259 885 1368 960 etiam
1382 908 1441 982 ap

218 992 327 1092 pellet
348 994 754 1070 Deus‘lAEcelesiastica
777 1019 915 1094 quoque
932 1006 1086 1072 testatur
1102 997 1252 1096 ystoria,
1274 997 1336 1096 qui
1357 1021 1441 1072 cum

219 1109 285 1206 piae
302 1109 480 1184 memoriae
494 1109 729 1186 Constantino
742 1110 1048 1210 principi,scripto
1060 1111 1185 1186 oblatae
1197 1110 1442 1187 accusationes

218 1233 342 1297 eontra
368 1224 548 1324 episcopos
573 1224 737 1312 fuissent,
754 1223 891 1299 libellos
917 1225 1058 1322 quidem
1083 1225 1232 1324 accepit,
1249 1234 1285 1300 et
1302 1225 1441 1300 eosdem

221 1335 281 1433 qui
299 1337 458 1412 accusati
478 1347 563 1412 suut
579 1337 759 1436 episcopos
776 1361 987 1426 convocans,
999 1337 1035 1410 in
1051 1360 1172 1413 eornm
1191 1348 1383 1434 conspectu
1402 1337 1443 1410 li-

218 1447 330 1522 bellos
343 1472 429 1546 quos
442 1449 536 1524 idem
550 1461 737 1549 acceperat
754 1451 914 1526 incendit
930 1451 1060 1527 dicens.
1075 1455 1148 1526 Vos
1161 1451 1209 1526 dii
1223 1451 1310 1526 estis
1322 1478 1343 1525 a
1356 1473 1441 1524 vero

219 1563 292 1636 Deo
309 1563 505 1638 constituti.
523 1566 576 1638 Ite
602 1577 638 1638 et
654 1563 749 1639 inter
766 1587 829 1638 vos
846 1588 974 1638 causas
991 1575 1130 1639 vestras
1155 1565 1340 1663 disponite,
1357 1564 1442 1662 quia

218 1675 371 1772 dignum
388 1701 458 1750 non
476 1687 531 1752 est
548 1687 590 1752 ut
606 1699 669 1751 nos
687 1677 887 1752 iudicemus
912 1677 1002 1752 dece.
1019 1680 1059 1752 In
1086 1701 1157 1776 qua
1174 1677 1352 1754 sententia
1373 1675 1441 1750 sibi

218 1789 337 1885 magis
354 1814 399 1864 ex
414 1789 746 1888 hnmilitate,qnam
761 1789 822 1864 ille
839 1790 975 1888 aliquid
992 1793 1166 1889 praestitit.
1177 1817 1220 1867 ex
1237 1789 1441 1866 reverentia

217 1901 388 1999 impensa.
401 1907 497 1976 Ante
514 1927 595 1977 eum
615 1902 743 2002 quippe
761 1903 893 1999 pagani
907 1903 946 1976 iu
961 1928 998 1978 re
1015 1903 1160 2003 publica
1173 1905 1352 2002 principes
1367 1903 1444 1977 lue·

218 2024 315 2102 runt,
329 2015 390 2112 qui
407 2039 535 2091 verum
550 2017 664 2090 Deum
683 2015 894 2105 nescientes,
906 2016 987 2091 deos
1004 2016 1143 2112 ligneos
1160 2027 1196 2093 et
1213 2017 1368 2114 lapideos
1385 2039 1441 2091 co·
1462 2075 1465 2079 .

217 2129 349 2220 lebant,
366 2139 402 2204 et
426 2140 546 2206 tamen
572 2153 692 2206 eorum
719 2129 961 2206 sacerdotibus
977 2130 1146 2206 honorem
1164 2131 1361 2204 maximum
1379 2129 1442 2204 tri-

217 2241 496 2330 buchananum
522 2243 638 2339 igitur
666 2243 797 2317 mirum
824 2243 855 2315 si
882 2241 1113 2318 Christianus
1142 2245 1345 2344 imperator,
1363 2241 1439 2316 veri

216 2357 281 2430 Dei
299 2357 501 2431 sacerdotes
519 2355 678 2444 honoret,
695 2355 778 2428 dum
806 2356 939 2453 pagani
958 2367 999 2431 ut
1015 2357 1245 2454 praediximus
1261 2357 1441 2455 principes

217 2467 384 2544 honorem
402 2469 607 2568 impendere
624 2491 747 2544 eorum
773 2468 1016 2543 sacerdotibus
1040 2471 1207 2545 noverint
1235 2470 1298 2568 qui
1326 2469 1440 2566 lignis

217 2591 254 2658 et
266 2581 445 2680 lapidibus
458 2581 689 2657 serviebant?
702 2581 769 2655 hoc
782 2604 868 2678 ergo
877 2605 946 2656 non
956 2592 1099 2657 tantum
1113 2583 1316 2680 specialiter
1329 2605 1440 2680 quan·

218 2705 296 2768 tum
314 2695 534 2791 generaliter
551 2718 613 2793 pro
630 2695 794 2769 omnibus
806 2695 1000 2770 asserimus
1013 2696 1254 2772 sacerdotibus
1272 2696 1439 2795 quoniam

219 2808 338 2885 adhuc
356 2809 537 2884 nescimus
554 2809 636 2906 quis
663 2807 700 2898 in
725 2807 877 2882 terribili
895 2807 961 2882 Dei
986 2808 1118 2884 iudicio
1147 2809 1264 2907 qualis
1292 2809 1439 2883 futurus

217 2919 274 2994 sit.
298 2920 442 2995 Etenim
468 2919 605 2993 Paulus
625 2920 798 3016 egregius
815 2921 911 2996 dicit.
936 2923 1055 2997 Nolite
1073 2923 1231 2999 indicare
1249 2932 1333 2999 ante
1351 2904 1440 2998 tem-

217 3058 294 3132 pus,
312 3035 542 3132 quoadusque
559 3033 682 3110 veniat
697 3035 879 3124 Dominus,
892 3043 928 3108 et
946 3034 1093 3133 reliqua.
1106 3039 1199 3110 Nam
1217 3045 1303 3110 sunt
1324 3036 1439 3110 multa

217 3171 297 3244 quae
313 3149 356 3223 de
372 3147 504 3224 iudicio
521 3147 621 3222 illius
638 3147 800 3224 homines
817 3149 999 3245 ignorant,
1012 3148 1096 3248 quia
1113 3149 1263 3224 fortasse
1280 3172 1359 3247 qua
1376 3172 1440 3224 vos

221 3260 491 3361 reprehenditis,
508 3261 570 3337 ille
587 3260 757 3337 laudabit.

754 3427 897 3512 nvssll.

313 3599 511 3695 Gregorius
521 3597 683 3673 Senatori
693 3597 907 3696 Presbytero
919 3607 955 3674 et
968 3598 1099 3674 Abbati
1112 3599 1318 3675 xenodochii
1329 3603 1439 3675 Fran·

216 3733 351 3800 corum,
368 3713 462 3788 inter
478 3722 607 3788 cetera.
625 3714 711 3786 Haec
728 3711 844 3806 igitur
860 3713 979 3786 omnia
996 3736 1075 3810 quaa
1091 3713 1201 3786 huius
1218 3713 1386 3812 praecepti
1403 3722 1440 3788 et

216 3824 350 3899 decreti
375 3825 488 3900 nostri
513 3823 648 3922 pagina
672 3823 841 3913 continet,
858 3832 931 3896 tam
950 3824 1015 3898 tibi
1033 3849 1141 3922 quam
1160 3825 1303 3900 cunctis
1320 3825 1381 3924 qni
1399 3825 1439 3899 in

216 3959 257 4011 eo
273 3961 343 4036 quo
359 3963 397 4013 es
422 3938 543 4013 ordine
568 3937 713 4036 locoque
738 3938 986 4027 successerint,
1003 3938 1061 4013 vel
1086 3963 1236 4037 quorum
1265 3939 1438 4015 interesse

216 4051 382 4146 potuerit,
413 4050 677 4148 imperpetuum
704 4050 878 4125 servanda
908 4050 1143 4126 decernimus.
1173 4051 1212 4126 Si
1241 4053 1324 4151 quis
1353 4077 1439 4128 vero

217 4188 357 4260 regum,
374 4165 599 4239 sacerdotnm
626 4163 801 4238 iudicium
827 4173 935 4261 atque
952 4165 1180 4239 saecularium
1206 4189 1437 4262 personarum

216 4276 309 4353 hauc
326 4277 592 4352 constitutionis
608 4287 737 4352 nostrae
755 4276 925 4374 paginam
938 4301 1137 4372 agnoscens
1150 4288 1275 4353 contra
1287 4303 1366 4354 eam
1380 4303 1440 4353 ve·

216 4389 294 4464 nire
310 4389 553 4488 temptaverit,
578 4389 763 4489 potestatis
787 4389 1000 4486 honorisque
1022 4389 1078 4464 sui
1100 4389 1279 4486 dignitate
1307 4401 1439 4479 careat,

217 4527 387 4599 reumque
404 4526 441 4578 se
465 4503 587 4578 divino
611 4501 743 4577 iudicio
768 4503 919 4578 existere
948 4501 991 4576 de
1020 4513 1222 4602 perpetrata
1248 4503 1438 4602 iniquitate
