3646 5292
877 421 1076 487 -206-

850 652 1094 755 LXXXVHH.

458 895 660 974 Theodorus
675 900 693 972 Ι
710 899 853 975 natione
871 902 1010 976 Grecus
1026 922 1227 976 convocans
1253 897 1441 972 universos
1468 919 1585 972 sacer·

366 1015 464 1090 dotes
480 1020 516 1088 et
532 1010 668 1086 clerum
687 1010 725 1083 in
738 1011 887 1087 ecclesia
904 1012 998 1087 beati
1017 1012 1113 1088 Petri
1132 1011 1290 1110 Apostoli
1307 1009 1583 1106 condempnavit

366 1126 549 1226 Pyrrhum
568 1124 1000 1224 Constantinopolitanum
1017 1124 1269 1223 patriarcham,
1286 1122 1354 1198 sub
1375 1121 1521 1198 vinculo
1545 1147 1580 1195 a·

366 1238 593 1326 mathematis
610 1237 694 1333 quia
711 1263 795 1313 cum
812 1238 856 1312 ad
873 1237 1121 1336 Apostolorum
1135 1237 1261 1310 limina
1273 1236 1527 1312 satisfactionis
1540 1235 1581 1308 li·

364 1353 499 1431 bellum
523 1349 710 1425 obtulisset
732 1351 769 1424 in
785 1361 988 1449 *conspectu¹
1010 1353 1120 1427 totius
1144 1351 1232 1427 cleri
1251 1360 1288 1426 et
1310 1349 1440 1448 populi,
1463 1358 1582 1448 postea

367 1489 463 1542 more
479 1463 579 1540 canis
595 1463 640 1538 ad
656 1464 837 1562 proprium
855 1466 1031 1540 votimum
1048 1465 1243 1563 impietatis
1260 1463 1451 1562 repedavit.

891 1698 1052 1782 Lxxxx.

460 1910 581 1986 Conon
598 1909 693 2006 apud
710 1908 872 1983 Siciliam
894 1907 1050 1996 edoctus
1072 1903 1215 1980 natione
1238 1901 1472 1994 Thrasaceus,
1493 1903 1584 1979 sedit

369 2045 509 2096 menses
525 2023 589 2110 XI,
601 2019 661 2094 bic
675 2020 769 2094 ultra
781 2019 1086 2110 consuetudinem,
1103 2017 1236 2116 absque
1249 2041 1426 2094 consensu
1438 2016 1525 2092 olori
1539 2041 1583 2091 ex

368 2131 587 2208 immissione
613 2131 788 2206 malorum
812 2131 1010 2221 hominum,
1034 2129 1073 2204 in
1099 2130 1233 2207 Anthia
1257 2129 1580 2205 ecclesiasticorum

367 2245 643 2322 Constantinum
661 2245 844 2320 diaconem
861 2243 1031 2320 aecolesiee
1043 2267 1275 2341 syracusana
1290 2251 1460 2318 rectorem
1474 2241 1511 2316 in
1525 2265 1584 2340 pa·

365 2357 531 2435 trimonio
548 2357 681 2432 Siciliae
698 2356 895 2446 constituit,
912 2355 1092 2430 hominem
1109 2378 1297 2452 perperum
1315 2365 1352 2430 et
1364 2356 1584 2451 tergiversu-

364 2481 453 2547 tum.
470 2471 539 2546 Sed
556 2481 592 2546 et
609 2471 774 2568 mappulo
790 2469 823 2544 ei
836 2469 880 2544 ad
893 2468 1164 2545 cabalicandum
1178 2469 1233 2544 uti
1246 2469 1428 2545 licentiam
1441 2493 1583 2546 conces·

364 2585 422 2659 sit.
439 2587 486 2658 Et
502 2593 668 2682 nonpost
687 2584 841 2658 multum
867 2594 1009 2681 tempus
1034 2581 1184 2657 obeunte
1211 2582 1383 2658 Pontifico
1410 2583 1582 2658 seditione

365 2721 569 2796 supereum
586 2707 674 2788 orta,
685 2723 707 2772 a
720 2697 838 2774 iudice
855 2695 1047 2795 provinciae
1063 2695 1220 2770 suborta
1233 2695 1393 2770 custodia
1410 2703 1582 2772 retrusus.

886 2896 1072 2981 LllllllXI.

725 3106 789 3177 DE
814 3105 992 3178 ORDINE
1017 3105 1218 3178 ROMANO

428 3298 474 3350 De
493 3295 651 3362 gradibus
670 3298 826 3350 Romanae
844 3297 1001 3350 Ecclesiae
1020 3307 1062 3348 ex
1080 3296 1214 3361 unoquo
1234 3293 1347 3348 ordine
1365 3297 1523 3349 Romano.

460 3473 623 3548 Primum
641 3473 678 3547 iu
697 3497 922 3572 quacumque
939 3473 1034 3548 scola
1051 3472 1182 3572 reperti
1207 3473 1342 3548 fuerint
1366 3475 1467 3574 pueri
1492 3475 1582 3551 bene

366 3586 459 3661 docti
477 3585 617 3661 litteras
633 3585 810 3661 tolluntur
827 3586 909 3662 inde
926 3596 962 3663 et
978 3586 1191 3661 nutriuntur
1208 3585 1246 3659 in
1264 3586 1359 3662 scola
1383 3597 1581 3679 cantorum,

365 3708 402 3773 ot
419 3707 538 3795 postea
555 3699 647 3774 fiunt
664 3699 886 3774 cubicularii.
899 3699 1033 3774 Deinde
1047 3699 1143 3774 sicut
1155 3711 1460 3776 sacramentorum
1474 3702 1583 3777 codex

365 3810 524 3885 continet
541 3811 690 3908 quando,
707 3819 743 3886 et
759 3811 821 3885 ubi
838 3811 981 3886 libitum
995 3811 1115 3900 fuerit,
1128 3835 1241 3909 usque
1254 3811 1293 3886 in
1307 3813 1581 3890 subdiaconatus

365 3923 522 3998 officium
539 3922 758 3998 ordinantur.
776 3923 923 3999 Diaconi
940 3946 1025 3998 vero
1041 3931 1148 4020 atque
1162 3924 1380 4023 Presbyteri,
1393 3952 1579 4025 nunquam

229 4114 234 4122 ¹
364 4033 436 4108 nisi
453 4034 491 4107 in
508 4033 651 4131 publica
668 4035 897 4111 ordinatione.
915 4037 974 4112 Fit
990 4037 1086 4113 enim
1104 4047 1301 4114 conventus
1317 4039 1436 4138 populi
1454 4050 1490 4116 et
1503 4064 1584 4116 con·

365 4145 533 4242 gregatio
550 4147 737 4243 regionum
756 4149 912 4245 primum
929 4149 975 4224 ad
999 4148 1184 4225 basilicam
1211 4153 1461 4253 Apostolorum
1483 4153 1583 4228 tituli

321 4277 328 4286 ·’
366 4257 546 4348 Eudoxiae,
560 4259 689 4334 atinde
707 4261 826 4358 pergit
842 4262 1007 4336 Pontifex
1023 4287 1196 4338 unacum
1214 4267 1350 4363 populo,
1363 4266 1583 4363 praecedente

365 4367 468 4443 solito
480 4380 664 4468 apparatu,
678 4372 770 4447 idest
791 4373 979 4466 Crucibus,
996 4375 1176 4466 turibulis,
1193 4401 1306 4475 usque
1323 4379 1368 4452 ad
1381 4380 1416 4451 S.
1430 4381 1584 4451 Mnmnu

365 4479 410 4553 ad
419 4503 572 4578 presepe.
588 4483 789 4560 Accedente
803 4485 973 4562 Pontifice
985 4487 1030 4562 ad
1043 4489 1180 4579 Altare,
1193 4491 1586 4568 scolacantorumcom-
