3646 5292
741 403 938 470 -265-

230 523 443 617 decreverit,
459 526 685 603 medietatem
698 526 866 603 ecclesia·
882 525 941 599 cui
959 523 1035 626 ipse
1053 525 1232 624 pertinere
1248 525 1448 602 dinoscitur

231 627 471 738 relinquebat
488 641 540 716 sic
558 640 700 716 demum
719 640 758 714 in
775 639 989 714 monasterio
1008 650 1110 742 prout
1128 641 1196 715 sibi
1213 641 1355 715 libitum
1374 641 1450 716 fuo-

230 755 279 829 rit
294 754 402 828 eundi
420 754 720 852 convertendique
737 743 867 830 habeat
879 752 1075 830 licentiam.
1086 756 1312 853 Quicumque
1326 764 1447 830 autem

230 867 340 943 huius
352 867 464 942 nostri
478 867 611 944 decreti
625 869 876 960 contradictor,
885 867 1087 958 convulsor,
1096 893 1139 943 ac
1152 878 1344 943 temerator
1357 869 1448 943 exti-

230 981 325 1070 terit,
342 981 462 1077 gladio
478 981 720 1058 anathematis
737 982 930 1060 subiaceat.
945 985 1036 1058 Data
1055 985 1172 1057 Romae
1189 1006 1311 1056 mense
1331 981 1446 1080 Aprili

232 1094 288 1169 die
305 1095 378 1170 XX
395 1093 588 1170 indictione
606 1098 651 1168 V.
1209 1095 1213 1100 ’

496 1503 546 1554 Ex
558 1504 588 1554 11
601 1503 685 1556 libro
698 1502 776 1556 vitae
789 1504 900 1556 Sancti
913 1501 1064 1568 Gregorii
1075 1504 1188 1567 Papae.

329 1673 598 1750 Niehilominus
622 1699 685 1772 per
709 1675 869 1748 diversas
895 1674 1099 1772 provincias
1124 1697 1186 1772 pro
1211 1674 1370 1749 custodia
1395 1699 1449 1748 sa·

232 1813 292 1864 ore
318 1788 505 1886 roligionis
532 1787 638 1862 rebus
662 1812 859 1886 pauperum
885 1798 1032 1864 strenue
1057 1787 1302 1884 gubernandis
1328 1787 1450 1864 aeccle-

237 1903 299 1977 siae
317 1929 391 1977 suae
408 1903 515 1990 viros,
532 1902 726 1976 industrios
751 1913 906 1978 rectores
928 1902 1220 2000 patrimoniorum
1247 1902 1388 1977 ascivit.
1406 1905 1449 1976 In

236 2015 367 2114 quibus
380 2016 605 2114 Cyprianum
622 2015 809 2091 diaconum
825 2015 1042 2116 patrimonii,
1055 2016 1180 2091 Siculi.
1194 2014 1449 2090 Pantaleonem

230 2130 419 2206 Notarium
435 2130 653 2206 Sireousani.
663 2131 858 2205 Fantiuum
869 2131 1097 2207 Defensorem
1108 2131 1448 2207 Panormitaui.Ser-

230 2247 334 2342 gium
358 2245 598 2336 Defensorem,
616 2244 847 2320 calabritani.
872 2247 1072 2320 Romanum
1096 2243 1301 2334 Notarium,
1327 2243 1447 2342 Apuli.

232 2361 454 2434 Benenatum
469 2347 875 2448 Defensorem,Sarruoi.
885 2358 1121 2433 Anthemium
1138 2357 1448 2447 Diaconum,Nea-

231 2473 388 2572 politani.
406 2477 552 2548 Petrum
571 2473 848 2563 Subdiacouum,
862 2473 1047 2570 Campani.
1061 2472 1263 2548 Candidum
1281 2472 1448 2547 Defensa

233 2611 320 2676 rem,
337 2587 455 2661 Tusci.
473 2586 647 2662 Urbicum
674 2586 914 2676 Defensorem,
935 2583 1069 2659 Sabini.
1086 2586 1257 2682 Optatam
1282 2585 1449 2659 Defenso-

232 2700 486 2788 rem,Nursini.
496 2700 730 2775 Benedictum
742 2701 944 2787 Notarium,
959 2698 1175 2774 Carseolani.
1185 2697 1343 2774 Felicem
1359 2699 1466 2778 Sub.

231 2815 431 2903 diaconum,
446 2815 579 2911 Appiae.
593 2815 794 2890 Castorium
814 2812 1073 2903 Cartularium,
1088 2811 1315 2888 Ravennatis.
1328 2812 1450 2887 Casto·

232 2927 326 3000 rium
339 2927 538 3016 Notarium,
550 2927 722 3000 Ystriani.
736 2929 932 3004 Antonium
948 2929 1224 3013 Subdiaoonum,
1237 2925 1447 3001 Dalmatini.

231 3039 423 3115 Iohannem
443 3039 644 3130 Notarium,
661 3041 859 3116 illiriciani.
878 3043 1087 3118 Simachum
1108 3042 1349 3131 Defensorem,
1367 3044 1449 3114 Sar·

231 3154 346 3228 diniae.
371 3155 591 3229 Bonifatium
616 3156 817 3246 Notarium,
843 3157 1038 3232 Corsicani.
1064 3155 1317 3230 Pantaleonem
1342 3157 1450 3228 Nota-

233 3269 339 3356 rium,
358 3267 524 3363 Liguriae.
543 3268 793 3344 Hieronimum
811 3271 1052 3360 Defensorem,
1078 3269 1448 3368 Alpiumsoottiarum.

233 3381 428 3480 Hylarium
446 3384 648 3474 Notarium,
666 3384 943 3460 Germaniciani.
958 3383 1160 3459 Candidum
1179 3381 1449 3481 Presbyterum,

236 3495 411 3571 Galicani.

797 3691 885 3775 LXI.

329 3943 527 4040 Gregorius
552 3945 719 4018 ianuario
737 3941 943 4020 Calaritano
964 3942 1147 4044 Episcopo.
1164 3941 1369 4018 Indicatum
1395 3949 1450 4016 cst

234 4058 345 4145 nobie,
363 4057 454 4154 quod
479 4057 583 4132 laicis
601 4057 813 4156 quibusdam
841 4083 964 4133 curam
991 4058 1104 4133 vestri
1130 4057 1334 4156 patrimonii
1358 4080 1451 4132 corn·

234 4169 428 4260 mittentes
440 4171 661 4267 postmodum
672 4171 709 4244 in
725 4171 941 4246 rusticorum
955 4171 1116 4246 virorum
1130 4168 1450 4269 depredationibus,

235 4294 343 4382 atque
361 4309 423 4383 per
440 4283 508 4359 hoe
524 4284 797 4380 fatigationibus
823 4284 960 4359 fuerint
985 4283 1204 4386 deprehensi.
1224 4282 1323 4371 Quod
1347 4283 1377 4358 si
1400 4283 1451 4358 ita
1561 4308 1564 4316 ·

234 4406 288 4471 est
305 4395 468 4471 districte
485 4423 505 4470 a
523 4397 623 4470 robis
641 4397 772 4472 discuti
798 4401 977 4489 convenit,
994 4409 1102 4498 atque
1127 4401 1220 4475 inter
1245 4423 1304 4474 eos
1329 4399 1451 4476 aeccle·

236 4509 369 4612 siaeque
386 4521 517 4590 vestrae
535 4511 688 4590 rusticos
704 4537 850 4591 causam
868 4513 1073 4593 examinare
1093 4512 1275 4603 subtilius,
1292 4520 1328 4588 et
1352 4513 1452 4616 quic-
