3582 5288
700 387 897 450 -165-

185 529 257 582 non·
275 507 756 604 elegerant‘recipiebantur,
774 530 920 580 manum
941 505 1009 580 sibi
1023 505 1269 608 ¹contrahebat
1292 532 1408 584 arma-

185 629 262 694 tam·
283 628 321 694 et
336 619 504 696 ¹claustra
530 643 727 707 murorum,
744 617 783 691 in
806 617 971 693 hostilem
990 641 1123 718 morem
1145 618 1207 694 vel
1225 619 1407 696 obsidione

185 732 367 829 cingebat,
378 731 680 829 relaggressione
694 732 883 821 reserabat,
896 741 932 807 et
941 731 1113 808 adsedem
1127 732 1270 832 quietis,
1283 758 1406 834 pacem

184 846 436 948 praedioaturos
457 871 519 946 per
536 845 629 921 bella
654 845 816 935 ducebat,
832 845 890 920 his
907 845 1039 922 talibus
1065 855 1101 922 et
1116 855 1242 922 contra
1263 847 1414 946 imperii

183 969 419 1055 magestatem
437 968 473 1034 at
490 968 613 1034 contra
630 957 869 1035 reverentiam
890 958 1101 1056 Apostolicae
1119 959 1211 1035 sedis
1228 959 1406 1051 admissis,

184 1082 220 1149 et
232 1073 462 1170 perordinem
472 1071 572 1146 urbis
583 1075 687 1170 Papae
700 1072 904 1170 cognitione
917 1072 1099 1163 discussis,
1108 1083 1206 1148 certa
1220 1073 1258 1147 in
1275 1063 1357 1150 eum
1371 1085 1407 1151 et

183 1189 224 1263 de
238 1188 295 1261 his
308 1209 395 1286 quos
408 1186 499 1260 male
516 1187 745 1261 ordinaverat
757 1186 830 1260 lata
843 1187 1020 1261 sententie
1034 1195 1097 1260 est.
1111 1189 1157 1260 Et
1170 1195 1247 1262 erat
1260 1187 1403 1286 quidem

182 1302 257 1401 ipsa
275 1299 453 1376 sententia
471 1324 533 1396 per
550 1300 686 1374 Gallias
703 1301 811 1375 otiam
829 1300 906 1375 sine
923 1299 1101 1401 imperiali
1115 1301 1298 1376 sanctione
1315 1303 1405 1376 vali-

181 1424 273 1489 tura.
291 1413 385 1502 Quid
394 1412 498 1487 'eninr
514 1413 606 1487 tanti
625 1413 809 1488 Pontificis
821 1412 1028 1488 auctoritati
1046 1413 1084 1485 in
1099 1413 1261 1488 ecclesiis
1274 1438 1345 1489 non
1363 1415 1405 1488 li-

181 1531 304 1602 ceret?
321 1525 391 1600 Sed
406 1536 528 1599 nostra
544 1548 683 1623 quoque
701 1525 888 1626 praeceptio
904 1549 947 1600 ac
961 1525 1051 1600 ratio
1063 1525 1237 1622 probavit,
1255 1551 1300 1602 ne
1314 1527 1403 1603 ulte-

181 1641 257 1714 rius
274 1665 341 1715 nec
354 1639 506 1738 Hylario
519 1663 625 1737 quem
638 1637 756 1714 adhuc
769 1638 985 1736 Episcopum
998 1638 1202 1736 nuncupari
1216 1639 1289 1713 sola
1305 1665 1403 1714 man-

180 1755 272 1833 sueti
290 1753 444 1852 presulis
466 1753 642 1852 permittit
658 1752 876 1842 humanitas,
893 1777 959 1828 nec
976 1751 1146 1850 cuiquam
1166 1753 1275 1827 alteri
1292 1753 1403 1829 ecole-

179 1867 335 1944 siasticis
352 1869 459 1942 rebus
471 1891 571 1940 arma
583 1867 750 1955 miscere,
768 1876 832 1941 ant
848 1866 1034 1965 preceptis
1049 1855 1198 1940 Romani
1216 1866 1403 1942 Antistitis

179 1981 331 2058 obviare.
349 1981 509 2056 Ausibus
533 1981 629 2055 enim
646 1980 779 2055 talibus
804 1979 891 2054 fides
908 1988 945 2054 et
962 1979 1163 2054 reverentia
1189 1979 1303 2076 nostri
1329 1981 1402 2055 vio·

178 2096 273 2171 latur
289 2095 440 2196 imperii.
457 2099 535 2170 Nec
551 2093 713 2170 osculum
731 2093 823 2192 quod
840 2101 895 2167 est
909 2092 1053 2166 maximi
1072 2091 1401 2170 oriminissummo-

178 2235 315 2286 remus.
333 2215 471 2285 Verum
489 2234 534 2284 ne
551 2208 642 2284 lovis
660 2207 788 2283 saltem
806 2206 901 2281 inter
918 2205 1089 2312 ecclesias
1105 2206 1212 2281 turba
1229 2217 1401 2283 nascatur

178 2323 235 2400 vel
244 2324 280 2397 in
295 2323 415 2423 aliquo
425 2322 541 2397 minui
554 2321 740 2418 religionis
753 2319 942 2417 disciplina
955 2319 1130 2410 videatur,
1144 2319 1213 2395 hac
1227 2319 1401 2417 perhenni

177 2439 359 2514 sanctione
385 2463 583 2525 censemus,
604 2434 752 2534 nequid
777 2443 852 2508 tam
877 2432 1050 2532 episcopis
1073 2431 1267 2529 gallicanis
1292 2457 1401 2531 quam

179 2553 332 2628 aliarum
359 2551 625 2650 provinciarum
650 2559 774 2624 contra
795 2545 1091 2622 consuetudinem
1113 2536 1271 2623 veterem
1293 2546 1401 2624 liceat

177 2667 254 2742 sine
270 2663 486 2741 venerabilis
502 2663 573 2738 viri
588 2666 693 2760 Papae
710 2659 818 2737 Urbis
831 2659 1200 2735 aeternaeauctoritate
1214 2668 1397 2757 temptare.

177 2780 244 2855 Sed
257 2779 326 2855 hoc
342 2779 416 2854 illis
429 2777 594 2852 omnibus
611 2799 674 2876 pro
686 2777 769 2871 lege
781 2772 829 2847 sit
842 2772 1013 2873 quidquid
1026 2773 1147 2848 sanxit
1163 2773 1222 2848 vel
1238 2765 1411 2852 sanxerit

176 2892 376 2991 apostolica
401 2891 502 2967 Sedis
526 2889 732 2980 auotoritas,
750 2888 865 2962 ita-ut
890 2886 1052 2984 quisquis
1077 2886 1330 2985 Episcoporum
1354 2889 1401 2966 ed

175 3007 349 3084 iudicium
359 3005 508 3082 Romani
520 3005 693 3081 antistitis
706 3013 877 3080 evocatus
888 3002 1013 3079 venire
1025 3001 1238 3098 neglexerit,
1251 3027 1314 3101 por
1327 3027 1398 3078 mo-

176 3121 392 3196 derationem
410 3119 567 3196 eiusdem
593 3119 787 3218 provinciae
812 3119 934 3194 adesse
960 3128 1121 3214 cogatur.
1148 3118 1309 3193 Servatis
1334 3143 1397 3218 per

176 3236 294 3310 omnia
312 3258 391 3332 quae
403 3233 477 3308 divi
491 3242 658 3332 parentes
675 3233 788 3308 n'ostri
803 3236 970 3308 Romanae
982 3233 1144 3310 ecolesiae
1157 3233 1397 3308 contulerunt.

176 3349 309 3423 Datum
327 3350 414 3422 VIII
430 3347 511 3422 idus
527 3347 613 3422 Iulii
631 3343 750 3422 Romae
767 3347 1023 3423 Valentiniano
1041 3353 1219 3446 Anguste.
1277 3411 1280 3416 .

671 3549 903 3634 ccxxxvss,

433 3756 483 3806 Ex
496 3753 610 3807 eodem
623 3721 799 3807 Iustiniana
813 3747 1001 3806 constitutio
1014 3753 1128 3820 prima.

269 3922 503 4016 imperatores
528 3915 735 4005 Gratianus
751 3915 900 4006 Valens,
917 3914 1133 3991 Theodosius
1151 3914 1322 4011 Augusti.
1340 3916 1396 3990 Ad

172 4031 342 4133 populum
356 4030 455 4123 urbis
469 4029 878 4126 Constantinopolitanae.
891 4031 1050 4106 Cunctos
1067 4027 1213 4127 populos
1225 4051 1313 4126 quos
1326 4027 1397 4104 cle·

172 4145 317 4220 mentiar
332 4155 462 4220 nostrae
479 4169 632 4240 regnum
650 4154 971 4242 temperamentum
989 4143 1027 4218 in
1045 4143 1109 4218 tali
1126 4143 1296 4217 volumus
1313 4141 1395 4216 reli·

172 4259 279 4354 gione
289 4257 440 4344 versari,
454 4281 561 4355 quam
575 4257 738 4331 divinum
757 4260 904 4333 Petrum
922 4255 1119 4356 apostolum
1129 4253 1318 4330 tradidisse
1330 4256 1396 4329 Ro·

174 4373 290 4448 manis
315 4373 444 4468 religio
468 4393 581 4470 usque
602 4373 720 4447 adhue
737 4371 788 4446 ab
799 4371 874 4470 ipso
890 4371 1074 4446 insinuata
1090 4368 1258 4457 declarat,
1271 4392 1395 4466 quem-

175 4511 242 4584 que
267 4487 475 4563 Pontificem
493 4488 686 4562 Damasum
704 4473 806 4584 sequi
821 4485 945 4576 claret,
956 4495 993 4561 et
1005 4487 1154 4561 Petrum
1168 4481 1394 4558 Alexandriae
