3638 5294
732 404 928 468 -487-

225 527 399 598 Ranuum.
417 528 492 599 Nec
515 523 746 620 litigantibus
764 523 870 598 iudex
894 524 993 622 prius
1020 550 1084 598 sua
1110 526 1287 600 sententia
1312 526 1441 617 obviet,

222 663 328 735 quam
346 639 414 736 ipsi
431 638 544 712 nichil
561 638 716 713 habeant
730 639 822 736 quod
835 647 1039 734 proponant.
1052 642 1099 712 Et
1111 639 1237 712 tandiu
1251 639 1344 714 actio
1356 666 1441 715 ven-

222 752 357 840 tiletur,
383 775 565 850 quousque
584 752 635 826 rei
660 752 795 826 veritas
819 750 1035 824 inveniatur.
1052 753 1271 849 Frequenter
1294 754 1442 830 interro-

222 875 331 962 getur
348 890 394 940 ne
411 866 496 964 quid
513 867 602 941 forte
630 865 906 963 praetermissum
924 875 979 940 est
995 866 1086 964 quod
1103 867 1220 941 arrecti
1243 869 1443 946 conveniat.

221 980 374 1054 Indutiae
390 979 487 1054 enim
505 1002 573 1054 non
593 979 739 1054 modicae
756 979 800 1054 ad
817 979 1048 1076 quarendum
1066 979 1196 1053 deutur
1210 981 1342 1078 nequid
1354 1007 1441 1080 prae·

222 1116 367 1191 propere
396 1119 417 1166 a
442 1116 667 1191 quacumque
693 1103 794 1190 parte
817 1103 959 1188 agatur,
986 1091 1070 1190 quia
1095 1116 1157 1190 per
1181 1093 1439 1191 surreptionem

223 1206 338 1280 multa
367 1205 592 1303 proveniunt,
617 1204 856 1280 nihiltamen
885 1205 1018 1303 absque
1046 1204 1211 1300 legitimo
1234 1215 1440 1282 accusatore

221 1321 293 1394 fiat.
309 1319 420 1394 Iudex
437 1318 668 1394 criminosum
687 1317 895 1406 discutiens,
912 1341 982 1393 nou
999 1329 1084 1393 ante
1101 1321 1315 1394 seutentiam
1329 1321 1410 1418 prol
1427 1365 1441 1376 -

222 1443 279 1508 rat
297 1433 485 1522 finitivam,
502 1457 610 1530 quarn
628 1442 692 1507 aut
710 1459 791 1507 reus
809 1455 846 1506 se
863 1431 939 1527 ipse
956 1431 1178 1519 confiteatur,
1195 1441 1259 1504 aut
1285 1455 1346 1528 per
1370 1431 1441 1506 ido·

221 1571 304 1623 neos
321 1555 429 1622 testes
446 1545 692 1622 convineatur.
710 1545 874 1621 Clericus
892 1543 969 1617 sive
986 1543 1101 1618 laicus
1127 1543 1278 1618 crimine
1296 1545 1353 1619 vel
1378 1545 1440 1620 lite

222 1659 396 1758 pulsatus,
412 1684 481 1735 non
496 1659 582 1734 alibi
599 1683 705 1757 quam
720 1660 759 1732 in
777 1658 851 1732 foro
869 1647 932 1731 suo
948 1656 1125 1730 audiatur.
1145 1656 1356 1756 Appellante
1369 1683 1439 1733 non

222 1775 351 1848 habeat
368 1773 514 1848 afflictio
531 1773 604 1847 ulla
622 1784 685 1847 aut
702 1770 917 1848 detentionis
934 1767 1103 1843 iniuriose
1129 1770 1299 1843 custodia.
1317 1772 1440 1846 Liceat

221 1888 328 1962 etiam
352 1887 390 1960 in
412 1887 531 1962 causis
556 1887 804 1962 criminalibus
830 1883 1019 1982 appellare.
1044 1886 1120 1958 Nec
1145 1883 1345 1983 appellandi
1371 1909 1440 1958 vox

221 2003 417 2096 denegetur
435 2001 478 2088 ei,
496 2025 600 2098 quem
618 2001 655 2074 in
674 2001 891 2099 supplicium
905 1998 1081 2074 sententia
1096 1998 1302 2073 destinarat.
1316 2001 1358 2072 ln
1371 2001 1439 2075 cri-

220 2114 411 2188 minalibus
429 2114 549 2189 causis
567 2139 632 2189 nec
650 2122 836 2190 aecusator
853 2137 916 2210 per
940 2113 1096 2209 aliquem
1122 2136 1293 2186 accusare
1315 2122 1439 2210 potest,

220 2254 287 2304 nec
312 2238 503 2304 accusatus
528 2253 590 2327 per
612 2227 720 2301 aliam
738 2251 924 2325 personam
943 2251 979 2300 se
997 2226 1180 2300 defensare
1207 2226 1437 2324 permittitur.

220 2343 345 2416 Omnis
362 2342 422 2440 qui
441 2342 530 2417 salsa
547 2342 629 2415 aliis
646 2343 820 2431 intulerit,
833 2341 1004 2438 puniatur
1025 2350 1061 2414 et
1082 2361 1144 2436 pro
1165 2339 1320 2415 falsitate
1346 2341 1438 2418 ferat

218 2455 414 2530 infamiam.
440 2456 477 2530 Si
504 2456 643 2554 quando
668 2456 705 2530 in
732 2451 841 2532 causa
867 2455 1022 2554 capitali,
1047 2456 1106 2530 vel
1129 2455 1166 2528 in
1188 2480 1297 2530 causa
1322 2465 1438 2530 status

220 2569 486 2666 interpellatum
505 2569 623 2656 lrrerit,
641 2593 709 2644 uon
729 2593 791 2668 per
817 2580 1061 2668 procuratores
1087 2571 1148 2644 sed
1175 2593 1235 2667 per
1260 2569 1353 2669 ipsos
1384 2581 1439 2646 est

218 2685 409 2779 agendum.
436 2684 504 2771 Qui
531 2683 569 2756 in
598 2683 746 2757 alterius
774 2684 869 2757 fama
899 2684 936 2756 in
966 2683 1108 2783 publico
1133 2683 1348 2780 scripturam
1374 2695 1438 2758 aut

218 2798 326 2874 verba
344 2797 598 2872 contumeliosa
616 2799 836 2889 confinxerit,
853 2809 889 2874 ct
908 2809 1069 2897 repertus
1087 2799 1221 2897 scripta
1233 2823 1304 2874 non
1318 2801 1439 2898 proba-

218 2913 323 3002 verit,
340 2912 538 3007 flagellum,
556 2921 591 2986 ct
608 2913 668 3009 qui
695 2913 834 3011 primus
859 2913 1038 2988 invenerit
1060 2923 1203 3010 rumpat
1220 2912 1250 2986 si
1269 2936 1339 2987 non
1357 2913 1439 2987 vult

217 3027 372 3102 auctoris
389 3027 475 3101 facti
493 3051 636 3101 causam
656 3027 850 3101 incurrere.
864 3025 902 3100 Si
920 3027 1001 3123 quis
1017 3026 1132 3100 iratus
1145 3027 1281 3100 crimen
1295 3026 1438 3124 aliquod

217 3138 366 3216 'cuilibet
382 3151 515 3218 temere
533 3140 711 3228 obiecerit,
728 3141 931 3216 convicium
949 3151 1012 3229 est,
1030 3163 1100 3214 non
1117 3141 1306 3215 accusatio.
1321 3141 1390 3217 Sed
1407 3143 1437 3215 si

217 3254 388 3351 permisso
405 3253 582 3328 tractandi
599 3253 722 3350 spatio,
740 3254 774 3327 id
792 3253 883 3350 quod
901 3253 1016 3327 iratus
1032 3253 1123 3327 dixit
1144 3278 1205 3353 per
1222 3253 1438 3351 scripturam

218 3393 254 3442 se
272 3367 502 3465 probaturum
516 3368 682 3454 fateatur,
695 3377 736 3441 ut
749 3368 778 3441 si
793 3367 881 3442 ferte
900 3365 1112 3464 resipiscens
1124 3377 1201 3465 post
1214 3367 1436 3444 iracundiam

218 3481 309 3578 quod
322 3480 411 3554 dixit
423 3481 552 3556 iterare
566 3506 608 3556 ac
622 3480 775 3556 scribere
789 3481 952 3569 noluerit,
965 3503 1034 3553 non
1057 3489 1097 3553 ut
1114 3503 1197 3554 reus
1209 3479 1374 3555 criminis
1388 3492 1438 3558 te·

217 3605 355 3670 neatur.
373 3594 410 3667 Si
429 3596 509 3692 quis
526 3605 649 3670 contra
666 3620 732 3667 sua
749 3594 998 3692 professionem
1016 3595 1074 3669 vel
1088 3595 1360 3692 suscriptionem
1379 3623 1439 3672 ve-

218 3711 323 3797 nerit,
336 3710 365 3783 si
380 3710 534 3785 clericus
546 3709 657 3784 fuerit
673 3709 877 3807 deponatur.
895 3709 932 3783 Si
946 3709 1063 3783 laicus
1075 3709 1370 3784 anathemizatur.
1383 3710 1438 3784 Li·

217 3823 277 3897 bat
294 3825 366 3899 Deo
384 3849 558 3923 prospera,
575 3825 637 3923 qui
653 3823 698 3898 ab
714 3823 856 3900 afflictis
873 3821 975 3920 pellit
992 3822 1150 3896 adversa.
1164 3822 1282 3896 Maius
1299 3823 1438 3919 perieu-

188 3950 190 3954 ’
216 3935 292 4011 lum
309 3947 363 4013 est
380 3937 582 4026 iudicantis
599 3961 706 4035 quam
723 3936 801 4012 eius
815 3937 876 4034 qui
889 3935 1079 4010 iudicatur.
1094 3935 1131 4009 Si
1145 3934 1251 4010 aliter
1263 3945 1374 4012 testes
1388 3937 1438 4011 di·

218 4050 311 4125 scuti
326 4075 395 4125 non
408 4051 527 4148 possit,
545 4059 754 4148 separentur
771 4049 816 4124 ab
834 4050 1000 4139 invicem,
1018 4059 1053 4125 et
1070 4048 1304 4145 singulariter
1321 4050 1438 4149 inqui-

218 4173 352 4238 rantur.
371 4166 438 4252 Qui
457 4167 664 4240 innocentes
680 4165 724 4239 ad
742 4163 920 4262 principes
937 4163 994 4238 vel
1011 4163 1055 4236 ad
1072 4162 1209 4238 iudices
1226 4163 1316 4238 falso
1333 4189 1440 4239 accu-

217 4303 296 4352 sare
314 4279 496 4354 convincti
514 4279 660 4366 fuerint,
678 4280 708 4353 si
726 4279 879 4354 clericus
895 4278 1006 4352 fuerit
1022 4277 1248 4373 degradetur,
1266 4278 1296 4352 si
1323 4277 1438 4354 laicus

217 4391 464 4466 communione
474 4391 645 4490 privetur.
655 4395 696 4465 In
706 4391 833 4465 Exodo.
842 4393 922 4466 Non
936 4391 1110 4492 suscipies
1119 4413 1241 4467 vocem
1252 4390 1440 4482 mendacii,

213 4499 1415 4606 ⁴necproimpiodicesfalsumtestimonium,necsequeristurbaadf
1437 4547 1445 4560 ·
