3654 5302
732 422 929 486 -399-

217 543 420 620 obedientes
438 551 645 620 remunerat
662 567 732 618 non
750 544 950 642 relinquit?
968 543 1159 618 Sciendum
1177 569 1263 620 vero
1284 553 1339 620 est
1355 543 1439 644 quia

219 683 406 756 nunquam
424 683 486 756 per
498 657 734 734 obedientiam
749 656 885 732 malum
899 657 988 748 fieri,
1001 656 1191 756 aliquando
1203 667 1323 733 autem
1337 658 1441 734 debet

170 833 177 844 .
216 796 278 870 per
291 771 528 846 obedientiam
540 769 672 845 bonum
688 771 780 869 quod
793 771 919 866 agitur
932 771 1136 862 intermitti,
1149 781 1185 846 et
1198 781 1327 848 cetera.

598 911 602 916 ’
699 935 701 949 ⁴
748 911 903 1021 Luxu.

313 1109 511 1206 Gregorius
528 1109 567 1184 in
584 1113 619 1194 II
636 1108 764 1184 omelia
782 1133 888 1207 super
905 1108 1142 1185 Ezechielem.
1159 1109 1338 1186 Iustitiam
1352 1119 1440 1186 tcm-

216 1223 379 1323 perantia
396 1223 497 1320 sequi
523 1223 625 1298 debet
642 1223 725 1320 quia
750 1221 962 1321 plerumque
986 1222 1126 1298 iustitia
1143 1223 1174 1298 si
1200 1226 1343 1299 modum
1369 1248 1440 1300 non

217 1335 323 1411 habet
335 1335 373 1410 in
391 1335 853 1434 eredulitatemcadic.1psa
869 1336 1358 1432 ergoiustitiavcreiustitia
1375 1347 1441 1428 est,

218 1472 351 1546 quaese
367 1449 612 1546 temperantiae
628 1449 729 1524 freno
745 1449 958 1525 moderatur.
982 1453 1032 1526 Ut
1049 1450 1087 1523 in
1104 1450 1179 1525 zelo
1196 1475 1265 1549 quo
1290 1451 1440 1550 quisque

219 1563 346 1652 fervet,
359 1562 406 1637 sit
422 1563 531 1636 etiam
545 1571 760 1660 temperans,
778 1563 869 1637 nesi
886 1561 967 1660 plus
980 1563 1108 1651 fervet,
1125 1565 1250 1662 perdat
1263 1565 1439 1638 iustitiam

219 1676 323 1751 cuius
340 1701 484 1753 servare
510 1677 752 1752 moderamina
770 1677 922 1770 ignorat.
936 1674 1033 1750 Idem
1052 1675 1090 1748 in
1111 1676 1240 1751 omelia
1257 1681 1319 1750 VI.
1337 1677 1443 1764 Quic-

219 1791 305 1888 quid
330 1791 454 1887 egitur
478 1791 517 1864 in
539 1791 658 1865 radice
676 1787 886 1876 intentionis
903 1788 1122 1884 pensandum
1146 1800 1211 1876 est,
1228 1813 1297 1888 quo
1314 1789 1442 1865 merito

218 1902 314 2000 apud
331 1902 505 1978 iudicium
523 1902 694 1978 creatoris
715 1901 899 1975 habeatur.
916 1901 1018 1976 Unde
1032 1911 1069 1976 et
1085 1902 1178 1976 idem
1192 1913 1328 1978 creator
1345 1902 1442 1977 dicit.

220 2015 258 2089 Si
272 2015 400 2090 oculus
412 2028 499 2090 tuus
511 2015 663 2115 simplex
676 2015 918 2104 fuerit,t0tum
933 2038 1061 2113 corpus
1074 2026 1176 2090 tuum
1187 2015 1349 2090 lucidum
1364 2015 1442 2091 erit.

220 2127 463 2204 Oculusvidet
475 2129 722 2217 intentionem,
731 2151 860 2225 corpus
873 2152 958 2202 vero
970 2129 1147 2203 actionem
1162 2127 1361 2203 nominans.
1371 2129 1440 2216 Qui

219 2242 249 2316 si
266 2253 386 2318 nostra
399 2243 550 2318 intentio
566 2243 661 2342 apud
679 2245 794 2318 Deum
820 2241 973 2338 simplex
997 2243 1117 2330 fuerit,
1141 2243 1179 2315 in
1206 2242 1283 2318 eius
1308 2243 1441 2319 iudicio

219 2365 342 2431 nostra
358 2355 498 2432 actione
514 2358 699 2432 tenebrosa
716 2379 786 2430 non
803 2354 880 2430 erit.
901 2357 992 2430 Item
1018 2355 1159 2430 ibidem.
1184 2357 1441 2454 Imperfectum

220 2469 352 2544 bonum
378 2481 432 2545 est
457 2469 548 2568 quod
575 2471 627 2545 sic
644 2470 779 2565 agitur,
803 2468 897 2543 unde
917 2469 1002 2566 quid
1026 2469 1059 2544 ei
1080 2495 1124 2544 ex
1144 2468 1214 2544 alio
1234 2469 1347 2544 latere
1369 2494 1441 2542 ma-

219 2583 264 2657 lis
281 2593 446 2682 surrepat
458 2608 528 2658 non
545 2585 763 2672 attendatur,
776 2581 846 2656 nisi
860 2581 950 2656 forte
963 2581 1031 2657 hcc
1044 2583 1136 2680 quod
1149 2583 1226 2658 sine
1239 2582 1440 2680 cuiuspiam

219 2696 385 2772 scandalo
398 2697 475 2772 fieri
488 2721 557 2771 uon
572 2707 697 2795 potest,
709 2696 815 2793 culpa
830 2694 959 2768 sitnon
973 2695 1109 2770 fecisse.
1122 2699 1212 2770 Item
1227 2705 1442 2794 postpauca.

220 2810 312 2896 Quia
323 2809 366 2883 -in
384 2821 504 2885 nostro
520 2811 609 2886 bono
625 2833 728 2910 opere
746 2807 937 2905 aliquando
950 2809 1150 2883 cavendum
1164 2817 1219 2883 est
1231 2808 1441 2884 scandalum

222 2920 1443 3020 proximi,aliquandoveropronichiloesttenendum.Itemipsepost

219 3059 342 3133 pauca.
359 3038 402 3108 In
419 3046 595 3134 quantum
614 3035 690 3109 sine
708 3044 851 3132 peccato
873 3058 1072 3132 possumus,
1089 3033 1207 3109 vitare
1232 3034 1442 3110 scandalum

220 3148 458 3246 proximorum
477 3148 655 3223 debemus.
673 3148 712 3222 Si
729 3156 850 3221 autem
868 3148 911 3223 de
928 3149 1079 3223 veritate
1104 3147 1313 3224 scandalum
1332 3147 1444 3220 sumi·

220 3272 291 3350 tur,
308 3261 436 3337 utilius
454 3261 673 3360 permittitur
690 3261 791 3338 nasci
809 3259 1030 3350 scandalum,
1058 3284 1165 3358 quam
1183 3259 1319 3334 veritas
1337 3257 1445 3333 relin-

222 3385 364 3472 quatur.

702 3511 705 3518 ’
749 3512 921 3600 LXXXII.

317 3715 515 3812 Gregorius
532 3716 570 3788 in
587 3713 715 3789 omelia
731 3715 802 3786 IIII
819 3734 926 3810 super
943 3707 1180 3783 Ezechielem.
1197 3709 1267 3785 Ubi
1285 3718 1362 3784 erat
1376 3708 1446 3806 spi-

224 3827 315 3900 ritus
331 3827 486 3924 impetus
503 3825 592 3902 illuc
609 3825 877 3921 gradiebantur.
900 3827 1032 3919 Amare
1058 3831 1211 3911 terrena,
1235 3821 1445 3920 temporalia

223 3940 365 4014 aeternis
383 3964 595 4039 praeponere,
612 3939 787 4014 exteriora
803 3937 894 4011 bono
911 3959 981 4010 non
1004 3934 1047 4008 ad
1073 3961 1178 4008 usum
1200 3933 1445 4011 necessarium

223 4051 364 4141 habere,
381 4053 442 4128 sed
458 4053 503 4127 ad
520 4051 740 4149 voluptatem
758 4046 1021 4146 concupiscere,
1037 4046 1208 4123 ultionem
1231 4047 1275 4122 de
1300 4046 1447 4122 inimico

224 4187 383 4261 querere,
400 4164 442 4239 de
460 4163 571 4240 emuli
588 4189 698 4262 causa
715 4162 883 4258 madere,
901 4162 1056 4260 impetus
1074 4161 1193 4237 carnis
1210 4171 1274 4237 est.
1294 4168 1342 4235 At
1367 4183 1448 4236 con-

222 4285 283 4350 tra
296 4301 415 4350 amare
433 4276 588 4364 celestia,
606 4287 855 4374 contempnere
876 4271 1093 4360 transitoria,
1117 4297 1189 4347 non
1214 4273 1258 4347 cd
1283 4273 1445 4348 fructum

224 4388 419 4487 voluptatis
435 4373 641 4464 transitoria
658 4388 719 4463 sed
735 4387 780 4462 od
792 4413 899 4462 usum
913 4385 1138 4462 necessitatis
1151 4410 1309 4484 querere,
1322 4386 1364 4460 de
1379 4385 1446 4458 ini-

224 4501 310 4576 mici
326 4510 439 4576 morte
456 4499 633 4588 tribulari,
649 4499 805 4597 impetus
817 4499 965 4596 spiritus
978 4508 1041 4574 est.
1055 4497 1271 4597 Plerumque
1283 4521 1369 4574 vero
1381 4498 1448 4574 im·
