3654 5302
907 406 1105 469 ..tlo-

391 527 578 628 bisitaque
588 527 777 604 manifeste
791 529 939 627 repertis
951 537 1098 628 apparet
1111 536 1147 604 et
1155 527 1441 606 comministrum
1451 537 1615 610 nostrum

392 642 577 739 Ignatium
593 667 655 740 per
668 641 889 739 imperialem
903 644 1119 718 sententiam
1133 643 1335 718 nullomodo
1348 644 1504 741 potuisse
1517 667 1614 742 pror·

393 781 454 830 sus
471 755 608 854 expelli.
626 759 668 830 In
689 755 875 832 cuiusdam
903 755 1046 834 natione
1071 758 1156 857 quia
1182 759 1375 857 praesulum
1400 758 1615 834 subsecutus

393 895 533 970 quoque
552 879 608 946 est
624 895 802 958 assensus,
815 878 962 969 apparet
978 871 1015 946 id
1031 897 1140 947 causa
1158 881 1338 970 patratum
1363 871 1475 948 luisse
1492 871 1615 948 adula-

392 983 512 1076 tionis,
528 1006 598 1060 non
616 981 779 1080 legitime
796 983 1002 1060 sanctionis.

914 1177 1092 1264 xovffll.

702 1381 826 1435 Nicolat
839 1380 884 1434 ad
897 1383 1129 1448 Imperatorem
1140 1382 1307 1437 Karolum.

487 1551 776 1652 Reprehensibile
802 1552 954 1650 danique
973 1552 1075 1630 valde
1093 1539 1170 1630 esse
1186 1562 1327 1630 constat
1342 1554 1434 1652 quod
1452 1553 1616 1628 subintu-

393 1665 480 1756 listi,
497 1665 645 1741 dicendo
664 1665 831 1740 maiorem
854 1677 990 1764 partem
1012 1667 1198 1742 hominum
1216 1667 1459 1766 episcoporum
1477 1667 1537 1742 diu
1556 1689 1616 1740 no

391 1791 525 1878 ctuque
542 1805 625 1854 cum
644 1779 726 1853 aliis
744 1779 906 1855 fidelibus
917 1779 992 1856 tuis
1004 1789 1127 1857 contra
1144 1791 1292 1880 pyratas
1310 1781 1506 1855 maritimos
1524 1781 1616 1854 invi-

393 1893 508 1990 gilare
525 1893 569 1968 ob
585 1893 692 1990 idque
721 1893 876 1992 episcopi
901 1893 1143 1993 impediantur
1167 1894 1403 1984 seminecum
1428 1893 1615 1982 militibus,

392 2005 529 2082 Christi
546 2007 594 2081 sit
608 2005 751 2083 Christo
768 2007 905 2084 servire
923 2007 1098 2082 militibus
1116 2031 1202 2083 vero
1218 2008 1340 2084 saeculi
1358 2007 1498 2082 sreculo.
1511 2009 1615 2082 Sicut

392 2121 565 2219 scriptum
584 2131 649 2210 est,
665 2145 770 2196 nemo
787 2121 949 2196 militans
966 2124 1037 2196 Deo
1062 2121 1279 2219 implicatae
1297 2119 1453 2216 negotiis
1470 2119 1616 2195 sacula-

391 2233 500 2308 ribus.
512 2233 612 2322 Quod
629 2233 660 2308 si
677 2233 799 2309 saculi
819 2233 951 2308 milites
969 2233 1107 2308 militiae
1123 2235 1280 2325 student,
1293 2234 1356 2333 qui
1374 2235 1418 2309 ad
1435 2233 1615 2331 episcopos

392 2357 428 2423 et
445 2348 581 2424 milites
598 2347 745 2438 Christi,
761 2347 832 2422 nisi
851 2356 892 2422 ut
908 2357 1039 2422 vacent
1055 2347 1282 2423 orationibus.

985 2551 1022 2634 0.

853 2751 935 2804 Item
948 2751 1153 2806 adeundam.

488 2917 726 2988 Accusatores
739 2926 859 2988 autem
873 2911 1002 2988 habere
1016 2914 1223 2989 Rotharium
1234 2915 1376 2990 nonnisi
1389 2914 1451 3012 qui
1469 2939 1616 2991 accusa-

391 3035 446 3101 tor
457 3026 612 3100 fratrum
625 3025 663 3099 in
676 3025 866 3124 apocalipsi
880 3025 1047 3102 Iohannis
1059 3026 1268 3123 appellatur,
1282 3035 1318 3101 et
1330 3049 1434 3124 opera
1447 3025 1526 3101 eius
1535 3049 1616 3124 quae

391 3141 516 3238 inipso
529 3139 687 3214 eiusdem
698 3139 837 3238 antiqui
847 3139 961 3215 hostis
973 3139 1150 3214 instinctu
1160 3149 1348 3237 patrantur
1357 3139 1512 3238 prolecto
1520 3162 1615 3212 com-

391 3253 560 3352 perimus.
577 3255 664 3340 Qua
681 3277 767 3330 vcro
784 3251 978 3328 Rotharius
991 3255 1067 3328 Rex
1079 3261 1198 3327 vester
1211 3274 1318 3348 nepos
1330 3260 1497 3348 operatur
1509 3275 1616 3326 accu-

390 3376 505 3443 satore
522 3390 592 3441 non
610 3365 758 3462 indiget.
772 3359 964 3443 Manifesta
981 3365 1110 3465 quippe
1127 3364 1282 3462 apostolo
1298 3373 1389 3439 testo
1406 3375 1492 3439 sunt
1509 3387 1617 3461 opera

390 3479 512 3554 carnis
528 3502 607 3577 quae
623 3487 710 3554 suut
727 3477 925 3570 fornicatio,
938 3479 1178 3569 immunditia,
1195 3489 1231 3556 et
1248 3487 1388 3553 caetera.

974 3670 1028 3756 Ol.

723 3871 878 3926 Eiusdem
898 3873 942 3926 ad
955 3871 1142 3925 Lothartum
1159 3883 1282 3937 regem.

490 4041 686 4140 Praecipuaa
703 4041 914 4129 Qualdradae
930 4041 1056 4140 pelicis
1068 4050 1141 4116 tuae
1154 4049 1190 4115 et
1202 4041 1336 4116 dudum
1349 4067 1371 4114 a
1382 4051 1419 4118 te
1433 4041 1616 4140 repudiate

392 4155 675 4230 communionem
695 4154 846 4230 declina.
860 4153 1179 4230 Excommunicata
1196 4165 1251 4229 est
1267 4155 1375 4246 euim,
1392 4164 1427 4230 et
1444 4154 1616 4252 usquead

389 4266 615 4364 presentiam
633 4277 792 4341 nostram
813 4265 858 4340 ab
882 4265 978 4340 omni
1003 4265 1282 4342 christianorum
1309 4266 1542 4342 contubernio
1563 4291 1616 4340 se

388 4389 581 4478 questrata.
595 4379 831 4466 Quamobrem
849 4379 1050 4455 cavendum
1063 4388 1129 4468 est,
1142 4401 1187 4454 ne
1201 4401 1285 4452 cum
1298 4402 1338 4454 eo
1353 4379 1429 4476 pari
1446 4399 1616 4452 mucrone

355 4491 358 4498 '
390 4491 597 4588 percellaris
606 4491 805 4578 sententias,
815 4515 858 4568 ec
867 4515 928 4589 pro
938 4491 1045 4569 unius
1060 4491 1282 4574 muliercula
1294 4491 1455 4590 passione
1465 4490 1615 4566 vinctus
