3646 5292
904 393 1100 455 -214-

390 513 450 586 vel
463 535 526 610 per
538 512 707 586 nuntium
722 537 839 587 meum
860 535 936 586 osse
950 521 1202 603 venturum,et
1214 524 1381 589 vocatum
1394 515 1439 588 ad
1449 515 1611 590 sinodum

391 625 548 721 singulis
557 625 662 698 annis
671 626 1427 718 occursurumetcanoniceobediturum,et
1436 631 1611 725 Legatum

390 739 600 837 Apostolicae
618 741 719 817 Sedis
735 749 879 816 euntem
897 750 934 814 et
951 740 1157 814 redeuntem
1175 765 1257 816 cum
1275 739 1406 816 honore
1429 742 1612 841 suscipere

389 852 479 927 etin
497 854 573 928 suis
589 854 863 931 necessitatibus
879 853 1059 928 adiuvare.
1077 853 1177 940 Quod
1196 854 1226 927 si
1245 863 1369 929 contra
1390 854 1467 930 baec
1492 855 1612 930 omnia

391 991 470 1066 quae
486 968 652 1066 superius
668 968 909 1058 continentur,
926 966 985 1042 vel
1004 975 1129 1042 contra
1146 965 1328 1064 quodlibet
1343 966 1470 1042 horum
1495 967 1612 1063 egisse

391 1079 581 1156 convictus
597 1080 709 1169 fuero,
733 1079 878 1154 honoris
902 1081 972 1154 mei
997 1080 1197 1178 periculum
1224 1106 1280 1155 me
1306 1082 1457 1179 spondeo
1475 1081 1613 1156 subitu-

395 1217 487 1267 rum.
504 1197 656 1292 Insuper
673 1193 780 1269 etiam
799 1194 965 1292 promitto
981 1193 1073 1293 quod
1090 1193 1120 1266 si
1138 1192 1220 1290 quis
1237 1217 1298 1291 pro
1314 1194 1444 1268 animae
1462 1220 1536 1269 suae
1562 1219 1615 1270 re·

393 1306 507 1382 medio
525 1332 581 1382 me
597 1307 773 1382 haeredem
799 1307 1032 1404 inscripserit,
1056 1317 1121 1381 aut
1145 1329 1207 1404 per
1232 1307 1456 1383 donationem
1478 1308 1614 1407 aliquid

392 1417 482 1492 mihi
501 1419 650 1494 forsitan
668 1419 824 1515 largitus
840 1419 951 1494 fuerit
975 1420 1041 1495 hoc
1067 1445 1123 1494 me
1141 1430 1274 1497 sanctae
1287 1432 1416 1496 nostrae
1429 1421 1480 1496 ill.
1493 1422 1614 1498 aeccle

393 1531 455 1606 siae
471 1532 623 1630 spondeo
640 1531 867 1606 collaturum.
885 1532 985 1619 Quod
1003 1533 1032 1607 si
1051 1557 1120 1608 non
1139 1535 1253 1610 fecero
1271 1535 1345 1610 sint
1361 1537 1613 1636 suprascriptae
1681 1615 1684 1621 ,

392 1643 443 1718 ill.
460 1644 620 1720 ecclesiae
637 1644 783 1720 licentia
800 1645 858 1719 vel
876 1645 1118 1722 sacerdotibus
1131 1647 1209 1723 eius
1223 1657 1408 1747 tamqnam
1422 1650 1452 1723 si
1467 1650 1536 1724 hab
1549 1650 1612 1738 cis,

393 1757 563 1832 universa
580 1757 633 1830 illi
652 1757 828 1855 acquisita
845 1757 981 1833 inerint
998 1759 1057 1834 vel
1075 1759 1203 1834 collata
1220 1786 1264 1835 ex
1279 1761 1349 1836 hac
1367 1787 1446 1836 mea
1459 1771 1495 1836 et
1512 1787 1615 1860 spon·

392 1871 489 1946 sione
507 1881 543 1946 et
559 1871 773 1968 professione
792 1871 1035 1948 indubitanter
1052 1873 1251 1949 vendicare.
1269 1875 1445 1949 Laetanias
1462 1900 1546 1951 vero
1558 1876 1614 1950 bis

393 1985 431 2058 in
449 2009 570 2061 mense
588 1985 857 2083 omnitempore
877 2011 932 2060 me
950 1985 1130 2061 faciendas
1147 1987 1306 2084 spondeo.
1324 1990 1410 2063 Haec
1434 1988 1556 2086 itaque
1581 2012 1615 2062 o

393 2099 491 2172 mnia
508 2124 591 2174 cum
608 2097 737 2174 timore
754 2107 790 2173 et
806 2098 996 2196 disciplina
1021 2107 1063 2173 ut
1088 2101 1184 2173 Deus
1209 2099 1344 2197 placari
1362 2100 1484 2198 possit,
1501 2125 1558 2175 me
1575 2101 1613 2173 in

394 2211 555 2288 aecclesia
569 2236 648 2288 mea
665 2211 918 2286 instituturum
936 2222 1044 2310 atque
1060 2212 1284 2287 diebusvitae
1297 2238 1385 2287 meae
1401 2238 1478 2288 esso
1496 2238 1616 2288 serva-

393 2337 516 2401 turum
536 2326 612 2426 ipso
628 2326 823 2400 auxiliante
837 2327 1013 2422 promitto.
1028 2329 1130 2401 Hanc
1142 2335 1263 2400 autem
1278 2327 1480 2402 cautionem
1499 2353 1615 2402 meam

394 2437 445 2512 ill.
470 2438 608 2512 notario
631 2437 802 2512 aecclesiae
826 2463 914 2512 meae
939 2437 1162 2514 scribendam
1187 2438 1320 2527 notavi,
1342 2438 1468 2536 inqua
1493 2449 1529 2514 et
1547 2461 1615 2536 ego

395 2551 524 2626 subtus
542 2577 651 2626 mann
669 2553 809 2650 propria
826 2552 1020 2650 subscripsi
1038 2561 1073 2625 et
1090 2560 1200 2626 testes
1214 2561 1255 2624 ut
1267 2551 1465 2626 scriberent
1478 2552 1616 2649 rogavi,

393 2665 611 2739 exortatione
621 2664 740 2738 domni
752 2675 788 2739 et
800 2664 995 2740 beatissimi
1010 2669 1124 2762 Papae,
1138 2664 1396 2762 stipulantibus
1408 2665 1508 2739 vobis
1521 2665 1616 2740 dom-

393 2802 439 2854 no
456 2777 506 2852 ill.
525 2778 739 2874 Apostolicae
757 2779 857 2854 Sedis
877 2777 1210 2877 Archipresbytem
1227 2788 1262 2852 et
1279 2777 1406 2852 domno
1423 2778 1473 2852 ill.
1489 2778 1616 2854 Archi-

393 2891 550 2982 diaconn,
562 2902 598 2966 et
610 2891 737 2966 domno
754 2891 806 2965 ill.
825 2891 1044 2981 Primicerio,
1057 2901 1094 2966 et
1106 2891 1232 2965 domno
1250 2890 1300 2964 ill.
1314 2891 1565 2966 secundicerio
1577 2891 1617 2965 in

394 3005 559 3081 omnibus
570 3005 735 3104 superius
744 3005 1018 3105 comprehensis.
1028 3009 1158 3079 Actum
1168 3005 1616 3095 Romaeann0,mense,die‚

394 3119 600 3206 indictione,
609 3118 740 3216 quibus
753 3144 869 3216 supra.
883 3119 937 3194 Ill.
951 3118 1123 3214 indignus
1136 3115 1331 3214 Episcopus
1345 3125 1478 3190 sanotae
1490 3115 1540 3189 ill.
1550 3140 1616 3192 aec·

395 3232 524 3321 ctesias,
541 3231 627 3307 huic
645 3233 801 3307 cautioni
820 3243 855 3307 et
871 3231 1049 3330 sponsioni
1068 3255 1155 3304 meae
1172 3229 1366 3328 subscripsi
1380 3237 1417 3302 et
1429 3238 1539 3304 testes
1552 3229 1614 3327 qui

395 3344 659 3420 subscriberent
676 3345 811 3441 rogavi.
828 3345 882 3419 Ill.
899 3345 1067 3418 tribunus
1087 3341 1171 3417 huic
1189 3339 1348 3415 cautioni
1367 3340 1615 3438 sponsionique

396 3458 500 3533 factae
516 3458 561 3532 ab
577 3457 629 3530 ill.
646 3458 818 3556 Episcopo
835 3469 968 3535 sanctae
981 3455 1032 3530 ill.
1045 3455 1226 3544 eecclesiae,
1243 3463 1392 3551 rogatus
1403 3453 1448 3528 ab
1461 3477 1501 3528 eo
1514 3455 1615 3530 testis

393 3569 613 3669 subscripsit.
630 3570 684 3644 Ill.
702 3571 862 3646 notarius
879 3582 1012 3647 sanctae
1030 3569 1201 3646 aeoclesiae
1217 3569 1268 3642 ill.
1282 3577 1359 3666 post
1371 3567 1520 3644 testium
1534 3569 1615 3644 sub·

394 3684 586 3781 scriptione
603 3683 789 3782 complevi.
1039 3671 1045 3680 ’

872 3826 1143 3911 Lxxxxv.

903 4005 953 4056 Ex
971 4003 1098 4057 eodem.

489 4141 531 4212 In
541 4139 606 4214 Dei
621 4139 815 4214 salvatoris
828 4139 940 4213 nostri
954 4138 1058 4213 Ihcsu
1075 4139 1209 4216 Christi
1224 4140 1377 4228 nomine,
1387 4163 1457 4238 ego
1470 4140 1520 4214 ill.
1533 4139 1614 4238 Epi·

395 4273 497 4348 scopo
506 4251 907 4350 aecclesiaeillpromitto
920 4251 1020 4327 vobis
1033 4253 1134 4328 beato
1143 4257 1248 4328 Petro
1257 4254 1504 4353 Apostolorum
1514 4253 1616 4329 Prin·

394 4364 465 4464 cipi
484 4363 699 4463 Vicarioqne
716 4375 778 4440 tuo
794 4365 998 4440 beatissimo
1015 4369 1120 4463 Papae
1132 4369 1176 4440 N.
1189 4367 1524 4466 successoribusque
1537 4367 1615 4443 cius

395 4503 459 4580 per
476 4481 618 4557 Patrem
637 4491 673 4556 et
690 4479 822 4556 Filium
836 4488 873 4554 et
886 4479 1059 4580 Spiritum
1074 4488 1238 4558 sanctum
1252 4479 1463 4557 Trinitatem
1479 4481 1616 4581 insepa-
