3654 5302
902 384 1101 452 -378-

382 507 558 606 quitatem
571 508 721 584 tacendo
733 505 947 582 dissimulat.
961 505 1179 582 Audivimus
1195 507 1291 582 enim
1313 507 1405 606 quod
1427 507 1530 582 valde
1546 507 1612 582 mi-

382 620 616 718 ramur,quod
632 620 726 696 sacri
739 620 834 719 apud
847 643 910 695 vos
918 619 1059 694 ordines
1072 619 1236 717 pecuniis
1244 619 1504 694 distrahuntur.
1514 621 1606 694 Dum

380 731 597 831 quicumque
610 733 681 808 talc
693 732 837 830 aliquod
853 734 1159 830 attemptaverint,
1175 733 1320 809 omnino
1337 733 1498 809 haretici
1516 757 1607 808 com·

384 847 586 947 probentur.
600 851 732 922 Saneto
745 846 882 945 Spiritu
895 871 957 946 per
971 848 1189 944 Gregorium
1203 849 1396 923 intonante.
1410 847 1502 934 Quia
1515 847 1607 946 quis·

382 959 464 1059 quis
477 985 540 1061 per
548 959 738 1059 pecuniam
752 959 947 1049 ordinatur,
960 961 1005 1035 ad
1018 960 1086 1036 hoc
1098 973 1139 1035 ut
1152 962 1215 1034 fiat
1227 959 1417 1036 hereticus
1429 984 1608 1060 promove·

382 1085 453 1146 tur.
470 1074 561 1148 Item
586 1071 689 1148 idom.
707 1071 879 1170 Quisquis
897 1082 1021 1147 contra
1046 1074 1276 1150 simoniacam
1302 1082 1338 1150 et
1362 1073 1607 1172 neophitorum

380 1185 536 1260 heresim
555 1209 616 1282 pro
633 1184 740 1260 officii
757 1184 814 1259 sui
832 1184 907 1260 loeo
924 1185 1151 1262 vehementer
1168 1211 1239 1261 non
1256 1186 1397 1275 arserit,
1414 1211 1498 1261 cum
1519 1210 1557 1262 eo
1569 1212 1608 1262 se

379 1321 451 1372 non
475 1297 614 1373 dubitet
638 1297 741 1372 abere
766 1297 974 1398 portionem,
991 1302 1052 1399 qui
1071 1301 1170 1399 prius
1194 1300 1373 1376 commisit
1397 1299 1464 1375 hoe
1490 1299 1608 1398 piacu-

381 1411 458 1487 lare
474 1411 668 1507 flagitium.
686 1410 824 1499 Quibus
841 1409 879 1484 in
897 1411 1016 1486 verbis
1033 1439 1116 1490 curn
1138 1414 1328 1490 haereticus
1353 1423 1389 1488 et
1413 1413 1608 1489 simoniaca

379 1535 415 1601 et
432 1524 680 1622 neophitorum
697 1525 836 1600 heresis
852 1525 1083 1623 exprimatur,
1096 1528 1188 1625 quod
1202 1537 1334 1602 aeterna
1348 1535 1459 1602 morte
1472 1526 1609 1623 dignis·

382 1639 515 1712 simum
532 1639 670 1713 crimen
687 1637 744 1726 sit,
762 1664 780 1710 a
785 1638 985 1736 pertissima
1002 1640 1206 1716 declaratur
1224 1650 1441 1740 protestante
1459 1665 1520 1739 per
1534 1649 1608 1715 Au·

381 1751 572 1848 gustinum
591 1749 722 1825 Divino
738 1751 882 1826 oraculo
897 1777 940 1827 ne
957 1753 1098 1829 dicente
1114 1753 1319 1828 firmissime
1335 1765 1429 1843 tene,
1442 1764 1479 1828 et
1494 1753 1610 1828 nulla-

380 1863 644 1953 tenusdubitet,
653 1889 792 1939 omnem
806 1864 1006 1941 hereticum
1016 1865 1074 1942 vel
1084 1867 1329 1943 scismaticum
1340 1869 1506 1966 quamvis
1519 1867 1609 1941 mul·

379 1988 435 2054 tas
452 1977 671 2054 hlemosinas
688 1977 808 2066 saciat,
826 1977 884 2053 vel
911 1979 1017 2053 etiam
1035 2001 1096 2078 pro
1115 1978 1259 2055 Christo
1284 1980 1500 2076 sanguinem
1524 1980 1606 2054 fun·

378 2093 448 2184 dat,
477 2120 561 2169 cum
586 2091 724 2166 diabolo
748 2102 784 2167 et
808 2091 951 2188 angelis
975 2091 1054 2168 eius
1071 2093 1195 2169 aeterni
1212 2094 1311 2190 ignis
1328 2093 1493 2170 incendio
1510 2120 1608 2168 man-

377 2207 580 2308 cipandum,
602 2206 674 2280 nisi
690 2215 774 2281 ante
792 2207 900 2281 fincm
917 2205 1027 2280 buius
1045 2207 1130 2281 vitae
1155 2206 1338 2283 catholicae
1364 2207 1608 2306 incorporetur

376 2330 413 2396 et
432 2320 698 2416 redintegretur
716 2319 885 2395 ecclesie.
903 2321 951 2393 Et
967 2329 1045 2418 post
1061 2344 1185 2418 pauca.
1203 2321 1241 2396 Si
1264 2323 1345 2420 quis
1369 2331 1490 2397 autem
1516 2321 1608 2398 obie-

376 2434 477 2523 cerit,
497 2456 568 2508 non
587 2433 890 2508 consecrationem
909 2433 970 2508 sed
989 2457 1046 2508 res
1064 2433 1161 2532 ipsas
1179 2459 1258 2534 quae
1275 2460 1320 2510 ex
1343 2436 1605 2512 consecratione

378 2547 595 2648 proveniunt
612 2548 731 2636 rendi,
749 2547 893 2623 videtur
910 2547 1052 2646 quidem
1066 2548 1202 2647 aliquid
1214 2549 1343 2640 dicere,
1356 2549 1470 2625 nichil
1482 2560 1604 2625 autem

381 2661 524 2760 penitus
538 2685 671 2760 sapere.
684 2664 778 2735 Nam
793 2686 877 2736 cum
890 2661 1082 2759 corporalis
1095 2663 1463 2764 aecclesiaaepiscopus
1476 2663 1606 2739 veleb

377 2777 451 2863 bas,
477 2784 541 2850 aut
557 2774 688 2874 aliquis
705 2774 783 2849 sine
802 2775 908 2850 rebus
925 2775 1166 2874 corporalibus
1190 2777 1426 2852 exterioribus
1450 2778 1488 2850 in
1504 2776 1606 2852 nullo

377 2890 549 2988 proficiat,
567 2889 662 2965 sicut
675 2913 743 2964 nec
755 2889 876 2964 anima
889 2889 967 2966 sine
979 2913 1123 2990 corpore
1137 2889 1381 2991 temporaliter
1393 2890 1497 2979 vivit,
1509 2889 1606 2988 quis·

377 3004 459 3102 quis
475 3028 597 3080 eorum
615 3004 770 3080 alterum
784 3004 949 3094 vendere,
961 3004 1039 3080 sine
1053 3027 1122 3102 quo
1134 3004 1287 3080 alterum
1301 3004 1432 3080 habere
1445 3027 1514 3078 non
1528 3027 1605 3102 pro·

374 3117 487 3208 venit,
503 3125 673 3193 neutrum
690 3141 761 3192 non
778 3117 967 3193 venditum
984 3117 1217 3216 derelinquid.
1235 3121 1351 3206 Quam
1369 3127 1490 3192 tamen
1512 3117 1606 3194 obie-

376 3231 529 3310 ctionem
548 3255 649 3307 sacer
667 3230 965 3308 Chalcedonensis
982 3255 1097 3310 canon
1115 3232 1257 3330 penitus
1274 3231 1502 3321 exterminat,
1518 3256 1604 3306 cum

376 3346 673 3449 procurationem,
682 3345 740 3420 vel
750 3345 969 3420 defensorem
984 3346 1232 3440 ecclesiam
1241 3371 1457 3445 quemquam
1467 3345 1605 3443 regulae

376 3461 589 3552 subiectum,
606 3463 693 3538 adeo
709 3487 771 3560 per
789 3463 960 3559 pecunias
977 3458 1134 3537 ordinari
1148 3457 1320 3557 prohibet,
1334 3467 1376 3532 ut
1388 3458 1606 3533 intervente

378 3600 435 3650 res
453 3599 591 3673 quoque
608 3577 702 3651 tanti
720 3575 865 3651 sceleris
877 3572 1116 3649 anathematis
1135 3597 1304 3648 mucrone
1321 3571 1493 3648 succidat.
1509 3571 1606 3660 Quid

376 3689 507 3786 plura?
525 3689 564 3761 Si
580 3689 875 3770 anathematizati
892 3697 928 3764 et
949 3685 1215 3776 communicati,
1232 3697 1268 3762 et
1286 3696 1327 3761 ut
1343 3711 1429 3762 vere
1452 3685 1604 3761 heretici

376 3801 562 3876 simoniaci
575 3811 610 3876 et
623 3801 780 3900 neophiti
794 3803 839 3877 ab
852 3801 1014 3878 aeeclesia
1027 3811 1113 3875 sunt
1125 3801 1291 3900 separati,
1299 3801 1381 3900 quis
1393 3825 1464 3876 non
1473 3799 1605 3888 rideat,

376 3915 469 4013 quod
493 3915 696 3992 huiusmodi
716 3917 940 3993 sacerdotum
957 3915 1061 3991 misse
1078 3924 1115 3991 et
1130 3915 1316 4006 orationes,
1333 3917 1448 3990 Deum
1466 3913 1511 3988 ad
1535 3913 1605 3988 ira·

377 4027 545 4102 cundiam
562 4053 668 4126 super
686 4028 855 4126 populum
873 4038 1078 4128 provocent,
1096 4053 1201 4127 quem
1220 4028 1355 4126 placari
1372 4027 1504 4103 talibus
1529 4051 1605 4103 cre-

377 4142 575 4218 dehamus‘?
588 4143 769 4243 Scriptum
784 4153 839 4218 est
851 4143 956 4218 enim.
970 4143 1057 4217 Veri
1071 4143 1240 4218 sacrificii
1254 4142 1353 4218 locus
1367 4151 1470 4217 extra
1484 4139 1604 4215 catho-

379 4253 486 4330 licam
504 4254 701 4330 aecclesiam
715 4277 784 4329 non
798 4255 1023 4330 est.Etitem.
1035 4254 1521 4353 Heretioumbominempost
1532 4255 1604 4351 pri·

376 4392 471 4440 mam
485 4377 522 4443 et
534 4367 727 4442 secundam
742 4367 998 4467 eorreptionem
1013 4368 1144 4444 devite.
1157 4368 1306 4456 Quando
1318 4391 1405 4464 ergo
1417 4367 1507 4442 tales
1520 4367 1605 4465 Epo

377 4503 500 4582 scopos
516 4479 575 4558 vel
595 4481 761 4573 Abbates,
774 4481 832 4558 vel
847 4481 1000 4583 reliquos
1017 4481 1167 4559 elericos
1183 4503 1253 4557 non
1271 4479 1484 4569 devitamus,
1501 4478 1532 4554 si
1549 4501 1606 4555 eo·
