3582 5288
915 421 952 434 ..
980 387 1022 450 86
1049 421 1088 436 ..

390 535 469 608 quae
485 506 585 581 nullo
607 505 821 582 detrimento
845 506 1057 606 aliquotiens
1081 507 1303 604 indulgenda
1329 509 1525 585 creduntur
1552 510 1611 585 vel

389 647 509 698 rerum
527 631 797 718 temporumque
810 620 910 717 cogit
926 619 1092 710 intuitus,
1105 620 1164 695 vel
1181 621 1378 698 accelerate
1396 622 1611 720 provisionis

389 744 572 834 respectus
595 744 755 823 excusat,
779 745 912 832 quanto
938 735 1057 831 magis
1082 735 1145 808 illa
1171 735 1380 812 nullatenus
1409 737 1610 812 mutilanda

389 859 485 938 sunt,
502 873 581 946 quae
599 873 665 924 nco
683 849 757 922 ulla
775 848 969 924 necessitas
987 875 1052 924 nec
1074 849 1318 928 ecclesiastica
1335 875 1480 950 prorsus
1497 861 1610 926 extor-

388 973 473 1060 quet
490 963 656 1037 utilitas?

957 1194 1043 1277 tvl.

485 1415 575 1486 Item
592 1411 764 1509 opuscula
782 1422 889 1509 atque
906 1421 1083 1487 tractatus
1096 1436 1218 1489 omnes
1231 1413 1453 1489 diversorum
1466 1425 1608 1512 patrum

375 1524 659 1602 'orthodoxorum
677 1523 739 1623 qui
756 1525 794 1597 in
807 1523 940 1598 nullca
958 1536 1092 1601 sanctae
1107 1528 1273 1601 Romanae
1287 1527 1457 1603 Ecclesiae
1473 1550 1611 1602 consar-

388 1637 438 1714 tio
450 1639 699 1728 deviaverunt,
716 1664 782 1714 nee
799 1639 843 1713 ab
863 1639 941 1714 eius
959 1639 1053 1713 fideli
1072 1640 1322 1738 praedicatione
1343 1641 1496 1716 seiuncti
1514 1651 1610 1729 sunt,

390 1753 448 1827 sed
467 1752 580 1847 ipsius
598 1752 858 1828 communionis
874 1777 988 1850 usque
1006 1753 1042 1826 in
1057 1753 1225 1828 ultimum
1240 1755 1332 1832 diem
1349 1756 1432 1830 vitoe
1446 1783 1519 1830 suae
1536 1756 1610 1830 fue·

391 1879 475 1942 runt
492 1868 618 1966 pertici
623 1892 694 1966 pec,
711 1869 860 1962 legenda
879 1867 1115 1943 decernimus

953 2099 1058 2182 evss.

483 2334 661 2410 Simacho'
676 2335 847 2433 Episcopo
873 2334 1043 2412 Ecclesiae
1069 2335 1264 2412 Catholicae
1295 2336 1402 2412 Urbis
1426 2339 1546 2410 Romae
1571 2335 1608 2408 in

387 2448 537 2526 concilio
550 2450 692 2526 coxae
701 2452 788 2523 VIII
801 2450 1043 2548 episcoporum
1057 2449 1279 2546 praesidente,
1289 2449 1491 2522 Emilianus
1503 2451 1609 2522 Nota-

388 2563 464 2638 rius
480 2562 608 2662 synodi
625 2561 767 2638 decreta
784 2562 954 2659 vulgavit
971 2563 1103 2639 dicens.
1130 2562 1168 2636 si
1194 2563 1275 2660 quis
1297 2565 1394 2660 Papa
1419 2561 1608 2660 superstite

388 2699 451 2775 pro
466 2679 625 2751 Romano
642 2677 857 2753 Pontificatu
874 2677 1043 2776 cuiquam
1062 2676 1218 2774 quolibet
1235 2675 1336 2752 modo
1349 2675 1506 2751 lavarem
1525 2699 1609 2772 prae-

388 2801 483 2865 stare
501 2789 740 2879 convincitur,
757 2789 825 2864 loci
844 2789 900 2863 sui
918 2789 1039 2864 ordine
1057 2789 1230 2888 privetur.
1248 2793 1295 2864 Et
1319 2800 1397 2888 post
1422 2814 1545 2886 pauca.
1571 2789 1608 2861 Si

387 2904 467 3002 quis
485 2903 678 3002 Presbyter
694 2913 758 2978 aut
776 2903 956 2979 Diaconos
980 2917 1044 2980 aut
1070 2905 1233 2981 Clericus
1257 2908 1354 3002 Papa
1380 2903 1550 2979 incolumi
1573 2915 1608 2978 et

387 3019 726 3108 coinconsult0‚aut
739 3018 1035 3116 supscriptionem
1049 3041 1111 3115 pro
1124 3018 1607 3093 RomanoPontificatucom-

387 3131 539 3219 modare,
562 3141 626 3205 aut
651 3131 803 3228 pictacia
828 3130 1046 3228 promittere,
1073 3143 1136 3206 aut
1161 3143 1426 3208 sacramentum
1453 3131 1607 3229 praebere

385 3245 624 3344 temptaverit,
642 3256 705 3320 aut
721 3245 862 3343 aliquod
880 3255 977 3320 certe
995 3246 1209 3343 suffragium
1228 3245 1398 3344 polliceri,
1412 3245 1471 3320 vel
1484 3245 1527 3320 dc
1540 3245 1606 3320 hac

386 3385 496 3436 causa
512 3359 663 3457 privatis
679 3358 942 3434 conventiculis
959 3359 1064 3435 factis
1081 3360 1276 3435 deliberare
1294 3370 1401 3458 atque
1418 3359 1606 3434 decernere

387 3476 551 3562 volucrit,
568 3473 636 3549 loci
654 3474 710 3547 sui
728 3473 905 3569 dignitate
923 3473 982 3549 vel
999 3474 1248 3548 communione
1267 3473 1437 3570 privetur.
1456 3474 1607 3548 Univer-

388 3614 427 3662 sa
440 3587 600 3686 synodus
613 3609 768 3683 surgens
784 3586 1010 3662 acclamavit.
1024 3585 1162 3661 Exaudi
1177 3587 1329 3663 Christe.
1344 3586 1510 3662 Simacho
1522 3587 1606 3663 vita.

388 3701 533 3777 Dictum
552 3711 606 3776 est
622 3700 748 3776 decies¹
764 3705 838 3774 Pax
850 3725 934 3776 cum
948 3700 1129 3799 Symacho
1143 3701 1278 3776 dictum
1293 3711 1347 3777 est
1367 3705 1476 3776 ΧΨ.
1494 3701 1608 3776 Cuius

388 3816 506 3891 sedem
523 3825 559 3890 et
575 3839 687 3888 annos
704 3815 840 3890 dictum
865 3826 919 3891 est
943 3817 1062 3891 octies,
1089 3816 1170 3888 Pari
1197 3816 1387 3892 severitate
1406 3815 1604 3891 feriendum

388 3955 482 4019 eum,
491 3931 552 4028 qui
560 3929 721 4005 hocvivo
729 3931 825 4005 sicut
833 3931 969 4006 dictum
980 3940 1035 4005 est
1045 3929 1215 4005 Pontifice
1224 3929 1380 4029 quolibet
1389 3931 1490 4004 modo
1500 3931 1608 4006 firerit

387 4044 555 4120 ambiisse
572 4044 760 4120 convictus
772 4054 836 4118 aut
848 4054 944 4120 certe
956 4053 1161 4141 temptasse,
1174 4043 1338 4118 omnibus
1351 4043 1484 4142 pariter
1500 4044 1608 4118 huius

388 4161 492 4258 culpe
511 4163 581 4234 reis
597 4159 836 4234 anathematis
853 4183 954 4256 paena
971 4157 1176 4256 plectendis.
1198 4157 1388 4232 Simachus
1413 4157 1609 4255 Episcopus

387 4273 486 4350 dixit.
495 4277 593 4370 Ergo
601 4273 829 4348 universitati
840 4274 966 4371 placet,
979 4281 1014 4347 et
1026 4273 1071 4344 ab
1084 4271 1248 4346 omnibus
1262 4271 1541 4367 recognoscitur,
1550 4273 1608 4347 vel

389 4389 557 4487 probatur
575 4388 643 4462 ista
661 4387 849 4464 sententia.
866 4387 1044 4463 Universa
1058 4386 1217 4486 synodus
1229 4387 1319 4462 dixit
1333 4386 1456 4462 Placet
1469 4395 1504 4461 et
1517 4387 1608 4484 quod

390 4501 554 4578 omnibns
571 4501 687 4600 placet
704 4501 775 4576 fiat.
793 4503 831 4575 Si
853 4502 944 4600 qued
961 4501 1055 4575 absit
1075 4501 1250 4576 transitus
1277 4505 1380 4599 Papae
1405 4501 1607 4599 inopinatus
