3654 5302
932 402 1128 465 -3Io·-

417 549 465 597 an
482 522 567 622 quia
583 521 692 598 citius
709 533 901 613 amantem,
920 521 980 596 his
998 522 1095 598 enim
1113 523 1279 600 favemus
1294 523 1547 622 frequenter,a
1565 521 1645 620 qui·

417 635 486 712 bus
503 635 696 712 referenda
712 637 811 712 vices
828 661 1013 735 speramus
1026 635 1165 733 gratie.
1179 637 1248 711 Sed
1261 645 1298 711 et
1310 658 1350 710 eo
1368 635 1487 731 magis
1499 635 1644 708 infirmo

416 757 453 826 ct
465 749 562 848 inopi
575 772 639 823 nos
652 749 794 824 studere
813 750 994 852 convenit,
1010 750 1095 848 quia
1108 773 1170 848 pre
1183 773 1224 825 eo
1241 748 1386 847 quinon
1401 747 1508 824 habet
1523 771 1646 823 remu-

417 861 637 936 nerationem
655 883 842 958 speramus
858 887 878 934 a
896 862 1045 938 Domino
1061 863 1180 952 Iheeu,
1193 863 1255 961 qui
1269 862 1336 937 sub
1349 861 1466 960 speeie
1482 861 1645 937 convivii

417 974 622 1071 generalem
639 973 818 1049 virtutum
836 975 947 1050 edidit
963 977 1124 1050 formam.
1141 979 1231 1051 Item
1254 1001 1298 1050 err
1322 976 1403 1072 lege
1428 973 1643 1049 Iustiniana.

417 1088 551 1164 Nullus
560 1087 814 1186 episcopusvel
823 1087 1017 1188 Presbyter
1026 1089 1337 1166 excommunicare
1346 1089 1476 1165 audeat
1484 1088 1643 1186 aliquem

417 1214 609 1301 antequam
627 1227 737 1278 eausa
755 1201 931 1298 probetur,
948 1213 1213 1302 propterquam
1232 1202 1464 1279 ecelesiastici
1485 1225 1644 1277 canones

417 1315 485 1392 hoc
502 1316 579 1391 fieri
596 1315 730 1391 iubent.
749 1315 787 1390 Si
805 1317 885 1414 quis
901 1327 1021 1393 autem
1040 1327 1164 1393 eontra
1182 1317 1248 1392 hoe
1274 1313 1644 1392 excommunicaverit

417 1429 586 1528 aliquem,
602 1429 665 1506 ille
682 1429 826 1528 quidem
839 1430 901 1528 qui
915 1429 1326 1518 exeommunicatns'est,
1339 1427 1464 1502 maiori
1481 1428 1645 1502 sacerdo

416 1545 466 1620 tis
481 1543 694 1619 auctoritate
707 1544 752 1618 ad
764 1544 920 1639 gratiam
933 1553 1068 1618 sanem
1084 1541 1346 1619 communionis
1364 1542 1492 1616 redeat.
1506 1543 1543 1614 Is
1557 1565 1643 1616 vero

417 1659 480 1758 qui
498 1685 571 1734 nen
588 1657 750 1754 legitime
771 1657 1096 1734 excommunicavit
1120 1667 1262 1732 tantum
1288 1655 1466 1732 abstineat
1489 1682 1511 1730 a
1537 1681 1642 1730 saera

417 1771 676 1862 communione,
694 1782 869 1869 quantum
890 1771 1015 1846 maiori
1040 1770 1216 1849 sacerdoti
1240 1769 1361 1844 visum
1387 1768 1508 1858 fuerit,
1535 1777 1579 1843 ut
1604 1768 1640 1842 id

419 1887 513 1985 quod
530 1885 664 1961 iniuste
680 1884 777 1976 fecit,
794 1885 888 1962 iuste
906 1885 1073 1984 patiatur.

1000 2087 1038 2172 II·

463 2293 513 2345 Ex
531 2291 664 2346 decreto
682 2293 785 2357 Papae
804 2291 935 2345 Adriani
952 2291 997 2346 ad
1015 2291 1214 2344 Gilramnum
1232 2290 1431 2356 Episcopum
1450 2290 1595 2342 XLVIII.

512 2455 602 2529 Item
620 2453 940 2558 generalidecreto
956 2452 1220 2533 constituimus,
1239 2460 1281 2526 ut
1293 2449 1533 2526 execrandum
1556 2475 1640 2524 ana-

416 2565 538 2642 thema
554 2567 628 2654 fiat,
640 2576 682 2642 ut
697 2565 806 2642 velud
823 2567 1075 2664 praevaricator
1091 2567 1277 2642 catholicin
1293 2565 1375 2640 fidei
1391 2589 1531 2662 semper
1544 2565 1639 2662 apud

417 2683 533 2756 Deum
548 2705 630 2756 reus
643 2679 783 2768 existat,
800 2679 1018 2779 quicumque
1035 2705 1175 2776 regum,
1187 2679 1246 2756 vel
1260 2687 1457 2778 potentum,
1470 2677 1637 2774 deinceps

417 2817 595 2880 canonum
612 2817 801 2870 censuram
819 2795 858 2868 in
875 2815 1100 2896 quecumque
1124 2793 1326 2884 crediderit,
1351 2791 1409 2868 vel
1435 2790 1637 2890 permiserit

419 2907 633 2985 violandam.

998 3101 1053 3186 II.

522 3307 685 3360 Iohannes
703 3307 779 3359 VIII
798 3307 890 3372 Papa
909 3317 981 3372 cap.
1001 3305 1108 3358 XVIII
1127 3317 1169 3358 ex
1188 3305 1328 3359 Concitie
1346 3305 1538 3359 Ravennati.

458 3532 461 3540 .
495 3537 498 3543 .
515 3469 832 3544 Administrateres
841 3468 946 3564 plane
954 3466 1181 3542 saecularium
1194 3467 1427 3562 dignitatum,
1439 3465 1502 3565 qui
1515 3467 1559 3541 ad
1574 3490 1637 3541 aec·

417 3583 610 3660 olesiarum
628 3581 828 3672 tuitionem,
845 3580 1060 3679 pupillorum
1086 3605 1130 3655 ac
1155 3580 1347 3655 viduarum
1373 3581 1638 3679 protectionem,

418 3697 672 3795 rapaciumque
686 3695 960 3770 refrenationem
973 3693 1159 3770 constituti
1171 3693 1400 3792 proculdubio
1408 3693 1547 3784 debent,
1555 3717 1637 3792 quo

419 3810 513 3886 tiens
530 3809 573 3885 ab
590 3808 764 3908 episcopis
780 3817 816 3884 et
832 3807 1086 3884 ecelesiasticis
1104 3807 1194 3880 viris
1219 3806 1387 3882 conventi
1414 3805 1559 3897 luerint,
1585 3829 1637 3882 eo

417 3949 498 3998 rum
516 3922 767 4021 quaerimonias
785 3923 958 3999 attentius
975 3921 1136 4013 audiant,
1153 3929 1190 3996 et
1202 3921 1400 3997 secuudum
1414 3921 1506 4020 quod
1519 3920 1636 3997 neces·

417 4037 505 4111 sitas
522 4037 719 4135 expetierit,
744 4037 876 4136 absque
901 4036 1135 4134 neglegentia
1160 4036 1376 4126 examinent,
1404 4045 1441 4111 et
1468 4033 1634 4132 diligenti

418 4149 536 4224 studio
552 4150 746 4246 corrigant.
763 4149 863 4238 Quod
880 4150 910 4224 si
929 4150 993 4226 Dei
1011 4151 1176 4225 timorem
1194 4174 1267 4247 prae
1284 4149 1397 4225 oeulis
1413 4173 1481 4224 non
1507 4148 1636 4225 haben·

417 4272 473 4339 tes
486 4263 631 4359 neglere
645 4263 723 4362 (aie)
736 4273 814 4363 pest
826 4264 1018 4338 secundam
1033 4263 1308 4338 admonitionem
1330 4263 1471 4338 inventi
1491 4263 1635 4350 luerint,

416 4377 515 4453 omni
532 4400 570 4452 se
593 4377 760 4452 noverint
776 4378 1025 4455 communione
1049 4401 1164 4478 usque
1187 4376 1233 4452 ad
1257 4376 1473 4475 condignam
1499 4377 1636 4452 satisfa-

421 4491 574 4567 ctionem
591 4489 758 4590 privatos.
