3642 5294
914 435 957 446 ..
981 402 1003 460 4
1028 435 1067 448 -

379 525 472 621 quod
499 524 550 596 ita
568 547 606 597 se
629 521 774 594 habeut·
788 517 948 614 Regulus
965 527 1171 590 sanctornm
1200 520 1350 588 Petrum
1372 541 1435 612 per
1455 517 1605 612 singula

377 663 476 714 nunc
500 659 614 735 usquc
638 634 793 710 concilia
817 631 1012 708 constituta
1035 629 1216 727 proprium
1243 629 1349 703 robur
1373 629 1533 703 obtinere
1549 629 1607 705 de·

376 753 571 826 crevimus.
596 754 689 824 Nam
716 747 1006 824 Chalcedonense
1025 745 1228 821 Concilium
1246 745 1338 843 quod
1360 770 1381 818 a
1406 745 1479 819 DC.
1497 747 1605 818 XXX

378 865 547 939 Patribus
559 865 627 939 sub
641 867 756 938 Leone
766 865 863 958 Papa
874 869 1020 956 gestum
1035 868 1100 947 est,
1112 857 1191 932 eius
1203 857 1429 931 auctoritatis
1442 882 1485 931 nc
1498 858 1606 930 firmi-

376 978 526 1068 tudinis,
539 989 581 1054 ut
597 978 761 1077 quisquis
773 977 852 1051 eius
869 973 1084 1048 soliditatem
1101 996 1172 1046 non
1190 981 1296 1061 tenet,
1313 971 1507 1046 cuiuslibet
1520 972 1605 1046 vitae

377 1102 484 1190 atque
494 1093 646 1168 actionis
656 1093 786 1167 existat
796 1100 837 1164 ut
845 1089 973 1164 beatus
982 1087 1251 1183 Gregoriusait,
1260 1087 1368 1161 etiam
1379 1087 1410 1160 si
1423 1086 1515 1183 lapis
1528 1112 1604 1161 esse

376 1207 546 1281 videatur
567 1219 669 1282 extra
693 1205 757 1280 Dei
770 1204 961 1278 edificium
983 1201 1086 1276 iacet.
1103 1202 1171 1275 Sed
1193 1200 1292 1274 etde
1312 1201 1526 1275 auctoritate
1548 1226 1605 1275 ca-

377 1345 513 1396 nonum
528 1322 777 1420 Apostolorum
788 1321 850 1418 qui
860 1344 922 1417 per
931 1317 1154 1392 Clementem
1166 1317 1205 1388 R.
1216 1313 1426 1388 Pontificem
1440 1314 1482 1387 de
1495 1338 1605 1410 greco

376 1437 414 1508 in
424 1437 579 1510 latinum
592 1436 760 1510 translati
773 1434 956 1520 dicuntur,
966 1433 1125 1517 Quorum
1136 1427 1507 1501 etiamauctoritatem
1518 1429 1601 1500 VII'

375 1549 593 1626 universalis
610 1551 770 1648 synodus
787 1553 937 1622 Patrum
952 1545 1054 1620 CCC.
1067 1547 1104 1618 L.
1118 1551 1153 1618 et
1166 1543 1260 1616 idem
1275 1542 1473 1639 Gregorius
1488 1543 1525 1616 in
1540 1567 1604 1616 suo

375 1665 532 1761 registro
549 1665 603 1739 uti
620 1664 774 1752 videtur,
791 1665 970 1739 decorum
985 1656 1600 1755 inquametquorumlibetaliorum

374 1802 553 1854 canonum
570 1779 794 1866 auctoritate,
815 1773 1027 1850 Anastasius
1045 1776 1211 1846 Romana
1230 1771 1403 1846 Ecclesiae
1420 1771 1604 1846 bibliothe-

364 1892 495 1992 carius
509 1893 545 1964 in
560 1891 706 1990 prologo
718 1891 875 1965 eiusdem
890 1889 974 1960 VII‘
992 1886 1189 1961 universali
1203 1883 1331 1984 synodi
1344 1911 1453 1983 quam
1467 1886 1509 1960 de
1522 1910 1603 1980 gre-

374 2029 416 2081 co
432 2007 470 2079 in
487 2006 642 2080 latinum
659 2005 857 2092 transtulit,
875 1999 1024 2076 Iohanni
1047 2002 1134 2072 VIII
1157 2003 1262 2096 Papae
1285 1999 1336 2072 ita
1359 2001 1493 2074 scribit.
1511 2004 1603 2074 Prae-

374 2120 557 2194 decessore
575 2128 695 2194 vestro
712 2116 917 2192 beatissimo
933 2119 1030 2212 Papa
1047 2114 1238 2211 Stephane,
1255 2123 1292 2187 et
1308 2115 1519 2211 Apostolatu
1546 2139 1604 2188 ve·

374 2239 448 2305 stro
465 2231 678 2306 decernente
695 2253 765 2304 non
783 2239 926 2302 tautum
944 2227 1035 2302 solos
1053 2227 1301 2324 Apostolorum
1324 2230 1352 2301 L
1373 2253 1528 2303 canones
1550 2253 1605 2303 ec·

374 2343 485 2419 clesia
503 2344 640 2442 recipit,
655 2352 775 2440 utpote
789 2341 913 2416 tubam
927 2340 1084 2438 Spiritus
1098 2341 1233 2432 Sancti,
1246 2343 1428 2418 sedetiam
1443 2342 1603 2416 omnium

372 2459 518 2532 omnino
542 2456 780 2556 probabilium
810 2466 966 2553 patrum,
990 2465 1027 2527 et
1056 2465 1260 2530 sanctorum
1290 2457 1524 2533 conciliorum
1551 2481 1602 2530 re·

375 2571 484 2665 gulas
501 2579 537 2646 et
554 2569 801 2644 institutiones
818 2567 987 2657 admittit,
1004 2568 1086 2644 illas
1103 2569 1299 2658 dumtaxat,
1317 2596 1396 2668 quae
1412 2596 1480 2645 nec
1498 2581 1605 2646 rectoe

374 2683 467 2773 fidei,
485 2708 552 2758 nec
567 2683 671 2758 bonis
688 2683 846 2756 moribus
862 2682 1021 2772 obviant,
1034 2683 1094 2758 sed
1113 2708 1178 2758 nec
1193 2684 1294 2758 Sedis
1306 2688 1473 2759 Romanae
1486 2684 1604 2758 decre-

375 2799 422 2872 tis
438 2801 484 2872 ad
502 2797 681 2872 modicum
699 2797 785 2894 quid
803 2797 981 2871 resultant
998 2797 1220 2894 quiapotius
1236 2797 1459 2872 adversarios
1485 2805 1604 2894 poten·

374 2920 428 2985 ter
446 2911 675 3008 impugnant.
693 2909 871 3007 Epistulas
884 2921 1006 2984 autem
1020 2911 1217 2986 Clementis
1231 2912 1276 2986 ad
1289 2912 1457 2986 Iacobum
1476 2921 1601 2988 contra

374 3049 465 3123 quas
482 3025 627 3122 quidam
645 3026 786 3119 garrire
805 3025 985 3113 videntur,
1003 3026 1205 3100 autenticas
1218 3027 1410 3100 ostendunt
1423 3047 1603 3099 successo·

374 3163 431 3214 res
448 3140 527 3214 cius
545 3139 744 3214 Auacletus
761 3149 797 3214 et
815 3138 1019 3214 Alexander
1037 3149 1074 3213 et
1091 3139 1235 3235 quidam
1250 3139 1313 3212 alii
1327 3138 1517 3213 Pontifices
1530 3148 1600 3212 eta

374 3256 445 3328 Deo
463 3253 679 3329 Benedictus
698 3251 953 3328 monachorum
971 3261 1071 3349 pater
1088 3251 1151 3349 qui
1167 3278 1212 3326 ex
1229 3251 1302 3326 illis
1320 3251 1442 3350 plures
1460 3261 1602 3325 senten·

373 3365 442 3439 tias
460 3366 498 3439 in
515 3365 590 3439 suis
607 3365 753 3463 scriptis
770 3365 1010 3441 inseruerunt.
1036 3366 1106 3440 Sed
1130 3377 1167 3441 et
1191 3367 1234 3441 de
1259 3365 1471 3464 Apostolicoe
1497 3363 1601 3438 Sedis

372 3477 585 3555 auctoritate
602 3479 663 3554 hic
681 3479 838 3577 plurima
857 3478 1032 3574 congessi.
1051 3479 1211 3566 Quodam
1229 3477 1338 3554 etiam
1361 3478 1404 3552 de
1420 3475 1602 3575 opusculis

373 3591 467 3667 beati
486 3592 687 3668 Hierouirni
705 3594 813 3668 cuius
830 3593 1012 3692 eloquium
1029 3602 1071 3666 ut
1090 3594 1321 3688 Augustinus
1338 3593 1380 3668 de
1398 3615 1438 3668 eo
1454 3592 1506 3664 ait
1523 3614 1603 3665 con·

373 3715 428 3778 tra
446 3705 640 3796 Iulianum,
661 3706 707 3781 ab
725 3707 872 3782 Oriente
889 3706 928 3780 in
947 3705 1177 3782 Occidentem
1200 3705 1315 3778 instar
1333 3704 1417 3778 solis
1435 3702 1602 3798 refulget.

373 3818 531 3906 Quodam
550 3820 592 3895 de
610 3819 793 3918 opusculis
809 3820 995 3894 beatorum
1013 3819 1201 3918 Cypriani,
1220 3818 1411 3906 Ambrosii,
1430 3816 1604 3912 Augusti-

373 3932 422 4022 ni,
445 3943 481 4006 et
506 3932 659 4008 aliorum
685 3943 840 4031 patrum.
862 3937 909 4007 Et
925 3933 1139 4008 omnimodis
1156 3957 1299 4032 operam
1317 3931 1473 4030 impendi
1491 3941 1533 4005 ut
1549 3955 1603 4012 es·

374 4055 456 4120 seut
481 4045 690 4145 plenissima
710 4045 924 4122 auctoritate
946 4072 1025 4144 quae
1047 4047 1107 4123 hic
1125 4047 1303 4143 congessi,
1321 4043 1487 4144 quoniam
1506 4043 1602 4118 sicut

372 4159 511 4258 aIIquos
528 4160 658 4258 quibus
673 4160 751 4236 haec
768 4160 951 4259 placerent
973 4161 1024 4234 ita
1046 4183 1118 4236 non
1140 4161 1324 4236 defuturos
1346 4157 1515 4257 quosdam
1539 4157 1602 4254 qui

375 4271 432 4348 his
449 4273 654 4350 inviderent
670 4299 741 4351 non
759 4275 935 4372 ignoravi.
954 4279 1121 4350 Preterea
1137 4272 1328 4370 antiquum
1350 4270 1509 4346 ordinem
1534 4269 1603 4345 cle-

372 4387 512 4464 ctionis,
525 4387 883 4466 scuconsecrationis
899 4388 1050 4463 Romani
1069 4384 1252 4461 Pontificis
1269 4393 1305 4460 et
1319 4383 1414 4460 Cleri
1428 4383 1505 4458 eius
1518 4381 1602 4464 huic

372 4500 467 4598 o'peri
488 4501 645 4576 inserere
662 4500 777 4576 libuit.
794 4504 888 4575 Nam
906 4500 1052 4598 quidam
1070 4497 1155 4572 olim
1178 4497 1216 4572 in
1242 4496 1307 4571 Dei
1333 4506 1369 4571 et
1393 4505 1600 4602 sanctorum
