3618 5316
894 453 934 465 ·-
960 417 1026 480 334
1055 453 1091 466 «-

381 538 543 630 Bobium,
561 539 746 630 Cesenam,
763 539 895 613 Forum
913 539 1083 638 pompilii,
1101 543 1230 615 Forum
1248 539 1354 628 Livii,
1378 538 1608 627 Faventiam,

381 652 578 743 lmmolam,
603 654 811 755 Bononiam,
828 651 1041 742 Ferrariam,
1059 651 1266 728 Camiaeum
1284 662 1320 728 et
1339 651 1505 726 Adrianis
1521 675 1608 751 qnae

382 777 418 842 et
434 767 611 842 Gabolum
630 792 713 842 cum
732 767 898 842 omnibus
912 767 1054 856 finibus
1067 765 1256 841 territoriis
1269 777 1375 864 atque
1390 766 1518 842 insulis
1532 777 1607 842 ter-

384 906 423 953 ra
441 880 602 979 marique
625 881 670 956 ad
695 881 918 980 supradictas
943 881 1109 956 civitates
1133 880 1404 979 pertinentibus.
1430 880 1547 954 Simul
1566 890 1606 956 et

382 993 604 1093 Pentapolim
623 994 791 1070 videlicet
810 995 1025 1084 Ariminum,
1043 994 1246 1084 Pisaurum,
1264 997 1413 1082 Fanum,
1432 993 1607 1088 Senogal-

384 1107 483 1195 liam,
503 1113 698 1194 Anconam,
724 1107 927 1194 Ausimum,
952 1111 1168 1198 Humanam,
1193 1108 1330 1197 Hesim,
1355 1111 1484 1182 Forum
1512 1133 1606 1182 sem·

384 1221 509 1318 pronii,
522 1224 643 1297 Monte
656 1222 792 1312 feretri,
805 1221 946 1312 Urbini,
959 1231 994 1298 et
1006 1221 1227 1297 territorium
1246 1222 1437 1310 Vulneuse,
1455 1219 1606 1310 Callem,

383 1334 550 1424 Luciolis,
566 1335 776 1432 Eugubium
795 1362 878 1412 curn
895 1335 1060 1410 omnibus
1077 1335 1208 1410 linibus
1225 1361 1268 1412 ac
1281 1336 1386 1410 terris
1399 1335 1444 1410 ad
1461 1335 1604 1410 easdem

383 1446 549 1524 civitates
563 1449 834 1547 pertinentibus.
848 1448 980 1524 Eodem
996 1449 1095 1524 modo
1109 1449 1326 1523 territorium
1338 1448 1542 1546 Sabinense,
1556 1447 1606 1521 si·

345 1591 348 1596 ·
385 1571 449 1636 cut
466 1587 487 1634 a
504 1563 665 1658 genitore
682 1571 802 1638 nostro
820 1563 950 1638 Karolo
967 1563 1179 1660 imperatore
1196 1563 1299 1638 beato
1316 1566 1420 1638 Petro
1437 1559 1607 1660 Apostolo

275 1669 278 1676 ’
384 1675 661 1774 perdonationis
684 1677 857 1776 scriptum
876 1685 1087 1775 conceptum
1101 1685 1155 1750 est
1168 1675 1235 1750 sub
1247 1675 1466 1773 integritate,
1483 1698 1607 1772 quem·

341 1884 345 1892 Ι
384 1787 573 1864 admodum
597 1790 642 1865 ab
666 1789 830 1866 Hitherio
855 1801 891 1866 et
916 1789 1172 1884 Magenaribns
1195 1789 1392 1864 Abbatibus
1418 1788 1538 1862 missis
1563 1788 1608 1860 il-

384 1899 457 1974 lius
473 1901 568 1977 inter
585 1903 678 1979 idem
699 1902 918 1978 territorium
938 1903 1133 1980 Sabincnse
1149 1915 1256 2002 atque
1274 1904 1465 1979 Reatinum
1483 1903 1606 1978 delini-

386 2024 464 2089 tum
483 2027 547 2091 est.
570 2019 611 2092 In
634 2015 795 2114 partibus
812 2016 903 2092 idest
920 2016 1059 2092 Tusciae
1085 2017 1396 2114 Langobardorum
1413 2015 1604 2092 castellum

385 2127 583 2218 felicitatis
596 2129 826 2218 Urbiretum,
840 2129 1014 2204 Balneum
1024 2131 1134 2227 regis,
1147 2131 1302 2219 Forenti,
1315 2131 1482 2206 Castrum
1496 2129 1605 2205 viter-

389 2241 487 2330 bum,
514 2241 651 2332 Orelas,
668 2245 834 2332 Martam,
852 2246 1065 2334 Tuscanam,
1083 2246 1253 2332 Suonam,
1276 2243 1522 2343 Populonium,
1539 2246 1604 2316 Ro

385 2355 504 2447 sellae,
520 2366 556 2432 et
576 2357 714 2431 insulas
735 2356 929 2446 Corsicam,
955 2361 1121 2447 Martum,
1144 2357 1357 2446 Sardiniam,
1381 2367 1418 2432 et
1439 2355 1603 2431 ¹Siciliam

390 2468 458 2543 sub
475 2469 686 2567 integritate
702 2495 779 2559 sua,
796 2495 879 2545 cum
897 2469 1062 2545 omnibus
1078 2469 1323 2546 adiacentibus
1349 2495 1393 2546 ao
1414 2469 1604 2546 territoriis

391 2583 593 2672 maritimis,
610 2583 786 2673 litoribus
812 2583 995 2683 portubus
1011 2583 1055 2657 ad
1081 2584 1342 2682 suprascriptas
1366 2584 1545 2671 civitates
1568 2593 1605 2658 et

392 2693 530 2768 insulas
549 2693 819 2793 pertinentibus
836 2699 926 2770 Item
945 2695 1158 2794 inpartibus
1172 2696 1376 2794 Campaniae
1390 2699 1524 2785 Soram,
1539 2701 1605 2769 Ar·

391 2831 462 2896 ces,
481 2807 675 2906 Aquinum,
695 2807 883 2906 Arpinum,
897 2807 1094 2898 Theanum,
1108 2820 1144 2885 et
1157 2809 1328 2906 Capuam,
1342 2819 1378 2884 et
1391 2809 1604 2908 patrimonia

389 2920 434 2994 ad
451 2930 661 3018 potestatem
680 2931 715 2997 et
731 2921 901 2997 ditionem
919 2930 1075 2996 vestram
1095 2919 1311 3020 pertinentia
1323 2923 1419 2998 sicut
1432 2932 1486 3018 est
1498 2921 1604 3021 patri-

392 3035 550 3108 monium
563 3037 871 3125 Benerentanum,
884 3043 920 3110 et
934 3035 1213 3125 Salernitanum,
1222 3045 1258 3110 et
1270 3035 1524 3134 patrimonium
1539 3035 1605 3108 Ca·

391 3146 514 3222 labrire
531 3147 710 3224 inferioris
727 3159 763 3225 et
780 3147 985 3248 superioris
998 3157 1034 3222 et
1051 3147 1304 3245 patrimonium
1318 3147 1604 3245 Neapolitanum,

395 3269 432 3335 et
444 3259 660 3358 ubicumque
674 3261 711 3335 in
725 3263 887 3360 partibus
896 3261 999 3360 regni
1013 3269 1120 3358 atque
1129 3258 1270 3357 imperii
1283 3284 1303 3332 a
1314 3261 1386 3334 Dec
1398 3257 1499 3333 nobis
1512 3283 1605 3334 corn·

393 3373 491 3448 missi
504 3372 719 3470 patrimonia
736 3385 856 3450 vestra
872 3401 949 3451 esse
966 3382 1174 3448 noscuntur.
1188 3375 1263 3446 Has
1275 3396 1397 3448 omnes
1410 3372 1605 3470 suprascri-

391 3497 470 3583 ptas
483 3485 811 3584 provincias,urbes
820 3498 855 3563 et
868 3487 1045 3575 civitates
1054 3483 1166 3583 opida,
1179 3494 1286 3583 atque
1298 3485 1456 3575 castella,
1464 3485 1605 3560 viculos

392 3622 435 3672 ac
456 3597 636 3674 territoria
653 3598 831 3698 simulque
853 3609 889 3676 et
909 3597 1136 3699 patrimonia,
1152 3597 1331 3674 iamdictae
1348 3597 1516 3673 aecclesiae
1533 3607 1606 3672 tuae

388 3707 491 3785 beate
499 3713 604 3786 Petra
617 3710 782 3808 apostole,
795 3722 831 3787 et
844 3737 905 3810 per
917 3722 953 3788 te
961 3711 1098 3788 vicario
1110 3724 1172 3786 tuo
1184 3710 1365 3810 spirituali
1379 3711 1470 3809 patri
1484 3721 1606 3787 nostro

388 3822 525 3895 Damno
544 3821 684 3897 Pascali
705 3846 845 3898 summo
866 3824 1042 3914 Pontifici,
1058 3834 1094 3900 et
1109 3823 1308 3916 universali
1323 3826 1438 3922 Papae,
1455 3824 1604 3922 eiusque

388 3934 655 4010 successoribus
668 3959 782 4033 usque
799 3935 837 4010 in
854 3937 960 4011 finem
974 3935 1108 4025 saeculi,
1122 3960 1162 4011 eo
1175 3937 1275 4011 modo
1288 3938 1554 4026 confirmamus,
1567 3937 1605 4010 in

388 4069 453 4122 suo
462 4047 644 4124 detineant
652 4047 741 4138 iure,
750 4049 953 4148 principatu
963 4061 1069 4148 atque
1079 4048 1221 4124 ditione.
1230 4048 1348 4124 Simili
1361 4051 1458 4125 modo
1468 4073 1530 4146 per
1539 4049 1605 4123 hoc

388 4169 517 4233 nostrae
533 4160 812 4236 confirmationis
825 4162 1006 4240 decretum
1021 4164 1205 4236 firmamus
1218 4161 1433 4252 donationes
1447 4187 1535 4260 quas
1549 4162 1605 4260 pie

387 4269 641 4346 recordationis
658 4275 817 4348 Domnus
834 4275 984 4372 Pipinus
1002 4299 1064 4350 rex
1080 4299 1170 4348 avus
1186 4283 1317 4364 noster,
1335 4285 1370 4349 et
1383 4285 1459 4372 post
1480 4299 1521 4350 ea
1540 4277 1606 4348 llo

389 4408 495 4458 mnus
519 4393 557 4460 et
580 4385 720 4482 genitor
745 4397 863 4460 noster
888 4386 1043 4462 Karolus
1072 4387 1281 4484 imperator,
1311 4388 1413 4463 beato
1441 4389 1606 4487 Apostolo

389 4497 494 4572 Petro
510 4506 703 4593 spontanea
720 4497 915 4590 voluntate,
932 4499 1173 4591 contulerunt,
1191 4525 1258 4575 neo
1275 4525 1344 4576 non
1362 4510 1398 4577 et
1414 4525 1544 4576 census
1569 4511 1606 4576 et
