<?xml version="1.0" encoding="UTF-8"?>
<!DOCTYPE html PUBLIC "-//W3C//DTD XHTML 1.0 Transitional//EN"
    "http://www.w3.org/TR/xhtml1/DTD/xhtml1-transitional.dtd">
<html xmlns="http://www.w3.org/1999/xhtml" xml:lang="en" lang="en">
 <head>
  <title>
</title>
<meta http-equiv="Content-Type" content="text/html;charset=utf-8" />
  <meta name='ocr-system' content='tesseract 3.04.00' />
  <meta name='ocr-capabilities' content='ocr_page ocr_carea ocr_par ocr_line ocrx_word'/>
</head>
<body>
  <div class='ocr_page' id='page_1' title='image "./deusdeditpresby00martgoog_0311.png"; bbox 0 0 3618 5316; ppageno 0'>
   <div class='ocr_carea' id='block_1_1' title="bbox 910 379 1107 443">
    <p class='ocr_par' dir='ltr' id='par_1_1' title="bbox 910 379 1107 443">
     <span class='ocr_line' id='line_1_1' title="bbox 910 379 1107 443; baseline -0.02 1"><span class='ocrx_word' id='word_1_1' title='bbox 910 379 1041 443; x_wconf 81' lang='lat'><strong>-286</strong></span> <span class='ocrx_word' id='word_1_2' title='bbox 1070 411 1107 424; x_wconf 88' lang='lat'>·-</span> 
     </span>
    </p>
   </div>
   <div class='ocr_carea' id='block_1_2' title="bbox 956 551 1059 636">
    <p class='ocr_par' dir='ltr' id='par_1_2' title="bbox 956 551 1059 636">
     <span class='ocr_line' id='line_1_2' title="bbox 956 551 1059 636; baseline 0 -1"><span class='ocrx_word' id='word_1_3' title='bbox 956 551 1059 636; x_wconf 82' lang='lat' dir='ltr'><strong>XOV.</strong></span> 
     </span>
    </p>
   </div>
   <div class='ocr_carea' id='block_1_3' title="bbox 398 721 1627 2186">
    <p class='ocr_par' dir='ltr' id='par_1_3' title="bbox 398 721 1627 2186">
     <span class='ocr_line' id='line_1_3' title="bbox 494 721 1624 826; baseline -0.008 -21"><span class='ocrx_word' id='word_1_4' title='bbox 494 725 660 805; x_wconf 89' lang='lat' dir='ltr'>Gelasius</span> <span class='ocrx_word' id='word_1_5' title='bbox 677 728 815 804; x_wconf 82' lang='lat' dir='ltr'>Victori</span> <span class='ocrx_word' id='word_1_6' title='bbox 833 726 1003 826; x_wconf 88' lang='lat' dir='ltr'>episcopo.</span> <span class='ocrx_word' id='word_1_7' title='bbox 1020 724 1164 798; x_wconf 91' lang='lat' dir='ltr'><strong>Dudum</strong></span> <span class='ocrx_word' id='word_1_8' title='bbox 1181 723 1224 798; x_wconf 95' lang='lat' dir='ltr'>de</span> <span class='ocrx_word' id='word_1_9' title='bbox 1240 731 1375 799; x_wconf 79' lang='lat' dir='ltr'>sanctae</span> <span class='ocrx_word' id='word_1_10' title='bbox 1396 721 1541 818; x_wconf 81' lang='lat' dir='ltr'><strong>Agathe</strong></span> <span class='ocrx_word' id='word_1_11' title='bbox 1564 721 1624 797; x_wconf 89' lang='lat' dir='ltr'>ba-</span> 
     </span>
     <span class='ocr_line' id='line_1_4' title="bbox 398 836 1625 941; baseline -0.007 -25"><span class='ocrx_word' id='word_1_12' title='bbox 398 841 501 919; x_wconf 87' lang='lat' dir='ltr'>silica</span> <span class='ocrx_word' id='word_1_13' title='bbox 514 867 592 940; x_wconf 83' lang='lat' dir='ltr'>quae</span> <span class='ocrx_word' id='word_1_14' title='bbox 604 843 643 916; x_wconf 91' lang='lat' dir='ltr'>in</span> <span class='ocrx_word' id='word_1_15' title='bbox 657 842 811 918; x_wconf 83' lang='lat' dir='ltr'>anlano</span> <span class='ocrx_word' id='word_1_16' title='bbox 823 841 932 916; x_wconf 90' lang='lat' dir='ltr'>fundo</span> <span class='ocrx_word' id='word_1_17' title='bbox 946 839 1031 913; x_wconf 93' lang='lat' dir='ltr'>olim</span> <span class='ocrx_word' id='word_1_18' title='bbox 1041 837 1201 913; x_wconf 91' lang='lat' dir='ltr'>noscitur</span> <span class='ocrx_word' id='word_1_19' title='bbox 1214 837 1420 926; x_wconf 86' lang='lat' dir='ltr'>constituta,</span> <span class='ocrx_word' id='word_1_20' title='bbox 1435 836 1625 941; x_wconf 64' lang='lat' dir='ltr'>processio-</span> 
     </span>
     <span class='ocr_line' id='line_1_5' title="bbox 398 949 1626 1051; baseline -0.003 -23"><span class='ocrx_word' id='word_1_21' title='bbox 398 978 480 1029; x_wconf 85' lang='lat' dir='ltr'>nem</span> <span class='ocrx_word' id='word_1_22' title='bbox 498 955 564 1030; x_wconf 88' lang='lat' dir='ltr'>sub</span> <span class='ocrx_word' id='word_1_23' title='bbox 581 965 701 1031; x_wconf 90' lang='lat' dir='ltr'>nostra</span> <span class='ocrx_word' id='word_1_24' title='bbox 719 953 978 1031; x_wconf 88' lang='lat' dir='ltr'>consultatione</span> <span class='ocrx_word' id='word_1_25' title='bbox 999 951 1245 1051; x_wconf 85' lang='lat' dir='ltr'>suspenderas,</span> <span class='ocrx_word' id='word_1_26' title='bbox 1262 976 1425 1026; x_wconf 90' lang='lat' dir='ltr'>asserens</span> <span class='ocrx_word' id='word_1_27' title='bbox 1437 949 1626 1050; x_wconf 81' lang='lat' dir='ltr'>possessio</span> 
     </span>
     <span class='ocr_line' id='line_1_6' title="bbox 399 1062 1626 1165; baseline -0.006 -23"><span class='ocrx_word' id='word_1_28' title='bbox 399 1069 456 1142; x_wconf 90' lang='lat' dir='ltr'>nis</span> <span class='ocrx_word' id='word_1_29' title='bbox 469 1070 650 1143; x_wconf 90' lang='lat' dir='ltr'>dominum</span> <span class='ocrx_word' id='word_1_30' title='bbox 664 1069 781 1144; x_wconf 90' lang='lat' dir='ltr'>omnia</span> <span class='ocrx_word' id='word_1_31' title='bbox 792 1092 872 1165; x_wconf 85' lang='lat' dir='ltr'>quae</span> <span class='ocrx_word' id='word_1_32' title='bbox 881 1067 935 1140; x_wconf 94' lang='lat' dir='ltr'>illi</span> <span class='ocrx_word' id='word_1_33' title='bbox 948 1065 1221 1142; x_wconf 88' lang='lat' dir='ltr'>conferebantur</span> <span class='ocrx_word' id='word_1_34' title='bbox 1234 1064 1406 1161; x_wconf 79' lang='lat' dir='ltr'>accipere,</span> <span class='ocrx_word' id='word_1_35' title='bbox 1414 1073 1450 1138; x_wconf 93' lang='lat' dir='ltr'>et</span> <span class='ocrx_word' id='word_1_36' title='bbox 1464 1063 1540 1138; x_wconf 86' lang='lat' dir='ltr'>suis</span> <span class='ocrx_word' id='word_1_37' title='bbox 1552 1062 1626 1136; x_wconf 89' lang='lat' dir='ltr'>usi·</span> 
     </span>
     <span class='ocr_line' id='line_1_7' title="bbox 398 1175 1626 1281; baseline -0.006 -25"><span class='ocrx_word' id='word_1_38' title='bbox 398 1181 466 1256; x_wconf 92' lang='lat' dir='ltr'>bus</span> <span class='ocrx_word' id='word_1_39' title='bbox 483 1183 670 1281; x_wconf 88' lang='lat' dir='ltr'>applicare.</span> <span class='ocrx_word' id='word_1_40' title='bbox 688 1186 764 1258; x_wconf 89' lang='lat' dir='ltr'>Nec</span> <span class='ocrx_word' id='word_1_41' title='bbox 781 1181 855 1257; x_wconf 91' lang='lat' dir='ltr'>illic</span> <span class='ocrx_word' id='word_1_42' title='bbox 873 1203 972 1280; x_wconf 90' lang='lat' dir='ltr'>posse</span> <span class='ocrx_word' id='word_1_43' title='bbox 992 1177 1235 1252; x_wconf 89' lang='lat' dir='ltr'>ministrorum</span> <span class='ocrx_word' id='word_1_44' title='bbox 1253 1177 1320 1252; x_wconf 90' lang='lat' dir='ltr'>Dei</span> <span class='ocrx_word' id='word_1_45' title='bbox 1339 1176 1477 1275; x_wconf 88' lang='lat' dir='ltr'>aliquos</span> <span class='ocrx_word' id='word_1_46' title='bbox 1490 1175 1534 1249; x_wconf 89' lang='lat' dir='ltr'>ad</span> <span class='ocrx_word' id='word_1_47' title='bbox 1547 1199 1626 1274; x_wconf 89' lang='lat' dir='ltr'>pro·</span> 
     </span>
     <span class='ocr_line' id='line_1_8' title="bbox 400 1292 1626 1391; baseline -0.006 -19"><span class='ocrx_word' id='word_1_48' title='bbox 400 1295 595 1372; x_wconf 83' lang='lat' dir='ltr'><strong>cessionem</strong></span> <span class='ocrx_word' id='word_1_49' title='bbox 609 1295 744 1386; x_wconf 82' lang='lat' dir='ltr'>venire,</span> <span class='ocrx_word' id='word_1_50' title='bbox 757 1321 839 1371; x_wconf 89' lang='lat' dir='ltr'>cum</span> <span class='ocrx_word' id='word_1_51' title='bbox 853 1294 954 1368; x_wconf 90' lang='lat' dir='ltr'>nulla</span> <span class='ocrx_word' id='word_1_52' title='bbox 964 1293 1040 1368; x_wconf 92' lang='lat' dir='ltr'>illic</span> <span class='ocrx_word' id='word_1_53' title='bbox 1049 1293 1221 1368; x_wconf 88' lang='lat' dir='ltr'>alimenta</span> <span class='ocrx_word' id='word_1_54' title='bbox 1235 1292 1467 1391; x_wconf 90' lang='lat' dir='ltr'>susciperent.</span> <span class='ocrx_word' id='word_1_55' title='bbox 1477 1292 1546 1366; x_wconf 87' lang='lat' dir='ltr'>Sed</span> <span class='ocrx_word' id='word_1_56' title='bbox 1559 1317 1626 1366; x_wconf 93' lang='lat' dir='ltr'>nu-</span> 
     </span>
     <span class='ocr_line' id='line_1_9' title="bbox 400 1405 1627 1508; baseline -0.005 -25"><span class='ocrx_word' id='word_1_57' title='bbox 400 1433 462 1508; x_wconf 90' lang='lat' dir='ltr'>per</span> <span class='ocrx_word' id='word_1_58' title='bbox 474 1409 531 1482; x_wconf 82' lang='lat' dir='ltr'>vir</span> <span class='ocrx_word' id='word_1_59' title='bbox 544 1407 748 1507; x_wconf 87' lang='lat' dir='ltr'>spectabilis</span> <span class='ocrx_word' id='word_1_60' title='bbox 762 1411 891 1483; x_wconf 89' lang='lat' dir='ltr'>Petrus</span> <span class='ocrx_word' id='word_1_61' title='bbox 908 1418 1029 1483; x_wconf 90' lang='lat' dir='ltr'>noster</span> <span class='ocrx_word' id='word_1_62' title='bbox 1045 1407 1146 1482; x_wconf 91' lang='lat' dir='ltr'>nobis</span> <span class='ocrx_word' id='word_1_63' title='bbox 1160 1407 1418 1482; x_wconf 84' lang='lat' dir='ltr'>rationabiliter</span> <span class='ocrx_word' id='word_1_64' title='bbox 1430 1405 1627 1492; x_wconf 78' lang='lat' dir='ltr'>intimavit,</span> 
     </span>
     <span class='ocr_line' id='line_1_10' title="bbox 399 1521 1625 1620; baseline -0.003 -24"><span class='ocrx_word' id='word_1_65' title='bbox 399 1521 464 1597; x_wconf 86' lang='lat' dir='ltr'>hoc</span> <span class='ocrx_word' id='word_1_66' title='bbox 481 1523 572 1620; x_wconf 90' lang='lat' dir='ltr'>quod</span> <span class='ocrx_word' id='word_1_67' title='bbox 589 1523 626 1595; x_wconf 92' lang='lat' dir='ltr'>in</span> <span class='ocrx_word' id='word_1_68' title='bbox 644 1521 786 1620; x_wconf 90' lang='lat' dir='ltr'>culpam</span> <span class='ocrx_word' id='word_1_69' title='bbox 804 1530 962 1610; x_wconf 86' lang='lat' dir='ltr'>venerat,</span> <span class='ocrx_word' id='word_1_70' title='bbox 979 1545 1016 1596; x_wconf 91' lang='lat' dir='ltr'>se</span> <span class='ocrx_word' id='word_1_71' title='bbox 1033 1521 1154 1596; x_wconf 86' lang='lat' dir='ltr'>taliter</span> <span class='ocrx_word' id='word_1_72' title='bbox 1175 1521 1368 1610; x_wconf 85' lang='lat' dir='ltr'>ordinasse,</span> <span class='ocrx_word' id='word_1_73' title='bbox 1385 1529 1427 1595; x_wconf 91' lang='lat' dir='ltr'>ut</span> <span class='ocrx_word' id='word_1_74' title='bbox 1452 1521 1625 1594; x_wconf 84' lang='lat' dir='ltr'>universa</span> 
     </span>
     <span class='ocr_line' id='line_1_11' title="bbox 400 1631 1626 1733; baseline -0.002 -25"><span class='ocrx_word' id='word_1_75' title='bbox 400 1635 527 1733; x_wconf 81' lang='lat' dir='ltr'>quaein</span> <span class='ocrx_word' id='word_1_76' title='bbox 541 1634 693 1712; x_wconf 86' lang='lat' dir='ltr'>ecclesia</span> <span class='ocrx_word' id='word_1_77' title='bbox 706 1634 910 1732; x_wconf 88' lang='lat' dir='ltr'>supradicta</span> <span class='ocrx_word' id='word_1_78' title='bbox 923 1634 1143 1708; x_wconf 88' lang='lat' dir='ltr'>diversorum</span> <span class='ocrx_word' id='word_1_79' title='bbox 1154 1633 1472 1709; x_wconf 83' lang='lat' dir='ltr'>fuerintoblationc</span> <span class='ocrx_word' id='word_1_80' title='bbox 1484 1631 1626 1720; x_wconf 83' lang='lat' dir='ltr'>collata,</span> 
     </span>
     <span class='ocr_line' id='line_1_12' title="bbox 401 1745 1626 1847; baseline -0.002 -26"><span class='ocrx_word' id='word_1_81' title='bbox 401 1748 445 1822; x_wconf 89' lang='lat' dir='ltr'>ad</span> <span class='ocrx_word' id='word_1_82' title='bbox 455 1749 753 1847; x_wconf 78' lang='lat' dir='ltr'>Episcopumaut</span> <span class='ocrx_word' id='word_1_83' title='bbox 761 1747 805 1822; x_wconf 89' lang='lat' dir='ltr'>ad</span> <span class='ocrx_word' id='word_1_84' title='bbox 815 1772 896 1822; x_wconf 92' lang='lat' dir='ltr'>eum</span> <span class='ocrx_word' id='word_1_85' title='bbox 910 1746 970 1821; x_wconf 91' lang='lat' dir='ltr'>cui</span> <span class='ocrx_word' id='word_1_86' title='bbox 983 1746 1170 1821; x_wconf 86' lang='lat' dir='ltr'>basilicam</span> <span class='ocrx_word' id='word_1_87' title='bbox 1184 1745 1445 1845; x_wconf 82' lang='lat' dir='ltr'>deputaverint,</span> <span class='ocrx_word' id='word_1_88' title='bbox 1454 1746 1626 1820; x_wconf 78' lang='lat' dir='ltr'>universa</span> 
     </span>
     <span class='ocr_line' id='line_1_13' title="bbox 402 1858 1627 1960; baseline -0.002 -26"><span class='ocrx_word' id='word_1_89' title='bbox 402 1860 614 1960; x_wconf 78' lang='lat' dir='ltr'>pertineant,</span> <span class='ocrx_word' id='word_1_90' title='bbox 624 1860 675 1934; x_wconf 90' lang='lat' dir='ltr'>ita</span> <span class='ocrx_word' id='word_1_91' title='bbox 687 1868 729 1933; x_wconf 91' lang='lat' dir='ltr'>ut</span> <span class='ocrx_word' id='word_1_92' title='bbox 745 1883 790 1935; x_wconf 84' lang='lat' dir='ltr'>ex</span> <span class='ocrx_word' id='word_1_93' title='bbox 802 1858 868 1934; x_wconf 90' lang='lat' dir='ltr'>hoc</span> <span class='ocrx_word' id='word_1_94' title='bbox 881 1858 1086 1956; x_wconf 90' lang='lat' dir='ltr'>compendio</span> <span class='ocrx_word' id='word_1_95' title='bbox 1098 1867 1194 1933; x_wconf 86' lang='lat' dir='ltr'>sarta</span> <span class='ocrx_word' id='word_1_96' title='bbox 1208 1868 1303 1934; x_wconf 88' lang='lat' dir='ltr'>tecta</span> <span class='ocrx_word' id='word_1_97' title='bbox 1316 1858 1487 1936; x_wconf 73' lang='lat' dir='ltr'>aecclesia</span> <span class='ocrx_word' id='word_1_98' title='bbox 1501 1882 1627 1957; x_wconf 91' lang='lat' dir='ltr'>procu·</span> 
     </span>
     <span class='ocr_line' id='line_1_14' title="bbox 402 1971 1626 2072; baseline 0.001 -26"><span class='ocrx_word' id='word_1_99' title='bbox 402 1982 537 2048; x_wconf 89' lang='lat' dir='ltr'>rentur.</span> <span class='ocrx_word' id='word_1_100' title='bbox 554 1977 601 2048; x_wconf 88' lang='lat' dir='ltr'>Et</span> <span class='ocrx_word' id='word_1_101' title='bbox 618 1973 694 2048; x_wconf 91' lang='lat' dir='ltr'>ideo</span> <span class='ocrx_word' id='word_1_102' title='bbox 711 1973 823 2048; x_wconf 87' lang='lat' dir='ltr'>frater</span> <span class='ocrx_word' id='word_1_103' title='bbox 840 1971 1073 2048; x_wconf 91' lang='lat' dir='ltr'>saluberrime</span> <span class='ocrx_word' id='word_1_104' title='bbox 1086 1973 1322 2072; x_wconf 85' lang='lat' dir='ltr'>dispositionis</span> <span class='ocrx_word' id='word_1_105' title='bbox 1335 1973 1549 2071; x_wconf 79' lang='lat' dir='ltr'>professione</span> <span class='ocrx_word' id='word_1_106' title='bbox 1566 1999 1626 2048; x_wconf 88' lang='lat' dir='ltr'>su·</span> 
     </span>
     <span class='ocr_line' id='line_1_15' title="bbox 403 2085 1625 2186; baseline 0.002 -26"><span class='ocrx_word' id='word_1_107' title='bbox 403 2097 538 2186; x_wconf 83' lang='lat' dir='ltr'>scepta,</span> <span class='ocrx_word' id='word_1_108' title='bbox 547 2087 807 2186; x_wconf 89' lang='lat' dir='ltr'>processionem</span> <span class='ocrx_word' id='word_1_109' title='bbox 821 2085 1024 2184; x_wconf 85' lang='lat' dir='ltr'>supradicte</span> <span class='ocrx_word' id='word_1_110' title='bbox 1036 2085 1206 2162; x_wconf 86' lang='lat' dir='ltr'>aecclesiae</span> <span class='ocrx_word' id='word_1_111' title='bbox 1219 2095 1254 2162; x_wconf 91' lang='lat' dir='ltr'>te</span> <span class='ocrx_word' id='word_1_112' title='bbox 1266 2087 1435 2163; x_wconf 86' lang='lat' dir='ltr'>convenit</span> <span class='ocrx_word' id='word_1_113' title='bbox 1449 2087 1625 2163; x_wconf 86' lang='lat' dir='ltr'>ordinare.</span> 
     </span>
    </p>
   </div>
   <div class='ocr_carea' id='block_1_4' title="bbox 953 2251 1074 2338">
    <p class='ocr_par' dir='ltr' id='par_1_4' title="bbox 953 2251 1074 2338">
     <span class='ocr_line' id='line_1_16' title="bbox 953 2251 1074 2338; baseline -0.008 -1"><span class='ocrx_word' id='word_1_114' title='bbox 953 2251 1074 2338; x_wconf 79' lang='lat' dir='ltr'>xovl.</span> 
     </span>
    </p>
   </div>
   <div class='ocr_carea' id='block_1_5' title="bbox 400 2424 1625 4084">
    <p class='ocr_par' dir='ltr' id='par_1_5' title="bbox 400 2424 1625 4084">
     <span class='ocr_line' id='line_1_17' title="bbox 496 2424 1625 2524; baseline -0.003 -22"><span class='ocrx_word' id='word_1_115' title='bbox 496 2425 663 2502; x_wconf 89' lang='lat' dir='ltr'>Gelasius</span> <span class='ocrx_word' id='word_1_116' title='bbox 679 2429 851 2524; x_wconf 88' lang='lat' dir='ltr'>Respecto</span> <span class='ocrx_word' id='word_1_117' title='bbox 868 2433 904 2500; x_wconf 90' lang='lat' dir='ltr'>et</span> <span class='ocrx_word' id='word_1_118' title='bbox 921 2424 1074 2500; x_wconf 90' lang='lat' dir='ltr'>Leonino</span> <span class='ocrx_word' id='word_1_119' title='bbox 1091 2424 1284 2524; x_wconf 85' lang='lat' dir='ltr'>Episcopis.</span> <span class='ocrx_word' id='word_1_120' title='bbox 1309 2425 1485 2502; x_wconf 88' lang='lat' dir='ltr'>Iohannes</span> <span class='ocrx_word' id='word_1_121' title='bbox 1508 2425 1625 2502; x_wconf 90' lang='lat' dir='ltr'>archi-</span> 
     </span>
     <span class='ocr_line' id='line_1_18' title="bbox 400 2536 1624 2638; baseline 0.002 -26"><span class='ocrx_word' id='word_1_122' title='bbox 400 2536 571 2614; x_wconf 88' lang='lat' dir='ltr'>diaconus</span> <span class='ocrx_word' id='word_1_123' title='bbox 590 2537 850 2615; x_wconf 88' lang='lat' dir='ltr'>Falerionensis</span> <span class='ocrx_word' id='word_1_124' title='bbox 875 2536 974 2612; x_wconf 89' lang='lat' dir='ltr'>urbis</span> <span class='ocrx_word' id='word_1_125' title='bbox 995 2537 1215 2613; x_wconf 89' lang='lat' dir='ltr'>eversionem</span> <span class='ocrx_word' id='word_1_126' title='bbox 1236 2539 1408 2614; x_wconf 81' lang='lat' dir='ltr'>aecclesiae</span> <span class='ocrx_word' id='word_1_127' title='bbox 1427 2540 1472 2614; x_wconf 90' lang='lat' dir='ltr'>ab</span> <span class='ocrx_word' id='word_1_128' title='bbox 1496 2563 1537 2616; x_wconf 94' lang='lat' dir='ltr'>eo</span> <span class='ocrx_word' id='word_1_129' title='bbox 1561 2539 1624 2638; x_wconf 91' lang='lat' dir='ltr'>qui</span> 
     </span>
     <span class='ocr_line' id='line_1_19' title="bbox 400 2649 1625 2752; baseline 0.003 -27"><span class='ocrx_word' id='word_1_130' title='bbox 400 2651 563 2750; x_wconf 76' lang='lat' dir='ltr'>praesulis</span> <span class='ocrx_word' id='word_1_131' title='bbox 589 2653 730 2727; x_wconf 92' lang='lat' dir='ltr'>nomine</span> <span class='ocrx_word' id='word_1_132' title='bbox 761 2660 928 2727; x_wconf 88' lang='lat' dir='ltr'>censetur</span> <span class='ocrx_word' id='word_1_133' title='bbox 956 2649 1131 2740; x_wconf 84' lang='lat' dir='ltr'>effectam,</span> <span class='ocrx_word' id='word_1_134' title='bbox 1160 2652 1290 2748; x_wconf 81' lang='lat' dir='ltr'>grandi</span> <span class='ocrx_word' id='word_1_135' title='bbox 1320 2653 1421 2728; x_wconf 91' lang='lat' dir='ltr'>nobis</span> <span class='ocrx_word' id='word_1_136' title='bbox 1448 2654 1625 2752; x_wconf 88' lang='lat' dir='ltr'>supplica-</span> 
     </span>
     <span class='ocr_line' id='line_1_20' title="bbox 401 2764 1625 2864; baseline 0.002 -26"><span class='ocrx_word' id='word_1_137' title='bbox 401 2765 496 2846; x_wconf 85' lang='lat' dir='ltr'>tione</span> <span class='ocrx_word' id='word_1_138' title='bbox 521 2775 736 2864; x_wconf 88' lang='lat' dir='ltr'>conquestus</span> <span class='ocrx_word' id='word_1_139' title='bbox 761 2773 826 2855; x_wconf 85' lang='lat' dir='ltr'>est,</span> <span class='ocrx_word' id='word_1_140' title='bbox 850 2765 901 2839; x_wconf 90' lang='lat' dir='ltr'>ita</span> <span class='ocrx_word' id='word_1_141' title='bbox 922 2771 964 2838; x_wconf 92' lang='lat' dir='ltr'>ut</span> <span class='ocrx_word' id='word_1_142' title='bbox 988 2789 1026 2840; x_wconf 91' lang='lat' dir='ltr'>se</span> <span class='ocrx_word' id='word_1_143' title='bbox 1051 2764 1220 2840; x_wconf 87' lang='lat' dir='ltr'>videlicet</span> <span class='ocrx_word' id='word_1_144' title='bbox 1236 2766 1278 2841; x_wconf 92' lang='lat' dir='ltr'>de</span> <span class='ocrx_word' id='word_1_145' title='bbox 1296 2765 1383 2842; x_wconf 88' lang='lat' dir='ltr'>locis</span> <span class='ocrx_word' id='word_1_146' title='bbox 1400 2767 1457 2842; x_wconf 90' lang='lat' dir='ltr'>sui</span> <span class='ocrx_word' id='word_1_147' title='bbox 1474 2768 1625 2841; x_wconf 89' lang='lat' dir='ltr'>admini-</span> 
     </span>
     <span class='ocr_line' id='line_1_21' title="bbox 402 2877 1622 2976; baseline 0.002 -24"><span class='ocrx_word' id='word_1_148' title='bbox 402 2877 574 2962; x_wconf 88' lang='lat' dir='ltr'>stratione</span> <span class='ocrx_word' id='word_1_149' title='bbox 587 2879 733 2968; x_wconf 80' lang='lat' dir='ltr'>deiecta,</span> <span class='ocrx_word' id='word_1_150' title='bbox 750 2879 819 2954; x_wconf 87' lang='lat' dir='ltr'>iter</span> <span class='ocrx_word' id='word_1_151' title='bbox 836 2877 902 2954; x_wconf 92' lang='lat' dir='ltr'>sibi</span> <span class='ocrx_word' id='word_1_152' title='bbox 920 2878 1073 2953; x_wconf 87' lang='lat' dir='ltr'>liberum</span> <span class='ocrx_word' id='word_1_153' title='bbox 1091 2878 1135 2952; x_wconf 91' lang='lat' dir='ltr'>ad</span> <span class='ocrx_word' id='word_1_154' title='bbox 1152 2877 1414 2976; x_wconf 86' lang='lat' dir='ltr'>depopulandas</span> <span class='ocrx_word' id='word_1_155' title='bbox 1433 2879 1622 2956; x_wconf 84' lang='lat' dir='ltr'>facultates</span> 
     </span>
     <span class='ocr_line' id='line_1_22' title="bbox 402 2990 1622 3090; baseline 0.002 -24"><span class='ocrx_word' id='word_1_156' title='bbox 402 2990 556 3088; x_wconf 80' lang='lat' dir='ltr'>aperiret</span> <span class='ocrx_word' id='word_1_157' title='bbox 568 2991 748 3078; x_wconf 76' lang='lat' dir='ltr'>aecclesiae.</span> <span class='ocrx_word' id='word_1_158' title='bbox 761 2995 853 3066; x_wconf 90' lang='lat' dir='ltr'>Nam</span> <span class='ocrx_word' id='word_1_159' title='bbox 869 2990 1078 3066; x_wconf 83' lang='lat' dir='ltr'>ministeriis</span> <span class='ocrx_word' id='word_1_160' title='bbox 1094 2999 1130 3066; x_wconf 89' lang='lat' dir='ltr'>et</span> <span class='ocrx_word' id='word_1_161' title='bbox 1146 3001 1273 3066; x_wconf 90' lang='lat' dir='ltr'>ornatu</span> <span class='ocrx_word' id='word_1_162' title='bbox 1286 3015 1349 3090; x_wconf 88' lang='lat' dir='ltr'>pro</span> <span class='ocrx_word' id='word_1_163' title='bbox 1361 3019 1426 3068; x_wconf 86' lang='lat' dir='ltr'>sua</span> <span class='ocrx_word' id='word_1_164' title='bbox 1439 2992 1622 3068; x_wconf 84' lang='lat' dir='ltr'>voluntate</span> 
     </span>
     <span class='ocr_line' id='line_1_23' title="bbox 400 3095 1623 3201; baseline 0.002 -25"><span class='ocrx_word' id='word_1_165' title='bbox 400 3095 582 3192; x_wconf 78' lang='lat' dir='ltr'>distracto,</span> <span class='ocrx_word' id='word_1_166' title='bbox 602 3104 773 3201; x_wconf 80' lang='lat' dir='ltr'>praedium</span> <span class='ocrx_word' id='word_1_167' title='bbox 791 3105 899 3178; x_wconf 90' lang='lat' dir='ltr'>etiam</span> <span class='ocrx_word' id='word_1_168' title='bbox 917 3113 1105 3201; x_wconf 90' lang='lat' dir='ltr'>paternum</span> <span class='ocrx_word' id='word_1_169' title='bbox 1123 3104 1215 3201; x_wconf 93' lang='lat' dir='ltr'>quod</span> <span class='ocrx_word' id='word_1_170' title='bbox 1232 3105 1270 3178; x_wconf 90' lang='lat' dir='ltr'>in</span> <span class='ocrx_word' id='word_1_171' title='bbox 1291 3105 1497 3180; x_wconf 91' lang='lat' dir='ltr'>alimoniam</span> <span class='ocrx_word' id='word_1_172' title='bbox 1522 3106 1623 3182; x_wconf 90' lang='lat' dir='ltr'>cleri·</span> 
     </span>
     <span class='ocr_line' id='line_1_24' title="bbox 400 3213 1623 3315; baseline -0.001 -24"><span class='ocrx_word' id='word_1_173' title='bbox 400 3239 524 3291; x_wconf 86' lang='lat' dir='ltr'>corum</span> <span class='ocrx_word' id='word_1_174' title='bbox 543 3217 704 3292; x_wconf 89' lang='lat' dir='ltr'>decessor</span> <span class='ocrx_word' id='word_1_175' title='bbox 721 3215 798 3292; x_wconf 89' lang='lat' dir='ltr'>eius</span> <span class='ocrx_word' id='word_1_176' title='bbox 816 3215 1019 3314; x_wconf 81' lang='lat' dir='ltr'>reliquerat,</span> <span class='ocrx_word' id='word_1_177' title='bbox 1035 3213 1137 3289; x_wconf 85' lang='lat' dir='ltr'>velut</span> <span class='ocrx_word' id='word_1_178' title='bbox 1161 3216 1342 3315; x_wconf 91' lang='lat' dir='ltr'>proprium</span> <span class='ocrx_word' id='word_1_179' title='bbox 1367 3217 1443 3292; x_wconf 88' lang='lat' dir='ltr'>suis</span> <span class='ocrx_word' id='word_1_180' title='bbox 1460 3217 1623 3293; x_wconf 85' lang='lat' dir='ltr'>utilitati·</span> 
     </span>
     <span class='ocr_line' id='line_1_25' title="bbox 400 3327 1624 3428; baseline -0.001 -23"><span class='ocrx_word' id='word_1_181' title='bbox 400 3329 468 3406; x_wconf 87' lang='lat' dir='ltr'>bus</span> <span class='ocrx_word' id='word_1_182' title='bbox 480 3329 690 3406; x_wconf 84' lang='lat' dir='ltr'>vindicavit.</span> <span class='ocrx_word' id='word_1_183' title='bbox 703 3329 988 3428; x_wconf 88' lang='lat' dir='ltr'>Obviantemqua</span> <span class='ocrx_word' id='word_1_184' title='bbox 1001 3327 1247 3426; x_wconf 90' lang='lat' dir='ltr'>supradictum</span> <span class='ocrx_word' id='word_1_185' title='bbox 1262 3329 1575 3422; x_wconf 86' lang='lat' dir='ltr'>Archidiaconum‚</span> <span class='ocrx_word' id='word_1_186' title='bbox 1588 3356 1624 3404; x_wconf 91' lang='lat' dir='ltr'>a·</span> 
     </span>
     <span class='ocr_line' id='line_1_26' title="bbox 400 3440 1623 3540; baseline 0.003 -26"><span class='ocrx_word' id='word_1_187' title='bbox 400 3441 538 3540; x_wconf 89' lang='lat' dir='ltr'>liosque</span> <span class='ocrx_word' id='word_1_188' title='bbox 554 3442 766 3540; x_wconf 86' lang='lat' dir='ltr'>complures,</span> <span class='ocrx_word' id='word_1_189' title='bbox 783 3442 844 3540; x_wconf 92' lang='lat' dir='ltr'>qui</span> <span class='ocrx_word' id='word_1_190' title='bbox 863 3442 996 3540; x_wconf 90' lang='lat' dir='ltr'>pariter</span> <span class='ocrx_word' id='word_1_191' title='bbox 1014 3440 1268 3532; x_wconf 79' lang='lat' dir='ltr'>reclamabant,</span> <span class='ocrx_word' id='word_1_192' title='bbox 1287 3443 1331 3520; x_wconf 93' lang='lat' dir='ltr'>ab</span> <span class='ocrx_word' id='word_1_193' title='bbox 1348 3443 1531 3519; x_wconf 91' lang='lat' dir='ltr'>ordinibus</span> <span class='ocrx_word' id='word_1_194' title='bbox 1547 3444 1623 3518; x_wconf 89' lang='lat' dir='ltr'>suis</span> 
     </span>
     <span class='ocr_line' id='line_1_27' title="bbox 401 3553 1623 3634; baseline 0.002 -5"><span class='ocrx_word' id='word_1_195' title='bbox 401 3553 553 3630; x_wconf 86' lang='lat' dir='ltr'>eredidit</span> <span class='ocrx_word' id='word_1_196' title='bbox 569 3554 814 3630; x_wconf 88' lang='lat' dir='ltr'>excludendos.</span> <span class='ocrx_word' id='word_1_197' title='bbox 832 3555 878 3630; x_wconf 86' lang='lat' dir='ltr'>Et</span> <span class='ocrx_word' id='word_1_198' title='bbox 894 3553 972 3630; x_wconf 92' lang='lat' dir='ltr'>ideo</span> <span class='ocrx_word' id='word_1_199' title='bbox 988 3556 1117 3631; x_wconf 84' lang='lat' dir='ltr'>fratres</span> <span class='ocrx_word' id='word_1_200' title='bbox 1138 3555 1322 3632; x_wconf 84' lang='lat' dir='ltr'>karissimi</span> <span class='ocrx_word' id='word_1_201' title='bbox 1346 3557 1547 3634; x_wconf 83' lang='lat' dir='ltr'>divinitatis</span> <span class='ocrx_word' id='word_1_202' title='bbox 1571 3558 1623 3632; x_wconf 92' lang='lat' dir='ltr'>in·</span> 
     </span>
     <span class='ocr_line' id='line_1_28' title="bbox 401 3666 1624 3759; baseline 0.002 -18"><span class='ocrx_word' id='word_1_203' title='bbox 401 3666 683 3754; x_wconf 80' lang='lat' dir='ltr'>tuitu&#39;eecclesiae</span> <span class='ocrx_word' id='word_1_204' title='bbox 696 3692 840 3743; x_wconf 89' lang='lat' dir='ltr'>causam</span> <span class='ocrx_word' id='word_1_205' title='bbox 856 3692 998 3742; x_wconf 90' lang='lat' dir='ltr'>summa</span> <span class='ocrx_word' id='word_1_206' title='bbox 1010 3668 1207 3745; x_wconf 87' lang='lat' dir='ltr'>attentione</span> <span class='ocrx_word' id='word_1_207' title='bbox 1219 3669 1448 3759; x_wconf 84' lang='lat' dir='ltr'>trutinantes,</span> <span class='ocrx_word' id='word_1_208' title='bbox 1456 3669 1551 3745; x_wconf 93' lang='lat' dir='ltr'>omni</span> <span class='ocrx_word' id='word_1_209' title='bbox 1566 3695 1624 3744; x_wconf 85' lang='lat' dir='ltr'>ve·</span> 
     </span>
     <span class='ocr_line' id='line_1_29' title="bbox 402 3777 1624 3879; baseline 0.002 -26"><span class='ocrx_word' id='word_1_210' title='bbox 402 3780 508 3854; x_wconf 86' lang='lat' dir='ltr'>ritate</span> <span class='ocrx_word' id='word_1_211' title='bbox 526 3777 758 3870; x_wconf 66' lang='lat' dir='ltr'>discussura</span> <span class='ocrx_word' id='word_1_212' title='bbox 775 3780 966 3879; x_wconf 87' lang='lat' dir='ltr'>compertis</span> <span class='ocrx_word' id='word_1_213' title='bbox 983 3780 1056 3856; x_wconf 90' lang='lat' dir='ltr'>cita</span> <span class='ocrx_word' id='word_1_214' title='bbox 1073 3781 1205 3856; x_wconf 87' lang='lat' dir='ltr'>nostris</span> <span class='ocrx_word' id='word_1_215' title='bbox 1222 3782 1370 3857; x_wconf 84' lang='lat' dir='ltr'>auribus</span> <span class='ocrx_word' id='word_1_216' title='bbox 1391 3782 1561 3858; x_wconf 84' lang='lat' dir='ltr'>relatione</span> <span class='ocrx_word' id='word_1_217' title='bbox 1576 3783 1624 3856; x_wconf 84' lang='lat' dir='ltr'>si-</span> 
     </span>
     <span class='ocr_line' id='line_1_30' title="bbox 401 3891 1622 3996; baseline 0.003 -30"><span class='ocrx_word' id='word_1_218' title='bbox 401 3902 523 3989; x_wconf 82' lang='lat' dir='ltr'>gnate.</span> <span class='ocrx_word' id='word_1_219' title='bbox 539 3895 590 3970; x_wconf 90' lang='lat' dir='ltr'>Ut</span> <span class='ocrx_word' id='word_1_220' title='bbox 606 3901 790 3993; x_wconf 86' lang='lat' dir='ltr'>perspecta</span> <span class='ocrx_word' id='word_1_221' title='bbox 808 3891 1045 3972; x_wconf 89' lang='lat' dir='ltr'>instructione</span> <span class='ocrx_word' id='word_1_222' title='bbox 1062 3894 1261 3992; x_wconf 74' lang='lat' dir='ltr'>diligentiae</span> <span class='ocrx_word' id='word_1_223' title='bbox 1281 3907 1420 3990; x_wconf 71' lang='lat' dir='ltr'>vestrae,</span> <span class='ocrx_word' id='word_1_224' title='bbox 1436 3897 1528 3996; x_wconf 82' lang='lat' dir='ltr'>quod</span> <span class='ocrx_word' id='word_1_225' title='bbox 1546 3897 1622 3972; x_wconf 88' lang='lat' dir='ltr'>ficri</span> 
     </span>
     <span class='ocr_line' id='line_1_31' title="bbox 401 4005 1367 4084; baseline 0.004 -4"><span class='ocrx_word' id='word_1_226' title='bbox 401 4005 525 4084; x_wconf 89' lang='lat' dir='ltr'>debeat</span> <span class='ocrx_word' id='word_1_227' title='bbox 540 4027 761 4083; x_wconf 85' lang='lat' dir='ltr'>censeamus.</span> <span class='ocrx_word' id='word_1_228' title='bbox 1136 4017 1139 4023; x_wconf 86' lang='lat'>&#39;</span> <span class='ocrx_word' id='word_1_229' title='bbox 1280 4015 1284 4044; x_wconf 79' lang='lat'>³</span> <span class='ocrx_word' id='word_1_230' title='bbox 1363 4013 1367 4020; x_wconf 85' lang='grc'><strong>“</strong></span> 
     </span>
    </p>
   </div>
   <div class='ocr_carea' id='block_1_6' title="bbox 945 4077 1085 4234">
    <p class='ocr_par' dir='ltr' id='par_1_6' title="bbox 945 4077 1085 4234">
     <span class='ocr_line' id='line_1_32' title="bbox 945 4077 1085 4234; baseline 0 -1"><span class='ocrx_word' id='word_1_231' title='bbox 945 4077 1085 4234; x_wconf 77' lang='lat' dir='ltr'>xevn.</span> 
     </span>
    </p>
   </div>
   <div class='ocr_carea' id='block_1_7' title="bbox 401 4343 1624 4561">
    <p class='ocr_par' dir='ltr' id='par_1_7' title="bbox 401 4343 1624 4561">
     <span class='ocr_line' id='line_1_33' title="bbox 408 4343 1624 4450; baseline 0.006 -31"><span class='ocrx_word' id='word_1_232' title='bbox 408 4427 413 4436; x_wconf 26' lang='lat'><strong><em>⁴</em></strong></span> <span class='ocrx_word' id='word_1_233' title='bbox 446 4429 450 4435; x_wconf 82' lang='lat'><em>.</em></span> <span class='ocrx_word' id='word_1_234' title='bbox 487 4343 667 4436; x_wconf 15' lang='lat' dir='ltr'>&#39;Gelasiue</span> <span class='ocrx_word' id='word_1_235' title='bbox 680 4346 831 4432; x_wconf 84' lang='lat' dir='ltr'>Instoet</span> <span class='ocrx_word' id='word_1_236' title='bbox 848 4345 1027 4447; x_wconf 85' lang='lat' dir='ltr'>Stephano</span> <span class='ocrx_word' id='word_1_237' title='bbox 1043 4347 1237 4450; x_wconf 82' lang='lat' dir='ltr'>Episcopis.</span> <span class='ocrx_word' id='word_1_238' title='bbox 1254 4353 1379 4446; x_wconf 71' lang='lat' dir='ltr'>Frater</span> <span class='ocrx_word' id='word_1_239' title='bbox 1396 4359 1433 4424; x_wconf 90' lang='lat' dir='ltr'>et</span> <span class='ocrx_word' id='word_1_240' title='bbox 1450 4351 1624 4450; x_wconf 81' lang='lat' dir='ltr'>coepisco</span> 
     </span>
     <span class='ocr_line' id='line_1_34' title="bbox 401 4457 1624 4561; baseline 0.005 -29"><span class='ocrx_word' id='word_1_241' title='bbox 401 4481 468 4555; x_wconf 90' lang='lat' dir='ltr'>pus</span> <span class='ocrx_word' id='word_1_242' title='bbox 485 4468 604 4534; x_wconf 88' lang='lat' dir='ltr'>noster</span> <span class='ocrx_word' id='word_1_243' title='bbox 621 4457 788 4556; x_wconf 84' lang='lat' dir='ltr'>proficuis</span> <span class='ocrx_word' id='word_1_244' title='bbox 804 4459 959 4558; x_wconf 75' lang='lat' dir='ltr'>Salpina</span> <span class='ocrx_word' id='word_1_245' title='bbox 975 4459 1140 4536; x_wconf 84' lang='lat' dir='ltr'>sacerdos</span> <span class='ocrx_word' id='word_1_246' title='bbox 1156 4460 1327 4538; x_wconf 74' lang='lat' dir='ltr'>aecclesie</span> <span class='ocrx_word' id='word_1_247' title='bbox 1348 4463 1505 4561; x_wconf 90' lang='lat' dir='ltr'>petitorii</span> <span class='ocrx_word' id='word_1_248' title='bbox 1524 4464 1624 4540; x_wconf 88' lang='lat' dir='ltr'>nobis</span> 
     </span>
    </p>
   </div>
   <div class='ocr_carea' id='block_1_8' title="bbox 0 0 1821 5316">
    <p class='ocr_par' dir='ltr' id='par_1_8' title="bbox 0 0 1821 5316">
     <span class='ocr_line' id='line_1_35' title="bbox 0 0 1821 5316; baseline 0 0"><span class='ocrx_word' id='word_1_249' title='bbox 0 0 1821 5316; x_wconf 95' lang='lat' dir='ltr'> </span> 
     </span>
    </p>
   </div>
  </div>
 </body>
</html>
