3646 5292
885 421 1084 484 -194-

373 539 498 614 nullus
513 537 675 614 sacerdos
691 537 762 614 nisi
779 537 952 614 innuente
964 537 1145 614 sacerdote
1158 535 1307 613 cuilibet
1319 535 1371 611 rei
1384 534 1592 612 benedicere

375 654 523 728 nitetur.
541 652 610 727 Sed
628 661 664 727 et
675 652 832 727 anterior
848 661 920 727 stat
931 652 976 726 ud
988 651 1290 753 pronuntiandum
1303 649 1459 748 aliquam
1474 648 1593 724 lectio·

373 791 466 856 nem,
483 765 762 841 benedictionem
780 767 924 864 quidem
946 766 1112 866 postulat,
1129 765 1191 840 sed
1212 765 1245 839 ei
1270 763 1421 862 quilibet
1446 762 1592 837 inlerior

372 905 442 955 non
456 881 564 955 audet
575 879 792 955 benedicere.
806 881 881 956 Cur
893 879 985 955 hoc?
997 879 1172 977 numquid
1184 877 1391 952 benedicere
1404 885 1592 976 peccatum

371 995 453 1066 est?
470 991 584 1067 Absit.
603 995 654 1066 De
671 990 853 1067 maledicis
868 991 963 1066 enim
977 1015 1048 1067 non
1064 991 1153 1067 bene
1171 992 1272 1080 dicis,
1285 990 1373 1066 dicit
1389 989 1591 1086 Apostolus,

371 1105 455 1202 quia
473 1127 628 1202 regnum
646 1105 712 1180 Dei
730 1129 800 1179 non
818 1104 1054 1203 possidebunt.
1067 1103 1136 1178 Sed
1148 1127 1210 1201 per
1222 1102 1288 1177 hoc
1301 1102 1467 1176 innuitur
1481 1126 1593 1199 quan-

370 1225 417 1292 tae
434 1241 595 1293 censure
612 1217 712 1293 freno
729 1217 914 1294 inferiores
926 1239 1065 1316 quoque
1082 1215 1128 1290 ad
1144 1238 1226 1289 suos
1243 1213 1451 1290 iudicandos
1463 1235 1593 1313 praepo

371 1331 458 1406 sitos
476 1330 687 1408 cohercendi
705 1341 801 1422 sunt,
813 1331 844 1407 si
857 1330 914 1406 his
931 1355 999 1406 neo
1015 1329 1123 1405 etiam
1140 1327 1368 1404 benedicendi
1382 1328 1439 1401 ius
1451 1325 1593 1400 nullum

371 1444 516 1542 penitus
532 1445 704 1542 optinent.

691 1595 759 1668 XL
769 1593 903 1668 VIIII.
927 1594 1054 1686 (Deest
1075 1594 1117 1667 ire
1141 1593 1270 1686 codice)

506 1781 556 1834 Ex
575 1781 711 1834 concilio
731 1778 877 1833 seeundo
895 1781 1032 1844 nogenti
1049 1781 1112 1832 ΡΡ.
1131 1779 1368 1844 Episcoporum
1386 1778 1457 1829 LXI

665 1871 725 1924 et.
747 1907 752 1920 .
775 1906 782 1920 .
803 1907 810 1922 .
831 1871 892 1921 1111
911 1870 1149 1934 episcoporum
1166 1869 1294 1925 LXXII.

465 2027 695 2124 Unaquaeque
708 2024 859 2100 ecclesie
872 2021 1002 2098 habeat
1014 2022 1091 2097 loca
1104 2023 1255 2120 propriis
1267 2021 1449 2096 ordinibus
1463 2020 1591 2095 dicata.

370 2138 531 2225 Quodam
548 2139 610 2212 ubi
627 2137 826 2212 sacerdotes
843 2147 879 2212 et
894 2136 959 2211 elii
975 2135 1099 2211 clerici
1117 2136 1324 2225 consistent,
1349 2134 1510 2232 quaedem
1528 2133 1590 2206 ubi

371 2251 588 2327 solummodo
605 2253 687 2340 viri,
704 2252 865 2349 quaedsm
883 2250 944 2324 ubi
962 2248 1180 2324 solummodo
1196 2248 1348 2323 faemine.
1366 2251 1411 2322 Et
1423 2247 1500 2321 ideo
1512 2269 1592 2345 apo

370 2363 496 2438 stolice
512 2364 725 2439 auctoritate
742 2362 970 2461 precipimus
988 2373 1029 2437 ut
1046 2362 1132 2437 laici
1149 2364 1188 2436 in
1206 2385 1246 2437 eo
1263 2361 1339 2436 loco
1357 2361 1448 2460 quod
1461 2360 1592 2458 presbi-

369 2475 500 2550 terium
519 2476 652 2551 dioitur
668 2499 739 2550 non
756 2485 926 2551 maneant
943 2475 1027 2550 dum
1045 2475 1169 2549 divina
1191 2474 1429 2564 celebrantur,
1446 2498 1492 2548 ne
1512 2498 1592 2573 pec·

369 2610 451 2662 care
468 2589 586 2684 magis
603 2587 794 2662 videantur
811 2612 894 2663 cum
913 2587 1090 2683 prohibite
1104 2589 1267 2684 degerint,
1280 2590 1352 2662 nisi
1365 2588 1590 2688 permittente

367 2698 558 2886 aliquenss)
567 2700 738 2799 Episcopo
751 2698 809 2775 vel
828 2699 961 2776 Clerici
975 2700 1085 2777 libere
1098 2725 1141 2776 ac
1153 2701 1345 2776 honorifice
1358 2701 1481 2776 divine
1493 2725 1591 2776 exer·

369 2821 512 2887 ceento
551 2812 618 2887 cie.

965 2935 1002 3019 h.

720 3100 769 3150 Ex
787 3099 862 3164 syn.
882 3099 950 3152 XV.
972 3099 1122 3153 Iohannis
1140 3103 1252 3168 Pepae.

463 3245 505 3316 In
518 3241 675 3316 circuitu
690 3240 827 3316 Alteris
839 3249 875 3317 et
887 3243 924 3316 in
938 3241 1159 3341 presbyterio
1171 3241 1294 3316 nullus
1306 3241 1477 3318 laieorum
1492 3251 1587 3317 stare

371 3352 668 3450 praesumat,dum
682 3351 806 3426 divine
818 3363 1042 3451 peraguntur
1054 3354 1180 3430 officia.
1189 3353 1290 3442 Quod
1303 3355 1334 3428 si
1346 3354 1481 3444 fecerit,
1494 3376 1587 3428 oom-

368 3465 538 3541 munione
564 3466 737 3564 privetur,
762 3489 876 3563 usque
901 3465 946 3540 ad
969 3467 1261 3544 emendationem.
1283 3472 1415 3543 Sancta
1440 3467 1586 3542 sinodus

367 3579 466 3654 dixit.
484 3579 659 3655 Omnibus
675 3579 804 3680 placet.

953 3770 1010 3858 hl.

449 3976 498 4026 nx
516 3973 650 4026 concillo
669 3973 792 4026 nicolai
810 3975 942 4028 iunioris
961 3987 1035 4028 cum
1052 3977 1224 4041 Episcopis
1243 3975 1330 4026 X111.
1350 3987 1421 4040 esp.
1440 3975 1496 4026 VI.

462 4141 723 4218 Constituimus
739 4153 782 4218 ut
797 4166 859 4242 per
871 4141 982 4218 laicos
994 4145 1143 4241 quilibet
1155 4143 1309 4220 clericus
1321 4153 1384 4218 eut
1397 4143 1584 4242 presbyter

365 4255 567 4330 nullomodo
583 4254 771 4330 ecclesiam
789 4255 956 4344 obtinent,
973 4281 1040 4332 nec
1056 4258 1183 4354 gratis,
1196 4281 1263 4331 nec
1274 4256 1396 4355 pretio.
1409 4259 1457 4331 Et
1469 4265 1511 4329 ut
1523 4280 1584 4330 cu-

365 4369 512 4444 iuslibet
536 4370 672 4446 ordinis
696 4367 846 4444 elericos
862 4367 947 4444 laici
972 4393 1043 4444 non
1068 4369 1238 4460 iudicent,
1262 4393 1328 4444 nec
1353 4369 1395 4445 de
1420 4369 1584 4445 ecclesiis

366 4483 522 4558 eiiciaut.
