3618 5316
907 440 947 454 -
973 404 1038 469 356
1063 437 1103 454 -
1192 479 1193 482 Ἴ

869 665 871 668 .
951 558 1061 647 xxv.
1114 568 1115 571 ψ

778 736 911 794 ltemln
928 735 1046 790 eodem
1064 747 1136 802 cap.
1157 689 1225 790 XV.

490 869 529 944 Si
542 870 622 969 quis
635 871 792 969 quolibet
809 880 976 970 tempore,
994 871 1187 948 cuiuslibet
1204 873 1388 971 potestatis
1401 882 1465 947 aut
1481 873 1620 948 ordinis

392 1006 552 1082 persona,
568 983 702 1083 aliquid
721 986 763 1060 de
781 986 1036 1061 consuetudine
1054 986 1113 1061 vel
1130 987 1302 1062 facultate
1316 987 1617 1063 xenodochiorum

392 1097 452 1171 vel
468 1097 702 1173 ecclesiarum
719 1098 918 1188 abstulerit,
935 1099 1026 1198 quod
1041 1101 1137 1174 Deus
1149 1109 1302 1190 avertat,
1316 1109 1356 1174 ut
1371 1111 1515 1176 necator
1530 1125 1616 1198 pau-

392 1232 517 1306 perum
534 1209 816 1288 irrevocabiliter
833 1211 1061 1288 anathemate
1078 1213 1240 1290 feriatur.
1344 1218 1346 1222 ’
1377 1257 1379 1264 ,

934 1403 1061 1488 XXVI

729 1609 778 1660 Ex
797 1608 932 1662 concilio
953 1607 1106 1662 Toletano
1126 1619 1197 1674 cap.
1217 1611 1273 1662 xl.

486 1768 524 1843 si
543 1767 683 1866 quiade
701 1769 903 1867 potentibus
925 1767 1114 1861 clericum,
1131 1781 1195 1846 aut
1212 1770 1406 1870 quemlibet
1431 1772 1615 1870 pauperio-

391 1905 479 1974 rem,
491 1893 555 1958 aut
568 1883 774 1979 religiosum
790 1884 1033 1981 expoliaverit,
1047 1891 1084 1959 et
1096 1885 1322 1960 mandaverit
1334 1885 1416 1959 eum
1433 1886 1479 1959 ad
1499 1911 1536 1960 se
1552 1911 1615 1960 re·

388 1996 466 2072 nire
479 1997 675 2099 Episcopus
688 2008 729 2072 ut
741 1999 920 2090 audiatur,
933 2009 969 2074 et
981 1999 1244 2096 contempserit,
1257 1999 1415 2074 invicem
1429 2022 1511 2074 mox
1526 2001 1612 2075 scri·

388 2121 447 2208 pta
465 2121 677 2209 percurrant
689 2137 750 2212 per
763 2136 886 2188 omnes
898 2111 1092 2210 prouinciae
1105 2111 1305 2210 Episcopos,
1318 2121 1356 2186 et
1367 2136 1611 2211 quoscumque

385 2225 484 2301 adire
501 2225 692 2324 potuerint,
708 2237 750 2302 ut
766 2227 1100 2304 excommunicatus
1116 2224 1291 2300 habeatur
1303 2224 1413 2300 donec
1430 2225 1610 2315 audiatur,

385 2348 422 2414 et
439 2341 564 2416 reddat
579 2341 707 2416 aliena.

928 2465 1074 2550 xxrn.
1117 2431 1124 2548 f

778 2645 820 2696 tn
837 2643 996 2696 Affricano
1016 2655 1088 2708 cap.
1108 2643 1207 2694 xxx.

479 2804 622 2881 Placuit
638 2815 679 2881 ut
696 2803 819 2881 clerici
837 2807 899 2902 qui
916 2805 961 2879 ab
974 2807 1190 2902 Imperatore
1203 2803 1445 2899 cognitionem
1460 2804 1605 2880 iudicio

383 2943 464 2993 rum
474 2917 697 3016 pubIIcorum
712 2917 890 3016 petierint,
903 2917 1033 2993 honore
1047 2917 1245 3016 priventur.
1262 2919 1300 2992 Si
1313 2942 1397 2992 vero
1410 2919 1605 3018 episcopale

383 3031 556 3106 iudicium
568 3031 755 3106 abeodem
773 3031 951 3130 petierint,
969 3029 1061 3104 nihil
1079 3029 1131 3104 eis
1148 3029 1249 3104 obsit.
1262 3033 1352 3105 Item
1370 3030 1407 3103 iu
1421 3031 1541 3105 eodem
1559 3056 1605 3105 ex

382 3169 457 3242 cap.
474 3149 555 3220 XV.
574 3134 787 3222 Cresconius
804 3145 893 3220 uilla
911 3144 1082 3220 Recensis
1100 3145 1296 3242 Episcopus
1312 3145 1412 3242 plebe
1426 3171 1492 3220 sua
1509 3146 1606 3220 dere·

381 3256 478 3346 licta,
496 3257 761 3332 Tubuniensem
779 3257 914 3331 invasit
930 3257 1130 3332 ecclesiam.
1145 3261 1192 3332 Et
1204 3283 1320 3356 usque
1337 3258 1438 3333 hodie
1456 3283 1606 3334 commo

380 3369 490 3458 nitus,
507 3371 654 3445 eandem
673 3370 875 3476 relinquere
892 3371 1115 3468 contempsit.
1130 3375 1176 3446 Et
1189 3372 1294 3445 infra.
1309 3371 1533 3447 Necessitate
1550 3397 1605 3446 co

380 3491 500 3576 gente,
513 3483 667 3558 liberum
681 3483 786 3581 nobis
800 3483 847 3556 sit
860 3493 1033 3558 rectorem
1048 3484 1242 3581 provinciae
1255 3487 1452 3561 secuudum
1469 3495 1604 3560 statuta

380 3595 584 3696 principum
600 3596 773 3684 adversus
789 3595 894 3669 illum
912 3596 1021 3684 adire,
1039 3597 1159 3694 utqui
1177 3597 1256 3672 miti
1282 3597 1521 3672 admonitione
1545 3621 1606 3671 no-

380 3705 450 3780 luit
466 3707 653 3782 emendare
670 3707 852 3796 illicitum,
868 3707 1082 3785 auctoritate
1100 3709 1288 3784 iudiciaria
1305 3709 1468 3807 protinus
1484 3709 1605 3783 exelu-

380 3819 494 3894 datur.
515 3820 570 3895 Ab
595 3819 776 3896 universis
793 3819 978 3917 Episcopis
1003 3819 1138 3894 dictum
1153 3831 1216 3895 est.
1233 3825 1450 3896 Iustumest.
1471 3821 1604 3896 Placet.

379 3933 470 4006 Item
486 3931 524 4005 in
542 3933 663 4007 codem
680 3957 724 4008 ex
741 3957 816 4030 cap.
833 3935 914 4006 XX.
933 3937 1027 4007 Sunt
1050 3935 1148 4008 enim
1173 3933 1333 4032 plerique
1358 3933 1603 4032 conspirantes

377 4070 461 4120 cum
478 4044 639 4146 plebibus
656 4046 818 4146 propriis,
835 4069 924 4144 quas
941 4045 1136 4143 decipiunt,
1152 4046 1273 4122 blandi
1290 4048 1336 4122 ad
1360 4048 1602 4122 seducendum

377 4158 515 4234 uitiosae
530 4158 616 4234 vitae
632 4159 804 4248 homines
821 4159 880 4234 vel
899 4167 995 4234 certe
1008 4158 1134 4248 inflati,
1149 4169 1218 4234 eta
1233 4169 1352 4234 nostro
1365 4159 1540 4235 consortIo
1553 4183 1606 4233 se·

378 4271 503 4366 parati,
520 4272 582 4368 qui
601 4279 729 4367 putant
745 4269 895 4370 propriae
907 4269 1000 4370 plebi
1015 4270 1270 4346 incubandum.
1283 4274 1331 4345 Et
1343 4293 1601 4368 nonnunquam

379 4384 558 4472 conventi,
575 4383 619 4457 ad
636 4383 829 4459 concilium
847 4382 973 4458 venire
990 4383 1203 4474 detrectant,
1216 4409 1282 4457 sua
1294 4384 1384 4459 forte
1396 4408 1442 4458 ne
1454 4383 1603 4481 prodan-

376 4506 437 4568 tur
449 4495 588 4591 flagitia
607 4505 814 4570 metuentes.
831 4497 917 4570 Dico
930 4496 960 4570 si
976 4497 1093 4594 placet
1106 4494 1280 4570 eircabos
1292 4519 1363 4572 nou
1376 4505 1516 4570 tanturn
1531 4494 1602 4568 dio-
