3646 5292
904 421 942 436 -
967 385 1033 454 aas
1060 377 1112 432 -“

383 503 449 581 hoc
463 504 506 581 de
520 503 688 580 memoria
698 503 849 581 assiduae
862 504 1033 580 stationes
1042 502 1255 593 domestice,
1267 510 1304 580 et
1316 503 1517 581 officialitas
1530 530 1610 606 quae

383 643 446 718 per
461 619 715 716 suggestiones
733 620 847 695 malas
864 645 928 696 seu
939 619 1054 694 bonas
1073 643 1171 694 nunc
1188 619 1384 717 plurimum
1400 628 1521 718 potest.
1537 627 1611 696 Aut

383 732 480 808 enirn
497 733 672 809 timentur
689 759 734 810 ue
752 734 847 808 mala
865 744 1079 831 suggerant,
1096 743 1162 808 aut
1178 743 1349 809 emuntur
1365 744 1407 808 ut
1431 745 1611 832 praestent,

381 845 458 922 haec
476 855 561 920 sunt
573 871 653 945 quae
662 846 801 922 faciunt
813 870 873 922 eos
885 846 1020 922 ordinis
1033 847 1091 922 sui
1107 871 1177 923 non
1190 848 1415 924 considerare
1428 847 1611 924 rationem.

383 960 479 1033 Dum
496 959 593 1034 enim
614 985 677 1059 per
692 959 916 1036 adulationes
933 959 1152 1037 obsecuntur
1169 961 1225 1035 illi
1251 961 1388 1051 illicite,
1413 961 1614 1060 praecipites

383 1071 464 1146 illos
483 1071 633 1162 faciunt,
650 1083 691 1148 ut
708 1072 790 1171 plus
807 1073 874 1148 sibi
893 1083 1022 1171 putent
1046 1074 1169 1149 licere.
1195 1073 1332 1172 Quippe
1357 1099 1440 1149 oum
1466 1074 1614 1150 videant

383 1210 453 1261 non
468 1186 520 1262 sie
533 1186 664 1263 deferri
681 1187 935 1279 sacerdotibus,
948 1213 991 1264 ae
1006 1213 1069 1288 per
1082 1189 1149 1264 hoo
1162 1188 1332 1263 anteferri
1346 1212 1384 1263 se
1397 1197 1535 1287 putant.
1544 1189 1613 1264 Sed

382 1299 628 1374 testimonium
642 1300 679 1374 in
694 1301 966 1399 quoddiaconus
981 1303 1021 1376 fit
1034 1302 1231 1401 presbyter,
1245 1301 1345 1400 quasi
1360 1301 1457 1376 istud
1469 1302 1514 1376 ad
1527 1326 1614 1399 prae-

385 1415 586 1511 rogativam
603 1416 780 1516 pertineat
798 1416 1073 1513 magnitudinis
1091 1415 1250 1512 legimus
1273 1413 1380 1490 etiam
1406 1416 1451 1490 ad
1474 1415 1612 1513 plebem

383 1527 515 1603 dixisse
533 1531 681 1605 Petrum
701 1530 923 1628 Apostolum.
941 1528 1076 1626 Eligite
1095 1527 1220 1626 inquid
1237 1553 1281 1604 ex
1298 1528 1409 1618 vobis,
1430 1551 1518 1628 quos
1534 1551 1616 1604 con·

383 1640 579 1716 stituamus
595 1643 774 1718 deservire
793 1643 1004 1718 ministeriis
1021 1642 1198 1734 ecelesiae,
1223 1641 1304 1718 nolo
1328 1642 1447 1719 dicere
1471 1641 1615 1717 mensis.

383 1757 477 1831 Ecce
486 1755 687 1832 testimonio
696 1757 870 1834 laicorum
884 1756 996 1834 creati
1008 1765 1097 1832 sunt
1110 1755 1260 1831 diaconi.
1271 1757 1317 1829 Et
1327 1753 1518 1854 Apostolus
1530 1779 1614 1830 eum

383 1869 446 1967 qui
464 1868 683 1946 ordinandus
709 1881 763 1947 est
785 1871 952 1948 Christus
976 1869 1066 1946 dicit
1092 1868 1201 1944 etiam
1220 1866 1465 1942 testimonium
1483 1865 1613 1942 habere

383 1982 514 2058 benum
532 1983 577 2058 ab
601 1983 658 2059 his
676 1985 738 2083 qui
757 1984 842 2060 loris
860 1993 955 2058 sunt.
983 1981 1152 2058 Omnium
1180 1989 1235 2056 est
1259 2001 1346 2074 ergo
1369 1977 1615 2053 testimonium

384 2097 480 2187 dare,
490 2107 527 2174 et
539 2123 608 2173 non
621 2110 742 2176 tamen
752 2123 874 2175 omnes
888 2105 1037 2197 possunt
1050 2119 1128 2170 esse
1141 2093 1232 2192 quod
1247 2092 1420 2168 iudicant.
1434 2095 1554 2168 Potest
1566 2091 1615 2190 pi·

385 2220 462 2287 ctor
478 2211 592 2288 bonus
608 2211 762 2288 iudicari
782 2211 827 2286 ab
844 2211 907 2286 illo
923 2210 986 2310 qui
1007 2210 1157 2308 pingere
1174 2205 1299 2295 nescit,
1322 2214 1358 2281 et
1375 2205 1519 2282 coraula
1545 2230 1616 2280 me-

384 2322 452 2399 lior
468 2323 538 2399 alio
555 2325 700 2400 coraula
717 2324 903 2424 approbari
920 2325 965 2398 ab
984 2347 1026 2400 eo
1043 2321 1106 2421 qui
1123 2319 1276 2395 alterius
1303 2319 1393 2394 artis
1418 2319 1475 2394 sit.
1500 2321 1555 2394 Ita
1580 2329 1617 2394 et

385 2437 488 2514 testis
501 2447 614 2537 potest
626 2463 703 2515 esse
716 2437 1088 2538 creandipresbyteri,
1100 2434 1163 2533 qui
1176 2433 1326 2509 inferior
1338 2432 1460 2508 ordine
1473 2443 1537 2508 est.
1551 2437 1616 2506 Est

386 2551 518 2626 iterum
539 2551 800 2652 quo'inflentur
825 2562 861 2627 et
879 2559 1006 2650 putent
1027 2548 1094 2624 sibi
1122 2545 1278 2621 multum
1303 2545 1433 2622 deberi.
1458 2545 1616 2621 Anubis

387 2663 483 2739 enim
501 2664 673 2763 inquiunt
689 2664 937 2764 perducuntur
955 2663 1018 2762 qui
1035 2659 1223 2738 ordinandi
1241 2669 1337 2750 sunt,
1350 2669 1391 2735 ut
1409 2659 1493 2734 dum
1511 2657 1616 2734 lateri

385 2801 508 2853 eorum
522 2779 613 2877 septi
625 2778 847 2870 sint,honore
861 2778 964 2875 digni
984 2775 1186 2865 videantur,
1198 2773 1256 2849 fac
1269 2795 1395 2850 verum
1408 2797 1496 2848 esse.
1506 2772 1616 2860 Quasi

385 2891 480 2966 enim
498 2891 659 2967 officialis
676 2892 721 2966 ab
735 2893 906 2990 Episcopo
924 2889 1093 2978 mittitur,
1111 2894 1153 2961 ut
1166 2885 1372 2984 obsequium
1391 2885 1547 2984 praebeat
1562 2909 1616 2959 or·

386 3004 550 3080 dinando
575 3009 669 3080 Nam
696 3015 732 3080 et
756 3005 947 3103 imperator
966 3011 1008 3077 ιιι
1024 3001 1217 3099 imperator
1234 3009 1415 3100 appareat,
1431 2998 1617 3072 ordinatur

386 3117 552 3217 obsequio
565 3119 724 3210 militari,
742 3143 814 3194 non
830 3129 950 3194 tamen
965 3114 1102 3206 melior,
1119 3137 1185 3188 nec
1202 3137 1266 3214 par
1283 3121 1338 3188 est
1355 3111 1535 3187 exercitus
1551 3111 1618 3184 im·

387 3233 549 3329 peratori.
567 3235 660 3308 Nam
679 3242 715 3306 et
734 3238 851 3306 Amen
869 3256 955 3307 cum
973 3239 1068 3305 esset
1093 3227 1214 3303 clarus
1236 3225 1274 3299 in
1298 3225 1430 3300 honore
1455 3223 1617 3316 militari,

387 3367 457 3420 non
481 3345 765 3434 taruenmelior,
783 3369 851 3420 nec
871 3369 935 3442 par
952 3353 1007 3421 est
1031 3367 1053 3415 a
1079 3364 1165 3438 rege
1190 3339 1323 3414 missus
1348 3337 1558 3414 Mardocheo
1576 3337 1617 3411 in

388 3455 600 3555 obsequium
623 3457 702 3546 iret,
727 3465 769 3556 ut
781 3464 957 3554 quantum
984 3455 1119 3552 dignus
1137 3462 1232 3529 esset
1248 3451 1483 3528 Mardocheus
1499 3477 1544 3527 ex
1558 3450 1617 3526 his

387 3567 566 3667 obsequiis
583 3578 801 3657 nosceretur,
819 3569 919 3644 itaet
935 3567 1074 3644 diaconi
1092 3565 1257 3643 creandis
1270 3564 1490 3665 presbyteris
1507 3563 1545 3636 in
1559 3563 1617 3639 ob

387 3681 552 3779 sequium
567 3681 772 3769 mittuntur,
787 3691 829 3756 ut
845 3681 979 3778 dignus
996 3705 1054 3757 eos
1067 3679 1144 3757 fieri
1158 3679 1359 3756 sacerdotes
1372 3701 1494 3754 omnes
1508 3676 1615 3752 intel-

387 3793 562 3890 ligantur,
575 3795 732 3895 exceptis
743 3795 839 3872 enim
852 3793 1095 3872 sacerdotibus
1107 3793 1238 3892 quibus
1250 3790 1460 3889 obsequium
1474 3787 1616 3880 debent,

389 3906 555 3983 omnibus
572 3916 828 4006 praeponuntur
844 3907 994 3984 diaconi.

829 4073 1043 4168 ¹‘on

775 4231 812 4282 In
832 4229 972 4295 epistola
990 4229 1035 4282 ad
1052 4229 1226 4284 Valerium.

486 4347 676 4441 Nrchil'est
693 4364 732 4439 iu
748 4389 792 4441 ae
808 4365 885 4439 vita
902 4375 938 4440 et
955 4364 1109 4440 maxime
1131 4362 1199 4440 hoe
1215 4373 1376 4462 tempore
1396 4362 1556 4454 facilius,
1580 4371 1618 4439 et

390 4478 521 4567 latius,
537 4489 578 4552 et
598 4477 763 4554 omnibus
784 4476 1052 4576 acceptabilius,
1064 4477 1230 4575 episcopi,
1252 4486 1316 4551 out
1329 4475 1540 4576 presbyteri,
1552 4485 1618 4550 aut
