3638 5294
741 382 938 448 -455-

229 497 668 576 hominibuschristiesso
682 499 1451 596 cognoscitur.1tominlib.Vc0ntraDona·

229 614 344 689 tistas.
361 613 464 690 Sicut
475 614 553 690 ficti
566 614 743 690 veraciter
756 613 919 689 conversi
934 613 1169 712 recipiuntur,
1183 639 1249 690 nec
1262 625 1381 692 tamen
1396 641 1450 694 eo-

229 745 310 802 rum
328 724 503 824 baptisma
521 725 739 823 reprobatur,
752 725 807 800 sic
819 735 855 801 et
867 726 941 816 illa,
953 751 1033 824 quae
1045 727 1254 826 scysmatici
1269 729 1328 803 veI
1340 729 1451 822 haere7

228 841 292 916 tici
314 864 384 914 non
409 838 513 914 aliter
530 839 674 931 habent,
698 865 765 916 nec
787 839 895 914 aliter
912 851 1031 935 agunt
1047 864 1154 938 quam
1177 865 1269 922 vera
1286 841 1449 919 aecclesia

228 980 312 1030 cum
330 955 375 1028 ad
392 978 456 1029 vos
472 953 665 1028 inveniunt
685 977 755 1030 non
781 953 877 1030 enim
902 951 1029 1026 damus
1053 952 1115 1027 sed
1140 953 1258 1050 potius
1283 955 1450 1054 approba·

230 1093 321 1144 mus.
330 1071 420 1144 Item
434 1067 471 1141 in
485 1068 680 1144 eodem.lta
691 1091 779 1164 ergo
795 1091 841 1142 ne
858 1065 944 1140 foris
961 1065 1057 1142 sicut
1069 1089 1134 1142 noc
1147 1065 1247 1142 intus
1259 1068 1449 1166 quisquam

175 1187 176 1192 ’
230 1207 274 1257 ex
292 1190 391 1278 parte
407 1179 536 1255 diaboli
554 1189 609 1255 est
626 1189 741 1278 potest
758 1179 815 1256 val
832 1181 867 1253 in
887 1203 925 1276 se
943 1179 1001 1254 vel
1017 1179 1055 1252 in
1072 1203 1251 1277 quoquam
1269 1181 1450 1256 maculare

230 1303 493 1370 sacramentum
513 1293 605 1392 quod
622 1293 757 1370 Christi
776 1303 839 1370 est.
856 1291 953 1368 Idem
975 1293 1019 1367 ed
1036 1292 1254 1368 Donatistas.
1269 1296 1343 1368 Vos
1364 1317 1451 1390 ergo

231 1406 421 1483 mutamini
438 1417 539 1483 cx'ee
557 1414 657 1505 parte
670 1430 740 1504 qua
753 1405 1210 1504 dissentiebatisquamvis
1228 1415 1451 1482 sacramenta

229 1545 308 1620 quae
328 1519 477 1608 habetis,
494 1545 577 1595 cum
603 1518 724 1594 eadam
750 1519 823 1594 siut
848 1517 887 1592 in
911 1518 1088 1606 omnibus,
1105 1527 1230 1594 sancta
1254 1519 1339 1594 sint.
1356 1522 1449 1594 Nam

229 1643 453 1710 sacramenta
478 1657 558 1730 quae
582 1655 653 1706 non
678 1631 856 1718 mutastis,
881 1631 977 1706 sicut
1001 1631 1140 1708 habetis
1165 1631 1405 1730 approbantur
1429 1658 1451 1706 e

228 1746 330 1822 nobis
347 1745 499 1821 neforto
516 1771 599 1821 cum
617 1755 773 1820 vestram
791 1743 1005 1844 pravitatem
1023 1744 1202 1840 corrigere
1220 1743 1398 1834 volumus
1410 1743 1453 1818 il-

229 1861 274 1935 lis
299 1859 469 1934 misteriis
487 1858 622 1935 Christi
644 1883 723 1957 quae
748 1859 785 1932 in
812 1867 931 1932 restra
962 1856 1138 1954 pravitate
1163 1857 1355 1954 depravata
1380 1881 1451 1931 non

229 1973 554 2070 sunt‚·sacrilegam
581 1972 756 2048 faciemus
773 1969 953 2044 iniuriam.
971 1972 1095 2068 Neque
1111 1969 1207 2044 enim
1226 1969 1313 2042 Saul
1331 1970 1451 2068 depra-

229 2097 380 2163 vaverat
397 2085 603 2161 unctionem
621 2109 728 2183 quam
755 2093 952 2182 acceperat,
969 2083 1028 2159 cui
1055 2083 1214 2158 unctioni
1233 2093 1374 2157 tantum
1391 2083 1452 2157 ho·
1480 2086 1483 2092 '

229 2225 352 2276 norem
371 2225 433 2275 rex
449 2199 564 2272 David
582 2199 663 2297 pius
680 2197 745 2274 Dei
763 2223 891 2274 servus
916 2196 1088 2272 exhibuit.
1104 2197 1201 2272 Idem
1226 2196 1264 2269 in
1278 2220 1451 2272 sermono

230 2317 458 2389 Pentecostes
474 2311 581 2388 cuius
597 2312 742 2386 initium
760 2322 824 2387 est.
841 2315 990 2409 Propter
1005 2312 1209 2387 adventum.
1228 2315 1331 2386 Unus
1347 2311 1453 2386 homo

230 2425 369 2522 linguis
386 2425 546 2500 omnium
564 2426 726 2522 gentium
746 2424 965 2524 loquebatur.
983 2428 1075 2500 Ecce
1092 2423 1224 2498 etenim
1242 2435 1278 2500 et
1293 2424 1354 2500 hic
1372 2425 1452 2500 uni-

229 2553 285 2618 tas
301 2525 756 2642 acclesiaecommendatur
774 2563 835 2638 per
852 2548 967 2618 totum
985 2538 1104 2614 orbem
1125 2537 1265 2613 diffirse.
1279 2538 1349 2627 Qui
1366 2563 1453 2636 ergo

229 2655 336 2730 habet
346 2654 519 2752 Spiritum
535 2663 711 2743 sanctum,
725 2654 761 2728 in
780 2653 941 2728 aecclesia
955 2661 1009 2727 cst
1022 2675 1101 2750 quae
1117 2651 1275 2750 quuitur
1292 2652 1451 2727 omnium

230 2767 380 2865 linguis.
393 2768 621 2867 Quicumque
639 2777 766 2864 praeter
784 2767 878 2843 hanc
891 2767 1090 2844 aecclesiam
1107 2791 1176 2842 non
1189 2777 1332 2858 estnon
1345 2767 1453 2845 habet

231 2882 406 2981 Spiritum
429 2893 604 2958 sanctum.
621 2885 669 2958 Et
692 2882 797 2956 infra.
814 2881 999 2957 Attendite
1023 2905 1110 2978 ergo
1130 2882 1260 2957 fratres
1277 2881 1314 2956 in
1332 2891 1453 2959 vestro

232 3018 376 3094 corpora
393 3004 430 3070 et
445 2995 559 3070 dolete
577 3017 635 3069 eos
649 2994 766 3092 quide
783 2993 945 3070 ccclesia
963 2995 1267 3092 praeoiduntur.1n
1283 2996 1452 3072 membris

229 3109 361 3185 nostris
378 3108 536 3207 quandiu
553 3108 630 3180 vivi
656 3133 783 3181 sumus
804 3132 886 3190 cum
910 3108 990 3182 sani
1008 3133 1144 3198 sumus,
1162 3108 1312 3207 impleut
1333 3110 1451 3184 omnia

230 3222 391 3305 membra
409 3247 473 3296 sua
492 3223 615 3299 officia.
629 3221 667 3296 Si
684 3248 799 3296 unum
817 3223 1017 3300 membrum
1035 3224 1128 3300 dolet
1144 3224 1300 3316 aliunde,
1312 3249 1452 3324 compa·

230 3336 374 3412 tiuntur·
390 3334 508 3408 omnia
522 3335 692 3410 membra.
700 3339 897 3434 Tamquam
915 3339 954 3411 in
971 3361 1114 3434 corpore
1126 3337 1316 3428 estdolcre
1330 3349 1452 3437 potest.

230 3454 306 3525 Iam
324 3472 410 3524 vero
427 3448 456 3522 si
475 3448 674 3524 membrum
693 3448 907 3546 praecidatur
923 3450 966 3524 de
983 3473 1127 3549 corpore
1144 3451 1320 3550 numquid
1336 3453 1453 3550 sequi·

230 3572 293 3642 ‚tur
310 3561 455 3660 ipsum?
473 3563 520 3635 Et
536 3569 655 3636 tamen
675 3561 873 3636 membrum
900 3563 1121 3660 agnoscitur.
1139 3564 1233 3652 Quid
1258 3567 1341 3639 est?
1361 3566 1453 3663 digi-

231 3687 292 3752 tus
310 3686 374 3765 εει,
393 3698 522 3749 manus
538 3686 603 3764 est,
619 3675 806 3762 brachium
823 3690 890 3766 est,
902 3677 1001 3752 auris
1019 3687 1082 3753 ast.
1095 3680 1228 3753 Praeter
1245 3701 1375 3775 corpus
1391 3678 1453 3752 ha·

231 3791 290 3882 bet
308 3791 469 3879 formam,
485 3813 555 3864 non
573 3788 680 3868 habet
697 3791 820 3865 vitam.
838 3790 898 3868 Sic
911 3801 947 3866 et
962 3791 1066 3867 homo
1079 3791 1123 3866 ab
1136 3791 1297 3868 aecclesia
1314 3817 1454 3891 separa-

231 3902 449 3992 tusQuoeris
461 3903 505 3978 ab
518 3902 580 3978 illo
595 3909 884 3979 sacramentum?
897 3904 1198 3992 invenisQuaeris
1211 3903 1454 4005 baptismum?

232 4017 383 4093 invenis.
399 4018 538 4106 Quaeris
555 4017 786 4116 symbolum?
803 4017 954 4092 invenis.
968 4020 1096 4091 Forma
1109 4025 1173 4107 est,
1186 4016 1255 4090 nisi
1270 4017 1368 4092 intus
1385 4017 1455 4116 spi·

233 4132 325 4206 ritus
347 4141 546 4229 vegetetur,
570 4133 706 4206 frustra
732 4132 818 4206 foris
844 4131 886 4206 de
911 4131 1025 4206 forma
1049 4130 1236 4227 gloriatur.
1261 4131 1454 4234 Karissimi

232 4243 390 4319 multum
416 4242 529 4321 Deum
555 4245 780 4322 commendat
805 4245 992 4321 unitatem.
1008 4244 1104 4320 Idem
1123 4270 1230 4344 super
1250 4245 1455 4322 Iohannem.

234 4358 389 4456 Spiritus
414 4360 553 4458 estqui
583 4360 753 4436 vivificat.
780 4359 937 4458 Spiritus
954 4359 1048 4434 enim
1068 4359 1157 4436 facit
1174 4359 1259 4432 viva
1285 4359 1455 4451 membra,

232 4496 300 4550 nec
316 4471 402 4546 viva
420 4471 577 4550 membra
595 4471 751 4572 Spiritus
776 4471 864 4548 facit
880 4471 950 4546 nisi
968 4495 1048 4572 quae
1064 4471 1102 4546 in
1120 4493 1262 4572 corpora
1281 4472 1373 4572 quod
1394 4495 1455 4549 vc·
