3646 5292
740 404 937 468 -185—

230 536 265 604 et
281 527 419 626 plebem
436 527 503 603 sibi
521 528 746 604 commissam
764 526 978 617 custodiant,
994 536 1037 602 nt
1053 537 1136 604 ante
1148 527 1308 604 tribunal
1330 530 1456 604 aeterni

231 641 361 717 indicis
377 666 420 717 ex
432 641 597 716 omnibus
610 643 678 717 sibi
691 643 893 720 commissis
909 642 1085 717 rationem
1100 642 1260 732 reddant,
1273 652 1308 718 et
1320 666 1390 717 non
1404 643 1457 717 iu·

230 753 365 828 dicium
384 754 445 829 sed
461 753 617 851 gloriam
635 779 698 853 pro
717 756 792 830 suis
809 757 950 833 actibus
966 756 1131 856 accipiat.

750 984 934 1069 XXVIHI.

325 1203 440 1278 Gaius
455 1203 686 1280 dilectissimo
703 1204 807 1279 fratri
825 1203 938 1280 Felici
955 1204 1137 1304 Episcopo.
1162 1205 1341 1302 Regiones
1358 1205 1454 1282 sicut

231 1315 267 1388 in
284 1315 354 1391 hac
373 1315 459 1392 urbe
471 1317 636 1407 fecimus
649 1342 711 1416 per
725 1317 893 1416 singulas
905 1317 1013 1394 nrbes
1028 1344 1108 1418 qnae
1120 1318 1296 1419 populosa
1309 1318 1456 1410 fuerint,

230 1429 437 1505 diaconibus
453 1429 671 1506 dividantur.

783 1669 889 1751 XXX.

324 1877 499 1952 Silvester
511 1881 608 1975 Papa
620 1877 658 1950 in
672 1876 822 1952 concilio
836 1876 1070 1953 CCLXXVII
1084 1876 1337 1977 Episcoporum
1351 1879 1451 1954 dixit.

229 1991 423 2090 Presbyter
441 1991 642 2068 Cardinalis
659 1991 767 2067 Urbis
784 1995 904 2065 Romae
920 1991 990 2065 nisi
1010 1993 1046 2064 in
1065 1994 1199 2066 XLIIII
1213 1992 1365 2066 testibus
1382 2016 1454 2067 non

233 2106 469 2180 damnabitur.
496 2107 675 2182 Diaconos
700 2105 935 2182 Cardinarins
960 2104 1178 2180 constitutus
1203 2105 1311 2180 Urbis
1336 2109 1455 2181 Romae

231 2220 300 2294 nisi
319 2220 357 2293 in
375 2224 501 2295 XXVI
519 2244 588 2296 non
606 2219 934 2320 condempnabitur.
951 2218 1208 2310 subdiaconus,
1233 2219 1396 2310 acolitus,
1421 2246 1455 2296 e·

231 2334 398 2424 xorcista,
415 2334 538 2424 lector,
554 2335 732 2425 ostiarius
749 2335 820 2410 nisi
838 2333 934 2409 sicut
951 2333 1125 2430 scriptum
1143 2342 1197 2408 est
1215 2331 1253 2405 in
1270 2335 1341 2407 VII
1357 2333 1455 2408 testi·

229 2447 296 2522 hus
312 2473 383 2523 non
396 2449 723 2547 condempnabitur.
736 2453 859 2526 Testes
875 2455 996 2521 autem
1013 2454 1049 2520 et
1062 2455 1288 2521 accusatores
1300 2445 1378 2522 sine
1390 2447 1454 2521 ali-

232 2585 301 2659 qua
313 2561 387 2634 sint
400 2561 561 2652 infamia,
574 2585 702 2637 uxores
715 2571 751 2638 et
764 2562 855 2636 filios
864 2559 1047 2650 habentes
1061 2569 1098 2634 et
1111 2560 1254 2635 omnino
1268 2558 1454 2636 Christum

230 2673 472 2774 praedicantes.
497 2678 544 2750 Et
565 2675 752 2750 constitnit
768 2683 810 2749 nt
827 2675 967 2750 diaconi
984 2698 1053 2748 non
1071 2684 1190 2749 essent
1211 2673 1368 2772 amplius
1392 2697 1454 2772 per

230 2787 508 2885 parroechiarum
535 2813 686 2864 examen
711 2787 782 2863 nisi
808 2789 887 2879 duc,
912 2798 949 2864 et
973 2787 1111 2862 diaconi
1137 2787 1330 2863 cardinalis
1354 2787 1454 2862 urbis

231 2903 350 2977 Romae
367 2904 447 2976 VII.

784 3017 909 3101 XXXI.

472 3214 606 3268 Exinod.
628 3215 689 3278 (rte)
708 3213 739 3267 S.
760 3214 907 3268 silvestri
923 3217 1025 3281 Papae
1045 3224 1117 3279 cap.
1138 3214 1209 3265 1111.

326 3373 376 3444 Ut
397 3394 418 3442 a
443 3369 658 3443 subdiacono
675 3392 788 3466 usqne
813 3369 857 3443 ad
883 3369 1051 3444 lectorem
1076 3391 1198 3444 omnes
1223 3368 1357 3443 subditi
1382 3368 1455 3443 sint

232 3482 379 3557 diacono
397 3481 580 3556 Cardinali
598 3483 676 3556 viro
695 3483 991 3558 reverentissimo.
1012 3486 1055 3558 In
1078 3483 1239 3558 aecclesia
1265 3507 1457 3580 repraesen-

230 3604 348 3670 tantes
365 3595 532 3671 honorem
552 3605 704 3676 tantum.
730 3600 837 3671 Porro
856 3595 1021 3671 Pontifici
1040 3594 1243 3693 Presbyter,
1262 3595 1453 3685 Diaconus,

231 3707 477 3784 Subdiaconus
509 3708 672 3783 Acolitus
701 3709 886 3783 Exorcista
914 3708 1026 3785 lector
1056 3707 1156 3780 Abba
1186 3707 1384 3782 Monachus
1415 3707 1454 3781 in

231 3822 327 3897 omni
341 3821 417 3898 loco
430 3830 639 3922 praesentem
653 3821 873 3920 obsequium,
882 3822 959 3898 sive
971 3821 1008 3895 in
1023 3819 1164 3919 publico
1177 3819 1254 3895 sire
1266 3819 1303 3892 in
1317 3820 1455 3916 gremIo

231 3935 412 4012 aecclesiae.
1329 3967 1333 3974 ·

772 4049 919 4134 XXXII.

616 4247 666 4298 Ex
685 4246 788 4312 gestis
805 4247 937 4300 Damasi
956 4247 1068 4312 Papae.

328 4402 466 4478 Liberio
483 4401 714 4477 vehementer
732 4402 907 4476 Constans
919 4404 1115 4500 Imperator
1129 4400 1243 4476 iratus
1256 4409 1321 4490 est,
1334 4409 1371 4475 et
1383 4399 1455 4474 ius·

234 4517 284 4594 sit
300 4541 383 4594 eum
405 4526 505 4598 extra
532 4515 714 4596 civitatem
742 4515 912 4596 habitare.
938 4515 1130 4597 Habitabat
1153 4523 1272 4595 autem
1298 4513 1344 4591 ab
1368 4513 1456 4594 urbe
