<?xml version="1.0" encoding="UTF-8"?>
<!DOCTYPE html PUBLIC "-//W3C//DTD XHTML 1.0 Transitional//EN"
    "http://www.w3.org/TR/xhtml1/DTD/xhtml1-transitional.dtd">
<html xmlns="http://www.w3.org/1999/xhtml" xml:lang="en" lang="en">
 <head>
  <title>
</title>
<meta http-equiv="Content-Type" content="text/html;charset=utf-8" />
  <meta name='ocr-system' content='tesseract 3.04.00' />
  <meta name='ocr-capabilities' content='ocr_page ocr_carea ocr_par ocr_line ocrx_word'/>
</head>
<body>
  <div class='ocr_page' id='page_1' title='image "./deusdeditpresby00martgoog_0148.png"; bbox 0 0 3582 5288; ppageno 0'>
   <div class='ocr_carea' id='block_1_1' title="bbox 711 364 906 428">
    <p class='ocr_par' dir='ltr' id='par_1_1' title="bbox 711 364 906 428">
     <span class='ocr_line' id='line_1_1' title="bbox 711 364 906 428; baseline -0.005 -1"><span class='ocrx_word' id='word_1_1' title='bbox 711 364 906 428; x_wconf 81' lang='lat'>-123-</span> 
     </span>
    </p>
   </div>
   <div class='ocr_carea' id='block_1_2' title="bbox 723 627 880 711">
    <p class='ocr_par' dir='ltr' id='par_1_2' title="bbox 723 627 880 711">
     <span class='ocr_line' id='line_1_2' title="bbox 723 627 880 711; baseline -0.032 0"><span class='ocrx_word' id='word_1_2' title='bbox 723 627 880 711; x_wconf 81' lang='lat' dir='ltr'>CLXXX.</span> 
     </span>
    </p>
   </div>
   <div class='ocr_carea' id='block_1_3' title="bbox 195 845 1423 2538">
    <p class='ocr_par' dir='ltr' id='par_1_3' title="bbox 195 845 1423 2538">
     <span class='ocr_line' id='line_1_3' title="bbox 292 845 1419 945; baseline 0 -25"><span class='ocrx_word' id='word_1_3' title='bbox 292 846 501 922; x_wconf 83' lang='lat' dir='ltr'>Pestilentia</span> <span class='ocrx_word' id='word_1_4' title='bbox 519 870 626 944; x_wconf 90' lang='lat' dir='ltr'><strong>supra</strong></span> <span class='ocrx_word' id='word_1_5' title='bbox 644 845 788 921; x_wconf 89' lang='lat' dir='ltr'><strong>modum</strong></span> <span class='ocrx_word' id='word_1_6' title='bbox 813 845 984 936; x_wconf 72' lang='lat' dir='ltr'><strong>seviente,</strong></span> <span class='ocrx_word' id='word_1_7' title='bbox 1000 847 1085 945; x_wconf 93' lang='lat' dir='ltr'><strong>quia</strong></span> <span class='ocrx_word' id='word_1_8' title='bbox 1098 845 1250 922; x_wconf 90' lang='lat' dir='ltr'><strong>ecclesia</strong></span> <span class='ocrx_word' id='word_1_9' title='bbox 1263 845 1329 921; x_wconf 88' lang='lat' dir='ltr'><strong>Dei</strong></span> <span class='ocrx_word' id='word_1_10' title='bbox 1341 845 1419 921; x_wconf 89' lang='lat' dir='ltr'><strong>sine</strong></span> 
     </span>
     <span class='ocr_line' id='line_1_4' title="bbox 195 959 1419 1058; baseline -0.001 -24"><span class='ocrx_word' id='word_1_11' title='bbox 195 969 334 1035; x_wconf 88' lang='lat' dir='ltr'><strong>rectore</strong></span> <span class='ocrx_word' id='word_1_12' title='bbox 350 983 427 1034; x_wconf 90' lang='lat' dir='ltr'><strong>esse</strong></span> <span class='ocrx_word' id='word_1_13' title='bbox 444 981 513 1033; x_wconf 92' lang='lat' dir='ltr'><strong>nou</strong></span> <span class='ocrx_word' id='word_1_14' title='bbox 532 968 679 1058; x_wconf 89' lang='lat' dir='ltr'><strong>poterat.</strong></span> <span class='ocrx_word' id='word_1_15' title='bbox 705 959 921 1055; x_wconf 87' lang='lat' dir='ltr'><strong>Gregorium</strong></span> <span class='ocrx_word' id='word_1_16' title='bbox 942 959 1029 1035; x_wconf 87' lang='lat' dir='ltr'><strong>licet</strong></span> <span class='ocrx_word' id='word_1_17' title='bbox 1053 959 1137 1035; x_wconf 89' lang='lat' dir='ltr'><strong>totis</strong></span> <span class='ocrx_word' id='word_1_18' title='bbox 1161 959 1302 1034; x_wconf 91' lang='lat' dir='ltr'><strong>viribus</strong></span> <span class='ocrx_word' id='word_1_19' title='bbox 1327 959 1419 1034; x_wconf 90' lang='lat' dir='ltr'><strong>reni-</strong></span> 
     </span>
     <span class='ocr_line' id='line_1_5' title="bbox 196 1073 1420 1170; baseline -0.002 -23"><span class='ocrx_word' id='word_1_20' title='bbox 196 1081 335 1148; x_wconf 81' lang='lat' dir='ltr'><strong>tentem</strong></span> <span class='ocrx_word' id='word_1_21' title='bbox 354 1073 481 1148; x_wconf 84' lang='lat' dir='ltr'><strong>Clerus</strong></span> <span class='ocrx_word' id='word_1_22' title='bbox 499 1075 724 1170; x_wconf 71' lang='lat' dir='ltr'><strong>senatusque</strong></span> <span class='ocrx_word' id='word_1_23' title='bbox 749 1082 785 1147; x_wconf 86' lang='lat' dir='ltr'><strong>et</strong></span> <span class='ocrx_word' id='word_1_24' title='bbox 809 1073 960 1170; x_wconf 91' lang='lat' dir='ltr'><strong>populus</strong></span> <span class='ocrx_word' id='word_1_25' title='bbox 976 1075 1158 1148; x_wconf 85' lang='lat' dir='ltr'><strong>Romanus</strong></span> <span class='ocrx_word' id='word_1_26' title='bbox 1182 1073 1250 1146; x_wconf 88' lang='lat' dir='ltr'><strong>sibi</strong></span> <span class='ocrx_word' id='word_1_27' title='bbox 1275 1095 1420 1148; x_wconf 91' lang='lat' dir='ltr'><strong>concor·</strong></span> 
     </span>
     <span class='ocr_line' id='line_1_6' title="bbox 195 1185 1420 1286; baseline -0.001 -26"><span class='ocrx_word' id='word_1_28' title='bbox 195 1186 288 1262; x_wconf 90' lang='lat' dir='ltr'><strong>diter</strong></span> <span class='ocrx_word' id='word_1_29' title='bbox 305 1187 515 1262; x_wconf 85' lang='lat' dir='ltr'><strong>Pontificem</strong></span> <span class='ocrx_word' id='word_1_30' title='bbox 541 1185 765 1282; x_wconf 88' lang='lat' dir='ltr'><strong>delegerunt.</strong></span> <span class='ocrx_word' id='word_1_31' title='bbox 782 1189 896 1273; x_wconf 85' lang='lat' dir='ltr'><strong>Quem</strong></span> <span class='ocrx_word' id='word_1_32' title='bbox 922 1186 983 1262; x_wconf 93' lang='lat' dir='ltr'><strong>ille</strong></span> <span class='ocrx_word' id='word_1_33' title='bbox 1008 1187 1146 1286; x_wconf 81' lang='lat' dir='ltr'><strong>apicem</strong></span> <span class='ocrx_word' id='word_1_34' title='bbox 1171 1186 1256 1262; x_wconf 88' lang='lat' dir='ltr'><strong>totis</strong></span> <span class='ocrx_word' id='word_1_35' title='bbox 1280 1185 1420 1260; x_wconf 90' lang='lat' dir='ltr'><strong>viribus</strong></span> 
     </span>
     <span class='ocr_line' id='line_1_7' title="bbox 195 1299 1420 1397; baseline 0.001 -23"><span class='ocrx_word' id='word_1_36' title='bbox 195 1301 360 1376; x_wconf 84' lang='lat' dir='ltr'><strong>devitare</strong></span> <span class='ocrx_word' id='word_1_37' title='bbox 377 1301 583 1390; x_wconf 82' lang='lat' dir='ltr'><strong>decernens,</strong></span> <span class='ocrx_word' id='word_1_38' title='bbox 601 1324 678 1374; x_wconf 89' lang='lat' dir='ltr'><strong>sese</strong></span> <span class='ocrx_word' id='word_1_39' title='bbox 696 1300 888 1397; x_wconf 90' lang='lat' dir='ltr'><strong>iudignum</strong></span> <span class='ocrx_word' id='word_1_40' title='bbox 906 1300 971 1374; x_wconf 89' lang='lat' dir='ltr'><strong>tali</strong></span> <span class='ocrx_word' id='word_1_41' title='bbox 989 1300 1118 1376; x_wconf 87' lang='lat' dir='ltr'><strong>honore</strong></span> <span class='ocrx_word' id='word_1_42' title='bbox 1135 1299 1353 1376; x_wconf 87' lang='lat' dir='ltr'><strong>clamitabat.</strong></span> <span class='ocrx_word' id='word_1_43' title='bbox 1371 1307 1420 1375; x_wconf 88' lang='lat' dir='ltr'><strong>At</strong></span> 
     </span>
     <span class='ocr_line' id='line_1_8' title="bbox 196 1412 1420 1512; baseline 0.001 -24"><span class='ocrx_word' id='word_1_44' title='bbox 196 1415 259 1489; x_wconf 93' lang='lat' dir='ltr'><strong>ubi</strong></span> <span class='ocrx_word' id='word_1_45' title='bbox 276 1414 460 1490; x_wconf 89' lang='lat' dir='ltr'><strong>decretum</strong></span> <span class='ocrx_word' id='word_1_46' title='bbox 478 1412 729 1510; x_wconf 86' lang='lat' dir='ltr'><strong>generalitatis</strong></span> <span class='ocrx_word' id='word_1_47' title='bbox 745 1414 895 1490; x_wconf 85' lang='lat' dir='ltr'><strong>evadere</strong></span> <span class='ocrx_word' id='word_1_48' title='bbox 913 1414 1078 1512; x_wconf 89' lang='lat' dir='ltr'><strong>nequiret</strong></span> <span class='ocrx_word' id='word_1_49' title='bbox 1099 1436 1357 1488; x_wconf 86' lang='lat' dir='ltr'><strong>consensurum</strong></span> <span class='ocrx_word' id='word_1_50' title='bbox 1382 1437 1420 1489; x_wconf 88' lang='lat' dir='ltr'><strong>so</strong></span> 
     </span>
     <span class='ocr_line' id='line_1_9' title="bbox 195 1527 1419 1627; baseline -0.003 -23"><span class='ocrx_word' id='word_1_51' title='bbox 195 1529 340 1604; x_wconf 91' lang='lat' dir='ltr'><strong>tandem</strong></span> <span class='ocrx_word' id='word_1_52' title='bbox 369 1529 561 1626; x_wconf 89' lang='lat' dir='ltr'><strong>aliquando</strong></span> <span class='ocrx_word' id='word_1_53' title='bbox 590 1527 788 1619; x_wconf 86' lang='lat' dir='ltr'><strong>simulavit,</strong></span> <span class='ocrx_word' id='word_1_54' title='bbox 812 1537 849 1603; x_wconf 87' lang='lat' dir='ltr'><strong>et</strong></span> <span class='ocrx_word' id='word_1_55' title='bbox 873 1528 1084 1627; x_wconf 84' lang='lat' dir='ltr'><strong>Imperatori</strong></span> <span class='ocrx_word' id='word_1_56' title='bbox 1109 1527 1285 1602; x_wconf 86' lang='lat' dir='ltr'><strong>Mauricio</strong></span> <span class='ocrx_word' id='word_1_57' title='bbox 1314 1527 1419 1602; x_wconf 88' lang='lat' dir='ltr'><strong>cuius</strong></span> 
     </span>
     <span class='ocr_line' id='line_1_10' title="bbox 195 1642 1419 1741; baseline 0.001 -25"><span class='ocrx_word' id='word_1_58' title='bbox 195 1643 311 1716; x_wconf 92' lang='lat' dir='ltr'><strong>filium</strong></span> <span class='ocrx_word' id='word_1_59' title='bbox 328 1667 374 1718; x_wconf 80' lang='lat' dir='ltr'><strong>ex</strong></span> <span class='ocrx_word' id='word_1_60' title='bbox 388 1642 533 1718; x_wconf 84' lang='lat' dir='ltr'><strong>lavacro</strong></span> <span class='ocrx_word' id='word_1_61' title='bbox 549 1651 674 1716; x_wconf 86' lang='lat' dir='ltr'><strong>sancto</strong></span> <span class='ocrx_word' id='word_1_62' title='bbox 692 1653 899 1741; x_wconf 82' lang='lat' dir='ltr'><strong>susceperat</strong></span> <span class='ocrx_word' id='word_1_63' title='bbox 910 1643 1063 1718; x_wconf 86' lang='lat' dir='ltr'><strong>latenter</strong></span> <span class='ocrx_word' id='word_1_64' title='bbox 1077 1643 1200 1718; x_wconf 87' lang='lat' dir='ltr'><strong>literas</strong></span> <span class='ocrx_word' id='word_1_65' title='bbox 1213 1643 1419 1732; x_wconf 89' lang='lat' dir='ltr'><strong>destinarit,</strong></span> 
     </span>
     <span class='ocr_line' id='line_1_11' title="bbox 195 1755 1423 1855; baseline 0 -25"><span class='ocrx_word' id='word_1_66' title='bbox 195 1755 366 1832; x_wconf 88' lang='lat' dir='ltr'><strong>adiurans</strong></span> <span class='ocrx_word' id='word_1_67' title='bbox 382 1766 419 1831; x_wconf 90' lang='lat' dir='ltr'><strong>et</strong></span> <span class='ocrx_word' id='word_1_68' title='bbox 436 1755 551 1830; x_wconf 91' lang='lat' dir='ltr'><strong>multa</strong></span> <span class='ocrx_word' id='word_1_69' title='bbox 568 1779 673 1853; x_wconf 91' lang='lat' dir='ltr'><strong>prece</strong></span> <span class='ocrx_word' id='word_1_70' title='bbox 690 1756 883 1855; x_wconf 88' lang='lat' dir='ltr'><strong>deposcens</strong></span> <span class='ocrx_word' id='word_1_71' title='bbox 908 1781 953 1833; x_wconf 91' lang='lat' dir='ltr'><strong>ne</strong></span> <span class='ocrx_word' id='word_1_72' title='bbox 975 1781 1134 1855; x_wconf 90' lang='lat' dir='ltr'><strong>unquam</strong></span> <span class='ocrx_word' id='word_1_73' title='bbox 1160 1781 1347 1832; x_wconf 86' lang='lat' dir='ltr'><strong>assensum</strong></span> <span class='ocrx_word' id='word_1_74' title='bbox 1365 1779 1423 1854; x_wconf 84' lang='lat' dir='ltr'><strong>po</strong></span> 
     </span>
     <span class='ocr_line' id='line_1_12' title="bbox 196 1867 1420 1967; baseline -0.001 -24"><span class='ocrx_word' id='word_1_75' title='bbox 196 1868 293 1966; x_wconf 91' lang='lat' dir='ltr'><strong>pulis</strong></span> <span class='ocrx_word' id='word_1_76' title='bbox 310 1868 491 1967; x_wconf 75' lang='lat' dir='ltr'><strong>preberet,</strong></span> <span class='ocrx_word' id='word_1_77' title='bbox 508 1878 550 1942; x_wconf 90' lang='lat' dir='ltr'><strong>ut</strong></span> <span class='ocrx_word' id='word_1_78' title='bbox 574 1893 612 1944; x_wconf 90' lang='lat' dir='ltr'><strong>se</strong></span> <span class='ocrx_word' id='word_1_79' title='bbox 635 1868 745 1944; x_wconf 88' lang='lat' dir='ltr'><strong>huius</strong></span> <span class='ocrx_word' id='word_1_80' title='bbox 769 1869 913 1944; x_wconf 89' lang='lat' dir='ltr'><strong>honoris</strong></span> <span class='ocrx_word' id='word_1_81' title='bbox 938 1869 1054 1967; x_wconf 87' lang='lat' dir='ltr'><strong>gloria</strong></span> <span class='ocrx_word' id='word_1_82' title='bbox 1079 1867 1326 1944; x_wconf 87' lang='lat' dir='ltr'><strong>sublimarent.</strong></span> <span class='ocrx_word' id='word_1_83' title='bbox 1351 1867 1420 1942; x_wconf 89' lang='lat' dir='ltr'><strong>Sed</strong></span> 
     </span>
     <span class='ocr_line' id='line_1_13' title="bbox 195 1981 1421 2079; baseline 0.001 -24"><span class='ocrx_word' id='word_1_84' title='bbox 195 1983 393 2058; x_wconf 84' lang='lat' dir='ltr'><strong>Praeleotus</strong></span> <span class='ocrx_word' id='word_1_85' title='bbox 411 1981 519 2058; x_wconf 86' lang='lat' dir='ltr'><strong>Urbis</strong></span> <span class='ocrx_word' id='word_1_86' title='bbox 537 1983 741 2058; x_wconf 88' lang='lat' dir='ltr'><strong>Germanus</strong></span> <span class='ocrx_word' id='word_1_87' title='bbox 756 1983 901 2059; x_wconf 88' lang='lat' dir='ltr'><strong>nomine</strong></span> <span class='ocrx_word' id='word_1_88' title='bbox 917 1983 996 2058; x_wconf 89' lang='lat' dir='ltr'><strong>eius</strong></span> <span class='ocrx_word' id='word_1_89' title='bbox 1013 1981 1184 2057; x_wconf 92' lang='lat' dir='ltr'><strong>nuntium</strong></span> <span class='ocrx_word' id='word_1_90' title='bbox 1206 1981 1421 2079; x_wconf 82' lang='lat' dir='ltr'><strong>anticipavit</strong></span> 
     </span>
     <span class='ocr_line' id='line_1_14' title="bbox 195 2095 1422 2197; baseline -0.004 -23"><span class='ocrx_word' id='word_1_91' title='bbox 195 2095 564 2196; x_wconf 88' lang='lat' dir='ltr'><strong>comprehensumque</strong></span> <span class='ocrx_word' id='word_1_92' title='bbox 581 2121 625 2171; x_wconf 89' lang='lat' dir='ltr'><strong>ac</strong></span> <span class='ocrx_word' id='word_1_93' title='bbox 641 2096 796 2196; x_wconf 86' lang='lat' dir='ltr'><strong>diruptis</strong></span> <span class='ocrx_word' id='word_1_94' title='bbox 812 2099 983 2197; x_wconf 78' lang='lat' dir='ltr'><strong>epistulis,</strong></span> <span class='ocrx_word' id='word_1_95' title='bbox 1001 2121 1215 2173; x_wconf 89' lang='lat' dir='ltr'><strong>consensum</strong></span> <span class='ocrx_word' id='word_1_96' title='bbox 1232 2120 1339 2194; x_wconf 89' lang='lat' dir='ltr'><strong>quem</strong></span> <span class='ocrx_word' id='word_1_97' title='bbox 1364 2119 1422 2193; x_wconf 81' lang='lat' dir='ltr'><strong>po</strong></span> 
     </span>
     <span class='ocr_line' id='line_1_15' title="bbox 197 2209 1421 2310; baseline -0.002 -25"><span class='ocrx_word' id='word_1_98' title='bbox 197 2210 305 2308; x_wconf 92' lang='lat' dir='ltr'><strong>pulus</strong></span> <span class='ocrx_word' id='word_1_99' title='bbox 322 2209 457 2286; x_wconf 86' lang='lat' dir='ltr'><strong>fecerat</strong></span> <span class='ocrx_word' id='word_1_100' title='bbox 469 2212 679 2310; x_wconf 86' lang='lat' dir='ltr'><strong>Imperatori</strong></span> <span class='ocrx_word' id='word_1_101' title='bbox 692 2212 831 2288; x_wconf 86' lang='lat' dir='ltr'><strong>direxit.</strong></span> <span class='ocrx_word' id='word_1_102' title='bbox 846 2217 895 2286; x_wconf 90' lang='lat' dir='ltr'><strong>At</strong></span> <span class='ocrx_word' id='word_1_103' title='bbox 911 2211 973 2287; x_wconf 92' lang='lat' dir='ltr'><strong>ille</strong></span> <span class='ocrx_word' id='word_1_104' title='bbox 990 2211 1128 2308; x_wconf 82' lang='lat' dir='ltr'><strong>gratias</strong></span> <span class='ocrx_word' id='word_1_105' title='bbox 1140 2233 1254 2306; x_wconf 90' lang='lat' dir='ltr'><strong>agens</strong></span> <span class='ocrx_word' id='word_1_106' title='bbox 1271 2211 1345 2284; x_wconf 90' lang='lat' dir='ltr'><strong>Deo</strong></span> <span class='ocrx_word' id='word_1_107' title='bbox 1358 2232 1421 2306; x_wconf 93' lang='lat' dir='ltr'><strong>pro</strong></span> 
     </span>
     <span class='ocr_line' id='line_1_16' title="bbox 196 2322 1422 2423; baseline -0.001 -25"><span class='ocrx_word' id='word_1_108' title='bbox 196 2323 359 2398; x_wconf 86' lang='lat' dir='ltr'><strong>amicitia</strong></span> <span class='ocrx_word' id='word_1_109' title='bbox 372 2324 522 2400; x_wconf 88' lang='lat' dir='ltr'><strong>Diaconi</strong></span> <span class='ocrx_word' id='word_1_110' title='bbox 535 2348 576 2400; x_wconf 91' lang='lat' dir='ltr'><strong>eo</strong></span> <span class='ocrx_word' id='word_1_111' title='bbox 592 2325 685 2423; x_wconf 91' lang='lat' dir='ltr'><strong>quod</strong></span> <span class='ocrx_word' id='word_1_112' title='bbox 702 2325 820 2402; x_wconf 90' lang='lat' dir='ltr'><strong>locum</strong></span> <span class='ocrx_word' id='word_1_113' title='bbox 837 2325 1020 2402; x_wconf 84' lang='lat' dir='ltr'><strong>deferendi</strong></span> <span class='ocrx_word' id='word_1_114' title='bbox 1037 2325 1070 2401; x_wconf 86' lang='lat' dir='ltr'><strong>ei</strong></span> <span class='ocrx_word' id='word_1_115' title='bbox 1086 2322 1229 2399; x_wconf 85' lang='lat' dir='ltr'><strong>honoris</strong></span> <span class='ocrx_word' id='word_1_116' title='bbox 1245 2330 1287 2395; x_wconf 85' lang='lat' dir='ltr'><strong>ut</strong></span> <span class='ocrx_word' id='word_1_117' title='bbox 1303 2322 1422 2420; x_wconf 89' lang='lat' dir='ltr'><strong>cupie-</strong></span> 
     </span>
     <span class='ocr_line' id='line_1_17' title="bbox 198 2435 1350 2538; baseline 0 -28"><span class='ocrx_word' id='word_1_118' title='bbox 198 2447 256 2512; x_wconf 89' lang='lat' dir='ltr'><strong>rat</strong></span> <span class='ocrx_word' id='word_1_119' title='bbox 272 2437 496 2536; x_wconf 87' lang='lat' dir='ltr'><strong>repperisset,</strong></span> <span class='ocrx_word' id='word_1_120' title='bbox 512 2439 597 2514; x_wconf 90' lang='lat' dir='ltr'><strong>data</strong></span> <span class='ocrx_word' id='word_1_121' title='bbox 614 2439 849 2538; x_wconf 75' lang='lat' dir='ltr'><strong>preceptione</strong></span> <span class='ocrx_word' id='word_1_122' title='bbox 867 2439 985 2538; x_wconf 88' lang='lat' dir='ltr'><strong>ipsum</strong></span> <span class='ocrx_word' id='word_1_123' title='bbox 1003 2437 1159 2515; x_wconf 87' lang='lat' dir='ltr'><strong>ordinari</strong></span> <span class='ocrx_word' id='word_1_124' title='bbox 1172 2435 1350 2536; x_wconf 73' lang='lat' dir='ltr'><strong>precepit.</strong></span> 
     </span>
    </p>
   </div>
   <div class='ocr_carea' id='block_1_4' title="bbox 718 2651 899 2751">
    <p class='ocr_par' dir='ltr' id='par_1_4' title="bbox 718 2651 899 2751">
     <span class='ocr_line' id='line_1_18' title="bbox 718 2651 899 2751; baseline -0.006 0"><span class='ocrx_word' id='word_1_125' title='bbox 718 2651 899 2751; x_wconf 73' lang='lat' dir='ltr'>CLXXXI.</span> 
     </span>
    </p>
   </div>
   <div class='ocr_carea' id='block_1_5' title="bbox 197 2883 1428 4442">
    <p class='ocr_par' dir='ltr' id='par_1_5' title="bbox 197 2883 1428 4442">
     <span class='ocr_line' id='line_1_19' title="bbox 293 2883 1421 2986; baseline 0 -30"><span class='ocrx_word' id='word_1_126' title='bbox 293 2886 376 2958; x_wconf 83' lang='lat' dir='ltr'><strong>Mox</strong></span> <span class='ocrx_word' id='word_1_127' title='bbox 401 2893 442 2959; x_wconf 91' lang='lat' dir='ltr'><strong>ut</strong></span> <span class='ocrx_word' id='word_1_128' title='bbox 466 2883 664 2980; x_wconf 83' lang='lat' dir='ltr'><strong>Gregorius</strong></span> <span class='ocrx_word' id='word_1_129' title='bbox 689 2885 886 2985; x_wconf 89' lang='lat' dir='ltr'><strong>Episcopus</strong></span> <span class='ocrx_word' id='word_1_130' title='bbox 912 2885 1122 2986; x_wconf 83' lang='lat' dir='ltr'><strong>Apostolicae</strong></span> <span class='ocrx_word' id='word_1_131' title='bbox 1146 2885 1249 2960; x_wconf 87' lang='lat' dir='ltr'><strong>Sedis</strong></span> <span class='ocrx_word' id='word_1_132' title='bbox 1278 2884 1421 2975; x_wconf 90' lang='lat' dir='ltr'><strong>enituit,</strong></span> 
     </span>
     <span class='ocr_line' id='line_1_20' title="bbox 198 2996 1421 3100; baseline 0 -28"><span class='ocrx_word' id='word_1_133' title='bbox 198 2996 498 3096; x_wconf 88' lang='lat' dir='ltr'><strong>patriarchalibus</strong></span> <span class='ocrx_word' id='word_1_134' title='bbox 518 2997 661 3072; x_wconf 91' lang='lat' dir='ltr'><strong>sedibus</strong></span> <span class='ocrx_word' id='word_1_135' title='bbox 685 2999 895 3098; x_wconf 80' lang='lat' dir='ltr'><strong>synodicam</strong></span> <span class='ocrx_word' id='word_1_136' title='bbox 920 2999 1125 3088; x_wconf 89' lang='lat' dir='ltr'><strong>destinavit,</strong></span> <span class='ocrx_word' id='word_1_137' title='bbox 1142 3009 1178 3075; x_wconf 89' lang='lat' dir='ltr'><strong>et</strong></span> <span class='ocrx_word' id='word_1_138' title='bbox 1199 2999 1421 3100; x_wconf 89' lang='lat' dir='ltr'><strong>postmodum</strong></span> 
     </span>
     <span class='ocr_line' id='line_1_21' title="bbox 198 3109 1422 3190; baseline 0 -4"><span class='ocrx_word' id='word_1_139' title='bbox 198 3109 399 3186; x_wconf 88' lang='lat' dir='ltr'><strong>Secundino</strong></span> <span class='ocrx_word' id='word_1_140' title='bbox 415 3133 519 3186; x_wconf 91' lang='lat' dir='ltr'><strong>servo</strong></span> <span class='ocrx_word' id='word_1_141' title='bbox 536 3109 600 3186; x_wconf 82' lang='lat' dir='ltr'><strong>Ilei</strong></span> <span class='ocrx_word' id='word_1_142' title='bbox 618 3111 758 3188; x_wconf 89' lang='lat' dir='ltr'><strong>incluso</strong></span> <span class='ocrx_word' id='word_1_143' title='bbox 773 3114 868 3190; x_wconf 88' lang='lat' dir='ltr'><strong>inter</strong></span> <span class='ocrx_word' id='word_1_144' title='bbox 884 3122 1014 3189; x_wconf 85' lang='lat' dir='ltr'><strong>caetera</strong></span> <span class='ocrx_word' id='word_1_145' title='bbox 1030 3112 1155 3188; x_wconf 89' lang='lat' dir='ltr'><strong>scribit</strong></span> <span class='ocrx_word' id='word_1_146' title='bbox 1171 3111 1304 3188; x_wconf 90' lang='lat' dir='ltr'><strong>dioens.</strong></span> <span class='ocrx_word' id='word_1_147' title='bbox 1326 3111 1422 3186; x_wconf 88' lang='lat' dir='ltr'><strong>Hine</strong></span> 
     </span>
     <span class='ocr_line' id='line_1_22' title="bbox 198 3223 1424 3326; baseline 0.001 -28"><span class='ocrx_word' id='word_1_148' title='bbox 198 3233 251 3298; x_wconf 90' lang='lat' dir='ltr'><strong>est</strong></span> <span class='ocrx_word' id='word_1_149' title='bbox 267 3223 361 3321; x_wconf 92' lang='lat' dir='ltr'><strong>quod</strong></span> <span class='ocrx_word' id='word_1_150' title='bbox 378 3223 541 3322; x_wconf 87' lang='lat' dir='ltr'><strong>quotiens</strong></span> <span class='ocrx_word' id='word_1_151' title='bbox 553 3223 592 3296; x_wconf 91' lang='lat' dir='ltr'><strong>in</strong></span> <span class='ocrx_word' id='word_1_152' title='bbox 606 3233 760 3322; x_wconf 90' lang='lat' dir='ltr'><strong>quatuor</strong></span> <span class='ocrx_word' id='word_1_153' title='bbox 772 3227 962 3326; x_wconf 81' lang='lat' dir='ltr'><strong>praecipuis</strong></span> <span class='ocrx_word' id='word_1_154' title='bbox 975 3227 1118 3303; x_wconf 89' lang='lat' dir='ltr'><strong>sedibus</strong></span> <span class='ocrx_word' id='word_1_155' title='bbox 1134 3226 1317 3303; x_wconf 88' lang='lat' dir='ltr'><strong>antistites</strong></span> <span class='ocrx_word' id='word_1_156' title='bbox 1333 3225 1424 3301; x_wconf 90' lang='lat' dir='ltr'><strong>ordi-</strong></span> 
     </span>
     <span class='ocr_line' id='line_1_23' title="bbox 197 3336 1422 3439; baseline 0.002 -27"><span class='ocrx_word' id='word_1_157' title='bbox 197 3347 343 3426; x_wconf 89' lang='lat' dir='ltr'><strong>nantur,</strong></span> <span class='ocrx_word' id='word_1_158' title='bbox 360 3337 551 3436; x_wconf 79' lang='lat' dir='ltr'><strong>synodales</strong></span> <span class='ocrx_word' id='word_1_159' title='bbox 567 3336 635 3411; x_wconf 92' lang='lat' dir='ltr'><strong>sibi</strong></span> <span class='ocrx_word' id='word_1_160' title='bbox 653 3337 823 3436; x_wconf 88' lang='lat' dir='ltr'><strong>epistolas</strong></span> <span class='ocrx_word' id='word_1_161' title='bbox 837 3339 999 3416; x_wconf 88' lang='lat' dir='ltr'><strong>vicissim</strong></span> <span class='ocrx_word' id='word_1_162' title='bbox 1017 3340 1164 3416; x_wconf 87' lang='lat' dir='ltr'><strong>mittant</strong></span> <span class='ocrx_word' id='word_1_163' title='bbox 1180 3341 1219 3414; x_wconf 92' lang='lat' dir='ltr'><strong>in</strong></span> <span class='ocrx_word' id='word_1_164' title='bbox 1237 3339 1368 3439; x_wconf 79' lang='lat' dir='ltr'><strong>quibus</strong></span> <span class='ocrx_word' id='word_1_165' title='bbox 1385 3363 1422 3415; x_wconf 89' lang='lat' dir='ltr'><strong>se</strong></span> 
     </span>
     <span class='ocr_line' id='line_1_24' title="bbox 198 3450 1425 3554; baseline 0.002 -27"><span class='ocrx_word' id='word_1_166' title='bbox 198 3460 360 3527; x_wconf 89' lang='lat' dir='ltr'><strong>sanctam</strong></span> <span class='ocrx_word' id='word_1_167' title='bbox 379 3450 702 3526; x_wconf 72' lang='lat' dir='ltr'><strong>chalcedonensem</strong></span> <span class='ocrx_word' id='word_1_168' title='bbox 723 3455 903 3552; x_wconf 81' lang='lat' dir='ltr'><strong>synodum</strong></span> <span class='ocrx_word' id='word_1_169' title='bbox 921 3481 1006 3531; x_wconf 92' lang='lat' dir='ltr'><strong>cum</strong></span> <span class='ocrx_word' id='word_1_170' title='bbox 1021 3456 1103 3532; x_wconf 92' lang='lat' dir='ltr'><strong>aliis</strong></span> <span class='ocrx_word' id='word_1_171' title='bbox 1119 3455 1349 3553; x_wconf 83' lang='lat' dir='ltr'><strong>generalibus</strong></span> <span class='ocrx_word' id='word_1_172' title='bbox 1365 3480 1425 3554; x_wconf 91' lang='lat' dir='ltr'><strong>sy-</strong></span> 
     </span>
     <span class='ocr_line' id='line_1_25' title="bbox 199 3563 1425 3666; baseline -0.001 -25"><span class='ocrx_word' id='word_1_173' title='bbox 199 3567 300 3643; x_wconf 89' lang='lat' dir='ltr'><strong>nodis</strong></span> <span class='ocrx_word' id='word_1_174' title='bbox 316 3563 495 3640; x_wconf 87' lang='lat' dir='ltr'><strong>custodire</strong></span> <span class='ocrx_word' id='word_1_175' title='bbox 512 3565 702 3640; x_wconf 84' lang='lat' dir='ltr'><strong>fateantur.</strong></span> <span class='ocrx_word' id='word_1_176' title='bbox 720 3569 767 3641; x_wconf 88' lang='lat' dir='ltr'><strong>Et</strong></span> <span class='ocrx_word' id='word_1_177' title='bbox 784 3576 862 3664; x_wconf 88' lang='lat' dir='ltr'><strong>post</strong></span> <span class='ocrx_word' id='word_1_178' title='bbox 877 3592 1002 3666; x_wconf 89' lang='lat' dir='ltr'><strong>pauca.</strong></span> <span class='ocrx_word' id='word_1_179' title='bbox 1020 3571 1135 3656; x_wconf 86' lang='lat' dir='ltr'><strong>Quam</strong></span> <span class='ocrx_word' id='word_1_180' title='bbox 1153 3566 1322 3643; x_wconf 87' lang='lat' dir='ltr'><strong>uidelicet</strong></span> <span class='ocrx_word' id='word_1_181' title='bbox 1342 3589 1425 3642; x_wconf 93' lang='lat' dir='ltr'><strong>oon-</strong></span> 
     </span>
     <span class='ocr_line' id='line_1_26' title="bbox 200 3679 1423 3780; baseline -0.001 -23"><span class='ocrx_word' id='word_1_182' title='bbox 200 3679 427 3757; x_wconf 89' lang='lat' dir='ltr'><strong>suetudinem</strong></span> <span class='ocrx_word' id='word_1_183' title='bbox 444 3679 540 3754; x_wconf 91' lang='lat' dir='ltr'><strong>sicut</strong></span> <span class='ocrx_word' id='word_1_184' title='bbox 556 3679 668 3755; x_wconf 90' lang='lat' dir='ltr'><strong>nostri</strong></span> <span class='ocrx_word' id='word_1_185' title='bbox 683 3704 822 3779; x_wconf 90' lang='lat' dir='ltr'><strong>quoque</strong></span> <span class='ocrx_word' id='word_1_186' title='bbox 835 3682 897 3780; x_wconf 92' lang='lat' dir='ltr'><strong>qui</strong></span> <span class='ocrx_word' id='word_1_187' title='bbox 910 3692 994 3760; x_wconf 88' lang='lat' dir='ltr'><strong>ante</strong></span> <span class='ocrx_word' id='word_1_188' title='bbox 1006 3683 1193 3760; x_wconf 86' lang='lat' dir='ltr'><strong>biennium</strong></span> <span class='ocrx_word' id='word_1_189' title='bbox 1205 3683 1251 3758; x_wconf 92' lang='lat' dir='ltr'><strong>ab</strong></span> <span class='ocrx_word' id='word_1_190' title='bbox 1264 3681 1423 3757; x_wconf 88' lang='lat' dir='ltr'><strong>Adriano</strong></span> 
     </span>
     <span class='ocr_line' id='line_1_27' title="bbox 200 3793 1428 3897; baseline -0.003 -25"><span class='ocrx_word' id='word_1_191' title='bbox 200 3793 452 3872; x_wconf 87' lang='lat' dir='ltr'><strong>liberalissimo</strong></span> <span class='ocrx_word' id='word_1_192' title='bbox 468 3797 564 3894; x_wconf 91' lang='lat' dir='ltr'><strong>Papa</strong></span> <span class='ocrx_word' id='word_1_193' title='bbox 582 3794 620 3866; x_wconf 89' lang='lat' dir='ltr'><strong>in</strong></span> <span class='ocrx_word' id='word_1_194' title='bbox 638 3803 763 3869; x_wconf 88' lang='lat' dir='ltr'><strong>sancta</strong></span> <span class='ocrx_word' id='word_1_195' title='bbox 777 3797 879 3871; x_wconf 91' lang='lat' dir='ltr'>VIII&#39;</span> <span class='ocrx_word' id='word_1_196' title='bbox 896 3797 1031 3895; x_wconf 90' lang='lat' dir='ltr'><strong>synodo</strong></span> <span class='ocrx_word' id='word_1_197' title='bbox 1043 3797 1217 3897; x_wconf 82' lang='lat' dir='ltr'><strong>proeluere</strong></span> <span class='ocrx_word' id='word_1_198' title='bbox 1236 3804 1428 3886; x_wconf 89' lang='lat' dir='ltr'><strong>testantur,</strong></span> 
     </span>
     <span class='ocr_line' id='line_1_28' title="bbox 198 3907 1427 4009; baseline -0.003 -23"><span class='ocrx_word' id='word_1_199' title='bbox 198 3911 249 3988; x_wconf 91' lang='lat' dir='ltr'><strong>ita</strong></span> <span class='ocrx_word' id='word_1_200' title='bbox 265 3908 456 3985; x_wconf 90' lang='lat' dir='ltr'><strong>orientales</strong></span> <span class='ocrx_word' id='word_1_201' title='bbox 472 3908 651 4008; x_wconf 84' lang='lat' dir='ltr'><strong>praecipue</strong></span> <span class='ocrx_word' id='word_1_202' title='bbox 668 3909 828 3986; x_wconf 87' lang='lat' dir='ltr'><strong>retinent</strong></span> <span class='ocrx_word' id='word_1_203' title='bbox 845 3934 958 4009; x_wconf 90' lang='lat' dir='ltr'><strong>usque</strong></span> <span class='ocrx_word' id='word_1_204' title='bbox 975 3920 1127 3987; x_wconf 87' lang='lat' dir='ltr'><strong>actenus</strong></span> <span class='ocrx_word' id='word_1_205' title='bbox 1140 3909 1253 4000; x_wconf 91' lang='lat' dir='ltr'><strong>sedes,</strong></span> <span class='ocrx_word' id='word_1_206' title='bbox 1267 3908 1359 3985; x_wconf 88' lang='lat' dir='ltr'><strong>utin</strong></span> <span class='ocrx_word' id='word_1_207' title='bbox 1376 3907 1427 3983; x_wconf 95' lang='lat' dir='ltr'><strong>di-</strong></span> 
     </span>
     <span class='ocr_line' id='line_1_29' title="bbox 199 4016 1426 4126; baseline -0.004 -26"><span class='ocrx_word' id='word_1_208' title='bbox 199 4025 305 4126; x_wconf 90' lang='lat' dir='ltr'><strong>pticis</strong></span> <span class='ocrx_word' id='word_1_209' title='bbox 318 4016 394 4102; x_wconf 88' lang='lat' dir='ltr'><strong>suis</strong></span> <span class='ocrx_word' id='word_1_210' title='bbox 406 4021 544 4096; x_wconf 90' lang='lat' dir='ltr'><strong>nullius</strong></span> <span class='ocrx_word' id='word_1_211' title='bbox 557 4021 742 4098; x_wconf 90' lang='lat' dir='ltr'><strong>Pontifiois</strong></span> <span class='ocrx_word' id='word_1_212' title='bbox 752 4045 880 4099; x_wconf 92' lang='lat' dir='ltr'><strong>nomen</strong></span> <span class='ocrx_word' id='word_1_213' title='bbox 891 4024 1106 4116; x_wconf 87' lang='lat' dir='ltr'><strong>describant,</strong></span> <span class='ocrx_word' id='word_1_214' title='bbox 1118 4046 1303 4122; x_wconf 88' lang='lat' dir='ltr'><strong>quousque</strong></span> <span class='ocrx_word' id='word_1_215' title='bbox 1312 4020 1426 4123; x_wconf 89' lang='lat' dir='ltr'><strong>ipsius</strong></span> 
     </span>
     <span class='ocr_line' id='line_1_30' title="bbox 199 4133 1424 4237; baseline -0.005 -23"><span class='ocrx_word' id='word_1_216' title='bbox 199 4137 408 4237; x_wconf 89' lang='lat' dir='ltr'><strong>synodicam</strong></span> <span class='ocrx_word' id='word_1_217' title='bbox 425 4134 624 4236; x_wconf 90' lang='lat' dir='ltr'><strong>suscipiant</strong></span> <span class='ocrx_word' id='word_1_218' title='bbox 640 4145 676 4212; x_wconf 93' lang='lat' dir='ltr'><strong>et</strong></span> <span class='ocrx_word' id='word_1_219' title='bbox 700 4136 839 4212; x_wconf 90' lang='lat' dir='ltr'><strong>tamdiu</strong></span> <span class='ocrx_word' id='word_1_220' title='bbox 864 4135 1076 4216; x_wconf 87' lang='lat' dir='ltr'><strong>defunctum</strong></span> <span class='ocrx_word' id='word_1_221' title='bbox 1101 4135 1305 4237; x_wconf 87' lang='lat' dir='ltr'><strong>pontificem</strong></span> <span class='ocrx_word' id='word_1_222' title='bbox 1329 4133 1424 4210; x_wconf 90' lang='lat' dir='ltr'><strong>inter</strong></span> 
     </span>
     <span class='ocr_line' id='line_1_31' title="bbox 199 4245 1425 4349; baseline -0.003 -23"><span class='ocrx_word' id='word_1_223' title='bbox 199 4253 365 4328; x_wconf 82' lang='lat' dir='ltr'><strong>viventes</strong></span> <span class='ocrx_word' id='word_1_224' title='bbox 380 4259 630 4340; x_wconf 89' lang='lat' dir='ltr'><strong>annumerent,</strong></span> <span class='ocrx_word' id='word_1_225' title='bbox 646 4249 819 4349; x_wconf 91' lang='lat' dir='ltr'><strong>quamdiu</strong></span> <span class='ocrx_word' id='word_1_226' title='bbox 842 4273 1027 4327; x_wconf 88' lang='lat' dir='ltr'><strong>successor</strong></span> <span class='ocrx_word' id='word_1_227' title='bbox 1049 4249 1150 4344; x_wconf 80' lang='lat' dir='ltr'><strong>illius</strong></span> <span class='ocrx_word' id='word_1_228' title='bbox 1175 4272 1259 4324; x_wconf 87' lang='lat' dir='ltr'><strong>suas</strong></span> <span class='ocrx_word' id='word_1_229' title='bbox 1284 4245 1425 4323; x_wconf 88' lang='lat' dir='ltr'><strong>litteras</strong></span> 
     </span>
     <span class='ocr_line' id='line_1_32' title="bbox 200 4362 796 4442; baseline -0.01 0"><span class='ocrx_word' id='word_1_230' title='bbox 200 4363 381 4442; x_wconf 90' lang='lat' dir='ltr'><strong>studuerit</strong></span> <span class='ocrx_word' id='word_1_231' title='bbox 396 4362 585 4441; x_wconf 88' lang='lat' dir='ltr'><strong>destinare.</strong></span> <span class='ocrx_word' id='word_1_232' title='bbox 792 4367 796 4374; x_wconf 83' lang='lat'>&#39;</span> 
     </span>
    </p>
   </div>
   <div class='ocr_carea' id='block_1_6' title="bbox 0 0 1802 5288">
    <p class='ocr_par' dir='ltr' id='par_1_6' title="bbox 0 0 1802 5288">
     <span class='ocr_line' id='line_1_33' title="bbox 0 0 1802 5288; baseline 0 0"><span class='ocrx_word' id='word_1_233' title='bbox 0 0 1802 5288; x_wconf 95' lang='lat' dir='ltr'><strong> </strong></span> 
     </span>
    </p>
   </div>
  </div>
 </body>
</html>
