3582 5288
688 401 882 466 -171-

676 585 890 706 cornum

635 823 747 878 Eiuad.
768 837 841 894 cap.
861 826 932 878 vn.

269 992 494 1094 Preoipirnus
510 995 619 1071 etiam
637 1003 679 1072 ut
696 995 963 1096 depredationes
980 995 1018 1071 in
1031 995 1184 1073 confinio
1196 1005 1315 1072 nostro
1328 1021 1399 1073 non

175 1110 274 1198 fiant,
294 1118 331 1184 et
355 1132 434 1208 quae
458 1109 564 1186 factae
588 1118 685 1202 sunt,
702 1118 738 1188 et
754 1119 883 1187 ceterae
906 1111 1107 1204 iniustitia,
1132 1107 1330 1189 secundum
1352 1111 1399 1190 le·
1430 1129 1434 1136 '

175 1247 258 1322 gem
283 1223 329 1300 ab
344 1222 533 1324 utriusque
550 1225 711 1325 partibus
728 1225 972 1302 emendentur.

674 1417 903 1504 ooiiviffl.

631 1622 740 1677 Eiusd.
761 1633 834 1688 cap.
853 1625 941 1677 Vm.

270 1793 413 1870 Placuit
429 1793 536 1868 etiam
554 1794 656 1870 nobis
672 1805 714 1895 ut
731 1794 855 1871 cuncti
881 1796 989 1871 duces
1014 1803 1050 1871 et
1066 1794 1216 1884 iudices,
1237 1793 1314 1870 sive
1334 1794 1397 1868 alii

182 1905 242 2004 qni
260 1905 402 1982 cunctis
419 1931 570 2004 praeesse
587 1909 727 2000 debent,
741 1910 780 1986 in
793 1917 951 1983 nostram
965 1909 1179 2007 presentiam
1193 1909 1277 1982 dum
1292 1911 1401 1983 Rome

182 2045 307 2095 sumus
324 2021 552 2098 conveniant.
569 2021 747 2096 Volumus
760 2021 855 2096 enim
871 2033 906 2097 et
919 2046 1111 2096 numerum
1122 2031 1160 2097 et
1172 2020 1316 2095 nomina
1333 2021 1401 2097 sci-

180 2159 228 2225 re,
244 2143 281 2210 et
298 2133 457 2232 singulis
473 2134 516 2211 de
534 2134 733 2210 ministerio
749 2135 815 2210 sibi
835 2134 968 2212 credito
980 2133 1255 2216 admonitionem
1273 2135 1399 2210 facere.

751 2326 842 2413 cci.

623 2531 735 2587 Eiusd.
756 2543 828 2598 cap.
848 2532 952 2584 V1111.

271 2691 475 2769 Novissime
491 2693 719 2792 praecipimus
736 2702 773 2768 et
790 2717 985 2786 munemne,
1000 2703 1041 2770 ut
1057 2693 1173 2769 omnis
1188 2692 1292 2768 homo
1304 2693 1401 2769 sieut

181 2806 245 2882 Dei
262 2806 418 2902 gratiam
437 2817 473 2882 et
490 2815 647 2882 nostram
665 2806 795 2883 habere
812 2808 1000 2898 desiderat,
1013 2807 1064 2881 ita
1077 2813 1221 2905 praestet
1233 2805 1270 2878 in
1288 2805 1400 2880 omni-

179 2919 247 2995 bus
263 2919 499 2996 obedientiam
516 2928 553 2995 et
569 2920 808 2997 reverentiam
824 2923 982 2994 Romano
998 2918 1176 2995 Pontifici.

742 3123 850 3209 ccii.

295 3331 458 3401 Ex'gestis
471 3335 577 3390 sancti
585 3332 736 3390 Bonifatii
746 3336 898 3403 martyris
909 3335 1155 3402 Archiepiscopi
1166 3335 1282 3401 Legati

610 3437 768 3490 Romanae
786 3435 951 3489 Ecclesiae.

274 3609 408 3683 Sancta
423 3610 583 3683 Romana
599 3606 762 3684 Ecclesia
780 3614 816 3690 et
829 3603 1024 3682 reverenda
1037 3611 1074 3680 et
1085 3603 1238 3678 amanda
1251 3609 1316 3693 est,
1328 3623 1401 3677 non

180 3720 264 3821 quia
279 3723 389 3796 Roma
401 3721 551 3796 fundata
565 3731 620 3797 est
632 3745 740 3821 super
752 3745 898 3796 arenam
912 3743 975 3818 per
988 3717 1180 3794 Romulum
1193 3726 1230 3793 ct
1238 3720 1401 3806 Remum,

183 3837 331 3934 profane
345 3819 525 3911 sacerdote
539 3845 575 3911 et
587 3859 657 3935 quo
668 3835 829 3911 nescitur
845 3832 1022 3929 sacrilego
1038 3831 1160 3921 editos,
1173 3829 1233 3907 sed
1245 3830 1330 3931 quia
1341 3829 1402 3905 he·

180 3947 325 4024 difioata
342 3956 520 4046 estsuper
537 3948 724 4028 Christum
742 3971 804 4047 per
820 3951 970 4024 Petrum
987 3956 1023 4022 et
1040 3947 1206 4020 Paulum.
1221 3949 1298 4022 Nec
1316 3944 1401 4044 quia

181 4061 282 4136 illius
298 4063 455 4136 fraterno
472 4061 579 4159 primi
597 4061 812 4138 maduerunt
828 4060 1007 4158 sanguine
1021 4059 1127 4148 muri,
1140 4058 1202 4135 sed
1214 4057 1299 4157 quia
1311 4067 1402 4156 post·

182 4175 324 4251 modum
338 4174 497 4250 fraterno
509 4198 624 4272 agone
637 4175 785 4250 fuerunt
797 4174 987 4274 purificati,
995 4197 1104 4250 cruce
1116 4171 1285 4249 videlicet
1293 4172 1402 4263 Petri,

181 4301 218 4367 et
234 4289 413 4387 sanguine
430 4289 546 4382 Pauli,
563 4313 651 4390 quos
667 4289 791 4365 eadem
809 4287 897 4365 fides
914 4299 950 4365 et
965 4286 1115 4378 devotio,
1131 4309 1174 4362 ac
1187 4283 1297 4360 unius
1310 4285 1404 4360 eius·

181 4405 332 4502 demque
350 4403 406 4480 die
423 4402 541 4503 passio
556 4427 641 4479 vere
658 4421 851 4500 germanos
868 4411 905 4478 et
921 4425 983 4500 per
1007 4401 1127 4476 omnia
1144 4397 1335 4476 concordes
1358 4399 1405 4474 ad
1519 4407 1520 4410 ‘

184 4516 379 4594 Dominum
397 4516 575 4592 virtutum
594 4525 731 4619 partem
750 4515 1004 4607 subrexerunt,
1016 4539 1099 4590 oum
1113 4512 1252 4613 spurios
1263 4510 1343 4586 illos
1355 4511 1407 4587 di-
