3582 5288
331 841 448 916 lulius
462 835 728 918 uenerabilibus
740 838 1455 938 fratribusOrientalibusEpiscopis.Pri·

236 981 305 1030 mae
323 955 405 1030 Sedi
424 956 666 1030 vocandarum
688 957 914 1053 generalium
932 956 1136 1030 sinodorum
1161 955 1242 1027 iura
1266 963 1303 1028 et
1323 953 1455 1029 iudicia

233 1070 487 1168 Episcoporum
502 1070 681 1166 singulari
696 1071 888 1168 privilegio
900 1070 1104 1170 apostolicis
1117 1069 1339 1164 evangelicis
1348 1078 1455 1166 atque

232 1183 417 1258 canonicis
440 1205 607 1258 concessa
633 1193 719 1284 sunt
743 1184 932 1259 institutis.
949 1183 1126 1272 Quoniam
1150 1207 1288 1279 semper
1305 1183 1456 1256 maiores

233 1320 353 1370 carrsae
364 1296 409 1370 ad
421 1295 540 1371 sedern
552 1297 791 1393 Apostolicam
805 1297 930 1372 multis
943 1297 1217 1372 auctoritatibus
1230 1295 1356 1371 referri
1370 1319 1456 1394 prae·

234 1419 336 1507 cepte
353 1419 448 1483 sunt.
464 1413 540 1485 Nec
558 1409 632 1484 ullo
649 1411 749 1486 modo
766 1421 882 1510 potest
900 1412 1011 1486 maior
1024 1437 1045 1484 a
1059 1411 1187 1486 minori
1200 1409 1362 1486 iudicari.
1375 1414 1456 1509 Ipsa

234 1547 390 1621 namque
408 1522 574 1598 omnibus
591 1523 704 1598 maior
720 1533 757 1600 et
774 1526 920 1624 praelata
938 1536 992 1601 est
1009 1523 1183 1614 ecclesiis,
1207 1548 1287 1622 quae
1311 1547 1381 1598 non
1406 1545 1458 1598 so
1537 1566 1541 1574 ·

235 1638 415 1712 lummodo
437 1661 615 1712 canonum
641 1649 849 1715 sanctorum
874 1649 1015 1738 patrum
1042 1638 1204 1726 decretis
1229 1638 1290 1712 sed
1315 1635 1457 1712 Domini

235 1751 348 1826 nostri
366 1747 561 1827 Salvatoris
582 1777 668 1829 voce
694 1754 918 1850 singularem
945 1753 1101 1851 optinuit
1126 1750 1377 1849 principatum.
1403 1753 1457 1824 Tu

235 1891 274 1942 es
299 1865 466 1963 inquiens
494 1870 620 1941 Petrus
637 1876 674 1941 et
690 1867 838 1965 reliqua.
852 1871 899 1941 Et
920 1875 999 1966 post
1026 1890 1149 1964 pauca.
1169 1868 1301 1939 Sancta
1319 1872 1355 1938 et
1380 1863 1458 1936 uni-

235 1977 388 2055 versalis
405 1979 608 2079 Apostolica
625 1989 723 2055 tenet
740 1981 915 2070 Ecclesia,
932 2004 1003 2055 non
1029 1989 1144 2078 potest
1168 1988 1295 2078 prater
1319 1989 1460 2054 senten·

238 2093 327 2167 tiam
340 2092 490 2167 Romani
504 2093 689 2168 Pontificis
704 2095 856 2169 concilia
869 2095 1042 2171 celebrari
1056 2120 1122 2170 nec
1136 2094 1349 2192 Episcopum
1364 2095 1459 2167 dam·

240 2205 353 2304 pnari.
377 2206 552 2292 Quoniam
570 2216 695 2282 sancta
712 2211 871 2282 Romana
893 2208 1274 2306 Ecclesiaprimatum
1299 2206 1459 2282 omnium

238 2317 483 2394 Ecclesiarum
501 2321 627 2396 'sancti
652 2324 779 2396 Patres
803 2345 880 2395 esse
907 2323 1108 2398 voluerunt.
1134 2321 1231 2396 Idem
1261 2321 1299 2394 in
1328 2321 1460 2396 eadem.

237 2429 363 2508 Sancti
380 2435 505 2507 Patres
523 2433 744 2508 unanimiter
770 2435 807 2507 in
835 2436 1000 2532 praedicta
1029 2435 1167 2510 Nicena
1189 2442 1394 2509 statuerunt
1416 2433 1461 2506 si·

238 2549 328 2624 nodo
345 2557 386 2622 ut
404 2549 529 2622 nullus
546 2549 743 2648 Episcopus
760 2549 830 2624 nisi
847 2551 885 2623 in
903 2550 1065 2647 legitima
1091 2549 1212 2624 sinodo
1236 2559 1273 2623 et
1293 2571 1358 2622 suo
1375 2556 1462 2623 tem·

238 2688 321 2763 porc
339 2664 544 2762 Apostolica
564 2665 780 2741 auctoritate
806 2675 1001 2741 convocata
1027 2689 1134 2763 super
1158 2663 1370 2762 quibusdam
1395 2665 1463 2738 ori·

238 2778 495 2853 minationibus
513 2779 678 2876 pulsatus
695 2779 863 2854 audiatur
890 2777 949 2852 vel
974 2779 1198 2875 dampnetur.
1223 2775 1287 2848 Sin
1312 2776 1418 2850 aliter
1441 2802 1463 2849 a

237 2891 448 2989 quibusdam
460 2900 715 2990 praesumptum
730 2893 842 2968 fuerit
857 2893 1054 2967 invacuum
1068 2890 1265 2966 deducatur
1278 2891 1370 2987 quod
1382 2913 1464 2986 ege-

239 3005 323 3094 rint,
340 3029 408 3080 nec
434 3005 528 3079 inter
550 3005 795 3080 ecclesiastica
821 3006 895 3080 ullo
920 3005 1020 3079 modo
1045 3002 1278 3108 reputabitur.
1304 3003 1399 3077 Idem
1425 3003 1464 3077 in

238 3119 375 3194 eadem.
392 3118 431 3191 Si
448 3119 529 3216 quis
547 3118 592 3192 ab
609 3118 779 3194 hodierna
795 3120 852 3195 die
870 3129 906 3195 et
923 3119 1089 3215 deinceps
1107 3117 1322 3214 Episcopum
1336 3127 1464 3215 prater

239 3233 350 3306 huius
367 3241 502 3308 sanctae
522 3232 624 3306 Sedis
647 3234 860 3308 sententiam
887 3234 1056 3307 damnare
1081 3242 1144 3305 aut
1168 3231 1309 3328 propria
1334 3231 1465 3330 pellere

241 3348 322 3424 sede
340 3349 618 3446 praesumpserit,
635 3349 727 3424 sciat
745 3374 782 3423 se
805 3345 1131 3444 irrecuperabiliter
1155 3370 1231 3420 esse
1256 3346 1464 3420 damnatum

238 3471 275 3536 et
299 3461 441 3559 proprio
466 3486 588 3537 carere
609 3462 780 3560 perpetim
798 3461 938 3536 honore.
955 3465 1095 3558 Eosque
1120 3460 1181 3558 qui
1199 3460 1331 3557 absque
1355 3459 1464 3534 huius

239 3575 340 3650 Sedis
357 3576 535 3650 sententia
560 3585 646 3650 sunt
671 3575 776 3652 eiecti
797 3573 857 3651 vel
884 3576 1055 3664 damnati,
1079 3575 1188 3648 buius
1214 3573 1314 3648 Sedis
1332 3583 1465 3649 sanctae

238 3690 454 3765 auctoritate
471 3691 597 3767 scitote
613 3690 801 3788 pristinam
817 3691 975 3790 recipere
990 3689 1276 3766 communionem
1290 3688 1376 3762 etin
1390 3709 1467 3786 pro·

240 3804 327 3902 priis
353 3805 496 3880 restitui
526 3805 678 3880 sedibus
705 3805 881 3892 Quoniam
910 3813 946 3880 et
972 3803 1072 3902 prius
1098 3827 1119 3874 a
1144 3811 1300 3900 tempore
1325 3801 1467 3877 scilicet

240 3919 488 4017 Apostolorum
506 3920 582 3996 haec
599 3929 732 3995 sancta
749 3919 834 3995 huic
854 3919 937 3994 Sedi
956 3941 1128 4002 concessa·
1142 3928 1228 3990 sunt
1244 3924 1280 3991 et
1297 3938 1359 4013 pro
1372 3941 1414 3990 ea
1427 3915 1466 3990 in

239 4031 378 4106 Nicena
395 4031 517 4107 sinodo
534 4042 619 4106 sunt
636 4032 857 4107 concorditer
874 4033 919 4106 ab
936 4031 1104 4108 omnibus
1121 4029 1294 4104 roborata.
1312 4029 1410 4103 Idem
1427 4029 1465 4102 in
1514 4095 1522 4114 ,

239 4147 371 4221 eadem.
389 4147 492 4221 Hanc
510 4146 653 4244 culpam
674 4145 877 4221 nullomodo
903 4145 1108 4244 potuissetis
1132 4143 1301 4230 incidere,
1321 4142 1352 4215 si
1371 4143 1465 4217 unde

242 4258 545 4334 consecrationem
555 4259 699 4334 honoris
709 4259 883 4356 accipitis,
892 4260 974 4334 inde
983 4259 1102 4354 legem
1115 4257 1224 4332 totius
1233 4255 1468 4330 observantiae

242 4373 442 4461 sumeretis,
460 4382 495 4447 et
511 4373 606 4448 beati
626 4373 784 4472 Apostoli
802 4373 901 4449 Petri
914 4373 1016 4448 sedes
1029 4397 1108 4470 quae
1120 4369 1221 4444 vobis
1237 4369 1466 4445 sacerdotalis

243 4497 355 4562 mater
372 4496 427 4562 est
443 4487 642 4583 dignitatis
660 4497 752 4564 osset
769 4487 1022 4576 ecclesiasticae
1039 4485 1215 4581 magistra
1235 4483 1392 4558 rationis.
