3654 5302
880 375 1146 446 .-424-‚

400 496 610 586 aeclesiam,
623 519 730 594 quam
748 519 769 568 a
784 493 928 572 Christo
946 495 1115 570 tuendam
1133 494 1347 593 suscipiunt.
1359 497 1452 568 Nam
1470 493 1547 570 sivo
1558 519 1621 569 au·

401 618 533 705 geetur
560 633 639 705 pax,
658 617 694 683 at
720 607 910 706 disciplina
926 606 1098 682 acclesiae
1114 630 1175 704 per
1192 605 1313 680 fideles
1339 604 1527 702 principes,
1543 605 1620 680 sive

400 720 669 810 solvantur,ille
682 720 787 796 abeis
800 721 973 798 rationem
989 718 1191 822 exiget,qui
1204 742 1326 793 eorum
1337 717 1502 815 potestati
1516 742 1619 792 suam

400 833 599 911 aecclesiam
617 835 739 910 credit.
753 833 810 908 Ad
827 833 998 909 delictum
1013 832 1168 931 pertinet
1185 831 1400 931 principum,
1411 831 1474 928 qui
1492 855 1619 928 pravos

399 946 536 1022 iudices
561 955 685 1020 contra
709 945 933 1021 voluntatem
958 945 1024 1021 Dei
1050 943 1201 1044 propriis
1226 942 1390 1018 fidelibus
1414 943 1645 1040 preferant..

400 1059 494 1132 Nam
507 1055 603 1133 sicut
615 1055 735 1154 populi
748 1055 918 1133 delictum
933 1068 988 1132 est
1001 1058 1141 1156 quando
1158 1056 1339 1158 principes
1356 1057 1441 1130 mali
1458 1067 1554 1146 sunt,
1566 1058 1620 1134 sic

400 1169 573 1269 principis
590 1179 645 1245 est
661 1180 860 1268 peccatum,
873 1171 1014 1268 quando
1030 1170 1146 1269 iniqui
1164 1170 1301 1246 iudices
1317 1169 1487 1245 existunt.
1501 1173 1620 1244 Bonus

399 1285 508 1360 iudex
524 1284 619 1361 sicut
635 1309 761 1360 nocere
778 1285 918 1362 civibus
936 1286 1060 1374 nescit,
1078 1286 1129 1359 ita
1146 1284 1309 1382 prodesse
1327 1283 1495 1358 omnibns
1511 1283 1620 1358 novit

402 1398 500 1474 Idem
514 1398 553 1471 in
566 1399 697 1488 eodem,
710 1399 826 1498 capite
838 1402 992 1474 XLVIII
1005 1413 1042 1476 et
1053 1402 1234 1479 XLVIIII.
1246 1398 1432 1496 Principes
1447 1422 1621 1497 regesque

402 1510 505 1587 electi
532 1519 629 1600 sunt,
645 1521 687 1585 ut
710 1521 843 1586 terrore
864 1536 928 1586 suo
944 1512 1090 1612 populos
1116 1537 1137 1584 a
1163 1512 1256 1586 malo
1282 1521 1499 1601 coercerent,
1515 1521 1622 1610 atque

402 1624 448 1698 ad
458 1633 554 1699 recte
565 1623 761 1699 vivendum
772 1625 915 1721 legibus
927 1626 1127 1702 subderent.
1135 1627 1397 1702 Potestusbone
1410 1635 1475 1716 est,
1484 1627 1623 1724 quando

403 1735 555 1810 Domino
570 1735 723 1812 donante
747 1745 813 1824 est,
831 1747 871 1812 nt
896 1738 1031 1813 malum
1058 1748 1154 1815 terre
1178 1748 1349 1828 coerceat,
1367 1761 1436 1813 non
1462 1749 1504 1812 nt
1525 1763 1624 1816 mare

402 1850 539 1924 malum
556 1850 764 1926 committat.
782 1851 906 1926 Nichil
927 1862 1047 1928 autem
1074 1854 1187 1950 peius,
1204 1877 1311 1951 qnam
1337 1877 1399 1950 per
1415 1861 1624 1951 potestatem

402 1962 572 2062 peccandi
589 1963 790 2047 libertatem
807 1964 945 2041 habere.
962 1965 1155 2066 Nichilquo
1180 1967 1363 2042 infelicius
1383 1965 1476 2040 male
1492 1965 1622 2061 agendi

402 2076 585 2154 felicitate.
603 2075 672 2165 Qui
690 2077 786 2152 intre
803 2078 978 2154 saeculum
996 2079 1086 2154 bene
1104 2079 1349 2178 temporaliter
1365 2079 1528 2175 imperat,
1544 2077 1621 2152 sino

403 2193 474 2266 fine
490 2189 529 2264 in
546 2198 758 2289 perpetuum
785 2201 926 2287 regnet,
943 2201 978 2268 et
1004 2194 1046 2270 de
1063 2194 1179 2290 gloria
1197 2193 1323 2269 saeculi
1338 2192 1449 2266 huius
1465 2192 1510 2266 ed
1526 2200 1624 2267 aeter-

402 2329 487 2378 nam
503 2303 744 2400 transmigrat
768 2304 932 2400 gloriam.
951 2307 1020 2393 Qui
1046 2330 1131 2382 vero
1148 2331 1258 2404 prave
1275 2328 1429 2402 regnum
1446 2313 1621 2394 exercent,

402 2427 481 2515 post
505 2425 642 2492 vestem
671 2417 884 2512 fulgentem,
901 2418 1067 2515 fulgente
1093 2428 1129 2494 et
1158 2418 1295 2493 lumina
1318 2417 1520 2515 lapillorum
1538 2417 1623 2491 nudi

348 2604 351 2610 .
403 2540 439 2605 et
453 2528 574 2604 miseri
588 2529 631 2604 ad
645 2530 786 2606 inferna
800 2532 990 2629 torquendi
1003 2533 1234 2610 descendunt.
1244 2535 1506 2630 Regesarecte
1518 2554 1625 2627 agen·

403 2643 445 2715 do
463 2641 644 2716 dicuntur.
657 2647 704 2717 Et
722 2643 798 2718 ideo
816 2652 912 2719 recte
930 2644 1097 2722 faciendo
1117 2646 1216 2742 regis
1233 2668 1360 2720 nomen
1379 2655 1533 2734 tenetur,
1549 2667 1626 2741 pec·

403 2755 515 2832 cando
524 2755 714 2832 amittitur.
724 2761 841 2854 Reges
851 2759 992 2856 quando
1001 2759 1422 2848 bonisunt,munerisest
1432 2757 1623 2854 Dei,quan·

402 2871 446 2946 do
463 2893 548 2944 vero
565 2869 649 2943 mali
667 2871 812 2947 sceleris
829 2883 883 2947 est
909 2873 1039 2971 populi.
1058 2871 1218 2946 Membra
1237 2871 1373 2947 Christi
1400 2869 1523 2946 fideles
1539 2881 1623 2946 sunt

403 2983 605 3082 populi,qui
618 2984 704 3058 dum
718 3009 796 3059 eam
807 2995 1015 3084 potestatem
1026 2982 1469 3084 quamaccipiu'ntoptime
1480 2993 1623 3078 regunt,

403 3097 533 3172 bonam
551 3096 676 3195 utique
694 3097 946 3174 vissitndinem
965 3102 1038 3173 Deo
1058 3098 1223 3196 largitori
1237 3097 1444 3174 restituunt.
1458 3101 1504 3170 Et
1517 3097 1620 3171 infra

403 3209 495 3305 Regi
512 3209 704 3285 ascribitur
721 3211 892 3309 quicquid
905 3223 959 3287 est
972 3212 1050 3288 eius
1064 3212 1222 3310 exemplo
1238 3237 1259 3286 a
1278 3211 1431 3286 subditis
1447 3221 1626 3310 perpetra-

404 3332 492 3398 tum.
510 3323 624 3398 Cuius
649 3334 836 3422 peccatum
863 3324 1026 3423 quisquis
1051 3325 1224 3424 sequitur,
1241 3348 1385 3400 necesse
1409 3333 1463 3399 est
1488 3333 1530 3397 ut
1546 3323 1624 3400 eius

404 3461 531 3536 penam
548 3446 729 3535 sequatur.
743 3439 867 3536 Neque
884 3439 980 3514 enim
998 3438 1067 3513 erit
1084 3437 1200 3536 impar
1219 3435 1434 3536 supplicium
1453 3436 1559 3511 cuius
1571 3461 1624 3512 er·

408 3550 478 3624 rori
495 3551 646 3648 quisque
667 3575 731 3648 par
755 3559 810 3625 est
835 3576 878 3627 ac
906 3551 1004 3640 vitio,
1022 3550 1201 3650 principes
1226 3548 1373 3624 vinculo
1389 3537 1559 3646 equitatis
1575 3559 1625 3624 te-
1807 3627 1808 3648 ,

405 3675 537 3741 nentur
553 3665 705 3755 astricti,
718 3674 760 3740 ut
777 3665 880 3741 fidem
895 3665 1032 3742 Christi
1049 3665 1126 3739 suis
1143 3663 1286 3761 legibus
1303 3664 1508 3764 praedicent,
1520 3674 1557 3739 et
1573 3665 1622 3764 ip·

404 3803 479 3855 sem
499 3779 580 3856 fidei
598 3777 884 3878 pradicationem
904 3778 1062 3855 moribus
1078 3779 1179 3854 bonis
1197 3790 1419 3856 conservent.
1807 3809 1808 3814 ¹

803 4044 807 4050 ¹
939 3945 1081 4030 Gllllll.

500 4119 689 4194 Hormisda
703 4118 846 4194 natione
856 4118 1061 4219 Campanus
1074 4144 1118 4195 ex
1130 4120 1323 4195 constituto
1336 4119 1464 4218 synodi
1475 4119 1621 4194 misitin

402 4230 1621 4332 Graeciam,humonitetemostendensSedisApostolicaequamGroeci

404 4345 552 4442 obligati
567 4355 670 4420 erant
682 4345 828 4420 vinculo
841 4345 1079 4432 anathematis
1091 4372 1111 4420 a
1122 4347 1291 4421 Romanis
1300 4345 1534 4421 Pontificibus
1548 4368 1623 4442 pro·

406 4467 482 4558 pter
501 4461 646 4534 Petrum
667 4459 951 4538 Alexandrinum
970 4458 1182 4560 Episcopum
1203 4458 1505 4535 Euthicianistam
1524 4467 1560 4534 et
1578 4465 1623 4533 A·
