3638 5294
734 391 931 455 -497-

501 603 562 653 ‚Ex
581 604 715 656 coneilio
735 600 883 658 Africano
903 618 975 672 cap.
995 606 1153 660 LXVIIII.

316 753 460 830 Placuit
476 765 518 830 ut
535 757 735 831 seeundum
753 757 1002 854 evangelicam
1027 769 1063 833 et
1086 761 1315 858 apostolicam
1340 761 1444 837 disci·

221 869 366 968 phuam,
383 895 497 968 neque
515 871 684 945 dimissus
708 872 752 944 ab
778 894 896 960 uxore,
915 897 1029 970 neque
1046 874 1192 948 dimissa
1208 901 1230 948 a
1248 875 1377 964 marito
1393 875 1442 950 al·

221 984 288 1058 teri
314 985 526 1080 iungantur,
551 987 612 1059 sed
636 985 686 1058 ita
709 995 878 1060 maneant
901 997 965 1059 aut
989 986 1133 1062 sibimet
1154 989 1441 1063 reconcilientur.

222 1099 322 1184 Quod
347 1099 377 1171 si
408 1099 687 1196 contempserint
711 1099 756 1172 ad
780 1099 1022 1198 paenitentiam
1055 1101 1276 1196 redigantur.
1304 1104 1346 1176 In
1372 1127 1442 1198 qua

222 1235 332 1285 causa
350 1210 468 1306 legem
487 1210 708 1308 imperialem
728 1212 913 1308 petendam
932 1212 1219 1310 promulgarunt.

357 1400 403 1451 De
424 1397 585 1450 adulterio
606 1411 646 1450 ex
666 1401 725 1450 VII
743 1399 836 1451 libris
854 1397 1029 1463 Augustini
1047 1399 1092 1451 ad
1110 1401 1321 1454 Pollentiam..

198 1545 207 1554 “
317 1555 397 1626 Non
407 1562 462 1626 est
471 1551 614 1649 aliquod
627 1564 830 1627 exortemur
842 1575 911 1640 eos,
920 1553 981 1648 qui
993 1553 1216 1628 reconciliari
1228 1554 1444 1650 coniugibus

221 1663 393 1737 adulteris
411 1665 598 1760 penitendo
620 1665 690 1738 nisi
707 1666 752 1739 ad
777 1667 1042 1740 custodiendam
1068 1668 1336 1742 continentiam.
1354 1671 1445 1755 Quo·

222 1777 318 1850 uiam
332 1777 463 1851 mulier
480 1777 632 1873 alligata
650 1788 704 1853 est
722 1777 880 1875 quandiu
895 1778 971 1852 sive
988 1779 1149 1869 mechus,
1161 1779 1238 1854 sive
1251 1789 1373 1857 castus
1386 1780 1443 1852 vir

220 1889 298 1962 eius
315 1889 416 1964 vivit.
433 1889 621 1964 Mechatur
646 1890 676 1964 si
695 1890 798 1964 alteri
825 1893 996 1988 nupserit.
1022 1895 1068 1964 Et
1094 1892 1150 1964 vir
1175 1892 1351 1987 alligatus
1375 1906 1440 1983 est,

220 2003 425 2098 quamdium
444 2003 520 2076 sive
541 2002 677 2090 mecha,
695 2003 772 2077 sive
789 2013 888 2078 easta
906 2030 994 2078 uxor
1019 2007 1097 2079 eius
1124 2005 1227 2079 vivit.
1253 2007 1443 2082 Meohatur

222 2125 340 2188 autem
355 2114 386 2186 si
396 2113 544 2188 alteram
559 2114 710 2203 duxerit,
723 2114 799 2189 haec
814 2141 968 2214 namque
982 2117 1145 2213 alligatio
1158 2119 1443 2216 quandoquidem

221 2250 291 2301 non
316 2226 478 2316 solvitur,
497 2228 603 2301 etiam
622 2227 731 2325 siper
749 2231 933 2326 repudium
953 2231 1108 2306 coniunx
1128 2256 1148 2303 a
1175 2241 1273 2308 casto
1290 2232 1444 2328 coniuge
1508 2249 1510 2252 ’

222 2352 413 2438 separetur.
432 2341 546 2415 Multo
565 2342 685 2416 minus
701 2343 864 2430 solvitur,
878 2342 909 2415 si
924 2367 994 2418 non
1012 2353 1175 2441 separata
1193 2344 1389 2432 monheim,
1401 2370 1445 2420 ac

222 2477 284 2550 per
304 2453 370 2527 hoo
391 2477 460 2526 non
483 2478 562 2527 eam
579 2453 687 2528 solvit
704 2455 773 2528 nisi
792 2480 886 2530 mors
903 2457 1071 2552 coniugis
1085 2480 1154 2531 non
1170 2457 1207 2530 in
1227 2457 1445 2532 adulterium

222 2565 402 2641 ooruentis
411 2567 471 2640 sed
480 2567 523 2640 de
533 2577 693 2663 correpto
705 2570 878 2642 exeuntis.
892 2573 1113 2668 Quapropter
1125 2570 1156 2642 si
1171 2571 1356 2645 recesserit
1370 2596 1447 2644 mu·

221 2679 289 2753 lier
301 2679 345 2752 ab
358 2679 528 2769 adultero,
541 2690 577 2754 et
594 2681 627 2754 ei
642 2681 862 2755 reconciliari
877 2705 947 2754 uon
961 2683 1053 2772 vult,
1068 2691 1210 2756 maneat
1223 2682 1385 2780 innupta.
1399 2687 1446 2758 Et

222 2793 252 2866 si
270 2793 448 2866 dimiserit
460 2792 517 2866 vir
530 2793 728 2868 adulteram
749 2794 946 2881 mulierem,
964 2803 1000 2867 et
1013 2819 1091 2868 eam
1107 2817 1179 2868 non
1193 2794 1274 2868 vult
1288 2795 1445 2892 recipere
1504 2803 1509 2811 '

222 2930 289 2980 nec
307 2916 384 3002 post
397 2907 641 3002 penitentiam,
655 2908 831 2982 custodiat
848 2906 1118 2980 continentiam.
1133 2911 1178 2980 Et
1195 2907 1309 2982 sinon
1326 2933 1370 2982 ex
1386 2931 1445 2982 vo·

223 3019 360 3092 luntate
374 3018 531 3112 eligendi
545 3019 689 3117 potioris
705 3019 798 3110 boni,
815 3029 911 3094 certe
928 3043 972 3092 ex
987 3019 1201 3095 necessitate
1214 3019 1351 3093 vitandi
1370 3043 1446 3116 per·

224 3129 351 3205 niciosi
371 3130 466 3202 mali.

558 3299 606 3348 Ex
625 3299 758 3351 eoncilia
777 3301 948 3352 Neoeesar.
969 3311 1042 3365 cap.
1063 3302 1104 3351 11.

320 3447 451 3525 Mulier
468 3449 499 3523 si
516 3450 585 3524 duo
598 3439 770 3524 fratribus
788 3453 949 3550 nupserit
965 3453 1136 3549 usquead
1150 3461 1299 3527 mortem
1317 3453 1446 3530 abicie-
1527 3541 1530 3548 .

225 3573 294 3638 tur.
304 3566 562 3638 Verumtamen
577 3564 612 3636 in
630 3565 731 3638 exitu
745 3575 886 3661 propter
900 3565 1190 3654 misericordiam,
1204 3566 1234 3639 si
1244 3567 1446 3663 promiserit

225 3677 317 3773 qnod
342 3675 436 3751 facta
454 3676 645 3751 incolumis
669 3676 778 3751 huius
804 3677 1065 3752 coniunctionis
1090 3679 1239 3753 vincula
1264 3679 1446 3770 dissolvat,

220 3788 385 3882 'fructum
402 3789 618 3885 penitentiae
635 3800 884 3887 consequatur,
897 3800 933 3864 et
950 3791 1154 3864 communio
1170 3792 1204 3866 ei
1220 3793 1446 3870 concedatur.

226 3902 327 3988 Quod
344 3901 376 3975 si
393 3901 564 3976 defecerit
584 3902 642 3975 vir
668 3914 732 3977 aut
758 3902 897 3992 mulier,
914 3903 951 3976 in
973 3901 1106 3978 talibus
1124 3903 1271 4000 nuptiis,
1288 3904 1447 3978 difficilis

226 4013 296 4088 erit
312 4015 508 4112 penitentia
526 4015 563 4088 in
581 4015 658 4090 vita
675 4016 908 4114 permanenti.

544 4202 592 4252 Ex
612 4201 749 4254 coneilio
770 4201 1121 4268 Anclranooap.xv1.

322 4357 373 4429 De
392 4351 448 4426 his
465 4355 525 4451 qui
544 4353 836 4440 irrationabiliter
853 4356 988 4429 versati
1006 4365 1092 4430 sunt
1109 4356 1187 4432 sive
1201 4366 1449 4446 versantur,et

226 4467 389 4562 quicum
407 4466 592 4564 pecoribus
608 4476 644 4541 et
662 4466 832 4542 masculis
856 4491 894 4541 se
920 4467 1258 4566 coinquinaverunt,
1276 4480 1448 4568 quotquot

1250 4583 1284 4637 aa
