3642 5294
728 391 901 456 ..57-

206 537 274 588 uec
299 512 818 590 consentientes'Patriarchos
848 513 1005 588 Orientis
1031 513 1260 587 Alexandriae
1287 514 1427 590 scilicet

205 652 248 702 ac
266 627 476 716 Antiochia,
493 641 529 704 et
544 637 678 703 sanctae
691 627 862 715 civitatis,
875 625 934 702 vel
947 624 1210 701 comministros
1222 637 1257 701 et
1269 652 1427 702 summos

204 743 404 818 sacerdotes
421 743 483 842 qui
500 761 585 819 cum
598 743 686 841 ipsis
698 741 871 817 existunt.
885 745 980 816 Vere
992 741 1114 814 fumus
1128 742 1286 838 caligine
1299 743 1426 840 plenus

205 854 440 932 obtenebrans
457 857 578 934 oculos
595 857 815 944 stolidorum,
831 865 868 932 et
884 879 998 931 sermo
1016 879 1150 931 eorum.

669 1083 671 1085 ’
716 1085 913 1170 XXXVIII.

303 1311 529 1387 Dominicum
546 1337 745 1388 sermonem
770 1313 1070 1411 quemchristus
1095 1316 1230 1391 sanctis
1248 1317 1425 1414 Apostolis

204 1433 241 1498 et
256 1424 444 1522 discipulis
460 1426 547 1514 suis,
564 1425 667 1514 dixit,
685 1427 769 1523 quia
787 1427 849 1523 qui
867 1451 929 1502 vos
948 1428 1075 1526 recipit
1093 1455 1149 1504 me
1167 1429 1292 1528 recipit
1312 1430 1422 1528 etqui

204 1559 269 1611 vos
285 1537 422 1635 spernit
435 1561 491 1611 me
510 1537 657 1636 spernit,
669 1537 714 1611 ad
731 1561 854 1614 omnes
866 1539 975 1614 etiam
990 1541 1051 1638 qui
1065 1549 1142 1639 post
1155 1565 1214 1616 eos
1227 1543 1424 1618 secundum

203 1654 298 1752 ipsos
318 1652 405 1728 facti
426 1662 512 1726 sunt
533 1651 664 1725 summi
682 1652 873 1729 Pontifices
890 1661 926 1728 et
942 1663 1099 1751 pastores
1120 1655 1299 1754 principes
1315 1655 1352 1728 in
1371 1681 1424 1732 ec·

203 1767 313 1843 clesia
338 1767 514 1843 catholica
531 1767 665 1842 dictum
684 1791 761 1841 esse
778 1767 972 1842 credentes.

299 1881 509 1956 Diffinimus,
522 1881 703 1956 neminem
721 1903 865 1976 prorsus
882 1881 1005 1954 mundi
1023 1882 1221 1979 potentium
1245 1907 1422 1981 qucquam

202 2019 325 2071 eornm
339 1994 401 2092 qui
415 1994 715 2091 patriarchalibus
728 1993 870 2069 sedibus
884 2002 1046 2091 praesunt
1063 1995 1100 2070 in
1118 1995 1260 2084 honore,
1273 2004 1337 2070 aut
1355 2019 1426 2070 mo-

202 2133 286 2185 vere
303 2135 324 2181 a
343 2109 480 2206 proprio
496 2108 623 2183 throno
639 2117 814 2206 tenptare‚
832 2109 892 2182 sed
909 2108 1006 2182 omni
1020 2108 1223 2183 reverentia
1240 2118 1276 2182 et
1293 2109 1424 2184 honore

202 2223 331 2319 dignos
348 2223 517 2298 iudicare.
536 2222 709 2320 Precipue
722 2221 866 2320 quidem
881 2221 1151 2296 sanctissimum
1166 2226 1300 2320 Papam
1314 2223 1425 2298 senio·-

203 2337 251 2410 ris
261 2340 391 2423 Roman,
400 2337 566 2433 deinceps
579 2345 699 2410 autem
710 2335 1062 2432 Constantinopoleos
1071 2335 1311 2412 Patriarchas
1320 2337 1424 2412 Dein-

204 2452 246 2526 de
263 2463 349 2526 vero
376 2451 616 2540 Alexandriae,
633 2475 676 2524 ac
698 2448 911 2540 Antioohiae,
937 2474 979 2524 ao
1006 2449 1331 2524 Hierosolimorum.
1357 2449 1426 2524 Sed

202 2590 266 2640 nec
291 2564 404 2638 alium
429 2587 654 2662 quecumque
680 2563 890 2661 scriptiones
915 2573 1039 2638 contra
1064 2563 1333 2638 sanctissimum
1359 2567 1424 2638 Pa·

202 2704 282 2777 pam
300 2679 450 2754 senioris
467 2682 597 2768 Roman,
616 2703 658 2753 ac
675 2677 782 2752 verba
800 2678 1014 2776 complicare
1035 2678 1095 2753 vel
1120 2701 1329 2776 componere
1354 2679 1422 2752 sub

200 2796 383 2870 occasione
400 2793 502 2892 quasi
519 2793 780 2867 diffamatorum
798 2791 1020 2890 quorundam
1045 2791 1250 2880 criminum,
1267 2792 1360 2889 quod
1384 2802 1422 2866 et

199 2933 314 3007 nuper
328 2909 477 2984 Photius
493 2917 529 2983 et
548 2908 660 2982 multo
674 2917 759 2982 anto
775 2907 974 2981 Dioscorus.
992 2906 1162 3004 Quisquis
1182 2915 1304 2981 autem
1320 2915 1422 2980 tanta

201 3025 374 3099 iactantia
388 3033 423 3100 et
440 3023 589 3099 audacia
607 3050 695 3098 usus
709 3023 829 3110 fuerit,
846 3029 888 3094 ut
901 3021 1098 3095 secundum
1118 3021 1271 3109 Fotium,
1288 3030 1324 3095 et
1341 3021 1421 3094 Dio-

200 3162 340 3213 scorum
359 3138 397 3211 in
423 3137 566 3235 seriptis
592 3136 650 3211 vel
675 3136 752 3210 sine
769 3136 913 3234 scriptis
938 3137 1089 3210 iniurias
1107 3137 1278 3234 quasdam
1296 3145 1420 3211 contra

198 3253 316 3326 sedem
343 3251 440 3325 Petri
466 3251 638 3348 principis
657 3249 906 3346 Apostolorum
932 3261 1083 3340 moveat,
1105 3251 1267 3350 equalem
1286 3261 1322 3326 et
1338 3276 1420 3326 ean·

199 3367 340 3440 demet
369 3389 476 3462 quarn
505 3364 559 3439 illi
586 3364 940 3462 condempnationem
969 3365 1132 3462 accipiat.
1158 3366 1196 3439 Si
1226 3390 1311 3442 vero
1339 3367 1420 3464 quis

197 3478 318 3577 aliqua
343 3487 514 3576 potestate
539 3479 674 3567 fruens,
694 3479 753 3552 vel
773 3487 897 3576 potens
922 3478 1052 3576 pellere
1078 3479 1309 3575 temptaverit
1333 3504 1419 3576 prae-

198 3592 348 3690 phatum
366 3591 576 3690 Apostolicoe
594 3593 782 3668 Cathedrae
795 3597 927 3690 Papam
944 3601 1008 3665 aut
1024 3593 1177 3666 aliorum
1195 3593 1419 3668 Patriarcha·

199 3731 278 3778 rum
296 3730 519 3804 quemquam
539 3707 728 3780 anathema
754 3705 810 3779 sit.
829 3708 935 3780 Porro
960 3707 989 3778 si
1009 3706 1176 3804 Synodus
1202 3706 1419 3781 universalis

197 3820 307 3895 fuerit
332 3830 564 3917 congregata,
589 3830 625 3895 et
649 3820 745 3894 facta
770 3819 882 3894 fuerit
906 3819 1012 3894 etiarn
1038 3820 1081 3894 dc
1106 3829 1229 3895 sancte
1248 3823 1419 3896 Romano·

197 3959 276 4006 rum
294 3933 445 4009 ecclesia
463 3933 601 4032 quaevis
617 3933 868 4029 ambiguitatis
885 3941 921 4008 et
938 3933 1190 4022 controversia,
1207 3943 1342 4032 oportet
1358 3960 1418 4010 vc·

196 4047 413 4137 amabiliter,
431 4057 567 4124 etcum
592 4048 821 4123 convenienti
848 4047 1048 4123 reverentia
1073 4049 1115 4122 dc
1140 4049 1316 4146 proposita
1334 4073 1418 4147 que·

197 4159 307 4234 stione
338 4161 517 4250 suscitari,
545 4171 582 4236 et
611 4161 822 4236 solutionem
848 4161 1020 4258 accipere.
1046 4164 1093 4235 Et
1117 4170 1181 4234 aut
1205 4172 1413 4259 provectum

197 4271 313 4346 facero
343 4282 407 4346 aut
435 4275 613 4370 prolicere.
638 4276 718 4348 Non
747 4282 822 4347 tam
852 4274 1023 4349 audacter
1052 4275 1266 4349 sententiam
1300 4275 1416 4352 dicere

198 4395 320 4460 contra
337 4411 495 4462 summos
512 4388 662 4464 senioris
679 4392 798 4463 Romae
824 4389 1023 4465 Pontifices.
1044 4391 1134 4464 Item
1159 4390 1198 4463 in
1221 4391 1344 4468 eadem
1369 4392 1417 4466 si·

197 4499 282 4574 nodo
303 4499 342 4572 in
364 4500 503 4576 actione
525 4505 586 4576 VI.
606 4501 843 4578 Orientalium
871 4503 1096 4602 Synodorum
1123 4503 1260 4579 sodium
1287 4505 1415 4581 vicarii
