3642 5294
733 413 907 476 ...17-

202 537 305 622 Quod
323 537 529 636 Presbyteri
547 537 620 612 sint
635 537 690 612 sal
706 545 811 612 terrae
827 543 863 610 et
876 536 940 609 lux
956 535 1090 610 mundi.
1107 533 1192 634 Cap.
1210 539 1345 614 XXIII.

201 652 305 738 Quod
322 650 529 749 Presbyteri
545 651 607 749 qui
624 661 792 749 praesunt,
808 649 963 724 habeant
985 649 1123 750 ligandi
1141 660 1176 725 et
1197 650 1357 726 solvendi
1372 674 1430 749 po·

276 773 453 839 teuatem.
472 767 556 862 Cap.
574 768 683 840 LXX.
702 767 830 840 CXIII.

204 880 257 952 De
274 878 443 952 Romanis
465 878 625 954 ecclesiis
643 889 678 953 et
695 877 895 976 cymiteriis
920 875 1048 950 divisis
1073 877 1292 976 presbyteris
1317 877 1427 953 Urbis

276 993 405 1064 Romus.
423 992 508 1088 Cap.
525 995 642 1067 XXX.
661 993 860 1066 LXXXVI.
878 992 1097 1064 LXXXVII.
1117 1071 1121 1079 ,

205 1102 307 1188 Quod
319 1103 689 1201 olimaliiPresbyteri
701 1103 946 1193 ecclesiarum,
959 1103 1021 1178 alii
1034 1090 1428 1203 cymiteriorumerant.

279 1219 363 1316 Cap.
381 1221 499 1292 XXX.
516 1221 705 1293 XXXVII.
768 1263 772 1274 .

205 1335 259 1406 De
276 1333 440 1406 terminis
457 1341 493 1406 et
509 1332 587 1407 iure
605 1331 873 1429 parrochiarum
892 1331 1107 1406 eorumdem.
1124 1331 1211 1430 Cap.
1228 1335 1346 1408 XXX.

206 1446 308 1531 Quod
325 1444 441 1519 titulis
457 1445 633 1541 pertineat
657 1445 857 1543 baptismus
881 1453 917 1518 et
941 1445 1150 1541 penitentia,
1175 1454 1211 1519 et
1232 1445 1430 1542 sepultura.

279 1557 364 1654 Cap.
380 1559 527 1630 LXXX.
1031 1626 1033 1634 .

204 1671 258 1744 De
275 1680 497 1746 sacramento
514 1669 691 1746 Dominioi
708 1670 882 1768 Corporis,
899 1669 991 1768 quod
1007 1670 1095 1768 ipsis
1113 1671 1270 1746 mittitur
1287 1696 1308 1746 a
1326 1675 1426 1748 Rom.

279 1785 461 1860 Pontifioc.
480 1785 564 1881 Cap.
581 1787 770 1858 XXXVII.

208 1899 312 1985 Quod
326 1898 475 1972 Romani
490 1897 680 1972 Pontifices
690 1898 915 1996 presbyteros
929 1922 1012 1973 suos
1026 1899 1155 1973 fratres
1164 1901 1433 1999 etcompresby·

279 2021 372 2086 tercs
387 2009 579 2108 appellant.
597 2011 682 2108 Cap.
699 2014 888 2087 XXXIIII.
905 2017 1060 2088 XXXV.
1074 2017 1247 2087 XXXVI.

208 2125 310 2212 Quod
327 2123 536 2222 Presbyteri
553 2125 629 2198 sint
644 2125 793 2199 secundi
810 2127 943 2201 ordinis
969 2137 1046 2226 post
1070 2127 1287 2226 Episcopum
1312 2154 1430 2204 suum.

280 2238 674 2336 CmssmQOEL

207 2352 308 2438 Quod
325 2350 536 2426 sardicense
552 2350 745 2425 concilium
763 2355 861 2428 Rom.
879 2355 1052 2431 Ecclesiae
1069 2356 1301 2455 Presbyteros
1314 2355 1431 2454 appel-

279 2466 329 2540 let
345 2465 512 2540 laterales
528 2464 674 2540 iudices.
692 2466 777 2563 Cap.
794 2471 875 2541 XX.
893 2468 930 2541 in
949 2471 982 2543 l⁰
1000 2469 1060 2544 lib.
1204 2471 1208 2476 ’

207 2579 308 2666 Quod
323 2579 474 2656 Romani
489 2579 679 2654 Pontifices
695 2589 838 2654 tantum
851 2605 934 2656 oum
951 2583 1102 2658 concilio
1114 2582 1202 2659 cleri
1216 2583 1273 2658 sui
1286 2583 1430 2657 damna·

278 2704 411 2768 verunt
446 2717 528 2789 sepe
561 2716 647 2790 quos
684 2694 848 2790 oportuit.
885 2697 970 2794 Cap.
1007 2699 1179 2772 XXXVI.
1220 2699 1429 2773 XXXVIII.

278 2809 533 2881 LXXXVIIII.

206 2919 307 3006 Quod
328 2919 534 3016 Presbyteri
558 2919 596 2992 in
622 2919 781 2995 Concilio
805 2923 1003 2998 secundum
1027 2933 1171 3022 tempus
1194 2923 1428 2999 ordinationis

278 3063 352 3110 suae
370 3035 535 3110 resident.
552 3036 638 3132 Cap.
655 3029 765 3108 XLV.

207 3151 309 3240 Quod
325 3149 470 3224 absente
486 3151 584 3222 Rom.
602 3147 783 3238 Pontifice,
801 3149 930 3224 Clarus
947 3150 1025 3227 eius
1042 3149 1284 3247 quorumlibet
1300 3175 1427 3226 causas

277 3261 460 3336 diiudicat.
478 3261 563 3357 Cap.
580 3263 715 3334 XXIII.
734 3263 862 3335 LXXI.
882 3263 940 3338 CI.
958 3264 1033 3338 CII.
1052 3261 1163 3339 CIIII.

207 3377 258 3450 De
275 3375 396 3450 eadem
414 3398 462 3461 re,
478 3372 518 3445 in
535 3374 568 3444 I⁰
585 3372 645 3446 lib.
662 3397 737 3470 cap.
755 3376 854 3448 LIIII
871 3385 907 3450 et
924 3379 1051 3450 LVIII.

206 3492 257 3564 Ut
272 3486 452 3562 sententia
470 3485 633 3582 Episcopi
650 3485 947 3584 Presbyterorum
970 3501 1006 3564 et
1019 3489 1256 3566 Diaconorum
1270 3491 1423 3567 subscri-

278 3601 397 3698 ptione
414 3601 588 3672 firmetur.
606 3599 690 3695 Cap.
706 3602 840 3675 XVIII.
858 3604 935 3677 LV.
951 3605 1040 3676 LVI.
1059 3606 1204 3680 LXIIII.

206 3717 259 3790 Dc
276 3715 398 3789 eadem
415 3737 463 3787 re.
481 3713 566 3809 Cap.
582 3714 763 3786 LXVIIII.
781 3713 874 3788 CVI.
893 3715 1076 3790 CXVIIII.
1195 3731 1198 3736 '

207 3832 257 3903 Ut
273 3827 468 3924 Episcopus
486 3825 640 3923 quolibet
656 3825 732 3901 looo
749 3827 886 3917 sedens,
903 3837 998 3903 stare
1015 3829 1272 3927 Presbyterum
1285 3854 1355 3906 non
1369 3855 1428 3929 pa-

276 3939 399 4012 tietur.
416 3939 501 4035 Cap.
518 3941 636 4012 XVII.

206 4053 257 4127 Ut
271 4051 575 4240 {resbytepploum
593 4073 656 4124 suo
668 4051 840 4148 Episcopo
853 4063 1063 4130 consecrent
1074 4065 1264 4153 sequentes
1276 4056 1427 4133 ordines.

309 4190 363 4263 ap.
417 4168 445 4238 L
500 4221 508 4236 .
958 4179 960 4182 ’

208 4281 257 4352 Ut
273 4278 469 4374 Episcopus
485 4276 617 4375 absque
634 4277 781 4351 consilio
797 4278 1092 4375 Presbyterorum
1110 4301 1256 4353 suorum
1275 4279 1425 4356 clericos

277 4411 346 4462 non
363 4389 512 4462 ordinet.
531 4389 614 4484 Cap.
631 4391 712 4463 XX.
730 4393 865 4463 XXVI.
1178 4409 1181 4416 '

211 4501 298 4573 Cum
316 4501 436 4575 eodem
455 4501 620 4578 Chrisma
638 4511 857 4577 consecrent.
875 4504 959 4599 Cap.
973 4505 1159 4578 XCVIIII.

1228 4622 1244 4670 a
