<?xml version="1.0" encoding="UTF-8"?>
<!DOCTYPE html PUBLIC "-//W3C//DTD XHTML 1.0 Transitional//EN"
    "http://www.w3.org/TR/xhtml1/DTD/xhtml1-transitional.dtd">
<html xmlns="http://www.w3.org/1999/xhtml" xml:lang="en" lang="en">
 <head>
  <title>
</title>
<meta http-equiv="Content-Type" content="text/html;charset=utf-8" />
  <meta name='ocr-system' content='tesseract 3.04.00' />
  <meta name='ocr-capabilities' content='ocr_page ocr_carea ocr_par ocr_line ocrx_word'/>
</head>
<body>
  <div class='ocr_page' id='page_1' title='image "./deusdeditpresby00martgoog_0135.png"; bbox 0 0 3582 5288; ppageno 0'>
   <div class='ocr_carea' id='block_1_1' title="bbox 865 409 1061 468">
    <p class='ocr_par' dir='ltr' id='par_1_1' title="bbox 865 409 1061 468">
     <span class='ocr_line' id='line_1_1' title="bbox 865 409 1061 468; baseline -0.005 0"><span class='ocrx_word' id='word_1_1' title='bbox 865 409 1061 468; x_wconf 79' lang='lat'>-110-</span> 
     </span>
    </p>
   </div>
   <div class='ocr_carea' id='block_1_2' title="bbox 351 527 1579 944">
    <p class='ocr_par' dir='ltr' id='par_1_2' title="bbox 351 527 1579 944">
     <span class='ocr_line' id='line_1_2' title="bbox 351 527 1578 626; baseline -0.001 -24"><span class='ocrx_word' id='word_1_2' title='bbox 351 529 512 604; x_wconf 81' lang='lat' dir='ltr'>actiones</span> <span class='ocrx_word' id='word_1_3' title='bbox 537 529 626 603; x_wconf 92' lang='lat' dir='ltr'>utile</span> <span class='ocrx_word' id='word_1_4' title='bbox 653 527 898 626; x_wconf 81' lang='lat' dir='ltr'><strong>perspeximus</strong></span> <span class='ocrx_word' id='word_1_5' title='bbox 917 527 1126 602; x_wconf 89' lang='lat' dir='ltr'>uniendum.</span> <span class='ocrx_word' id='word_1_6' title='bbox 1145 529 1190 599; x_wconf 88' lang='lat' dir='ltr'>Et</span> <span class='ocrx_word' id='word_1_7' title='bbox 1213 535 1430 624; x_wconf 86' lang='lat' dir='ltr'>postpauca.</span> <span class='ocrx_word' id='word_1_8' title='bbox 1448 530 1578 624; x_wconf 87' lang='lat' dir='ltr'>Inqno</span> 
     </span>
     <span class='ocr_line' id='line_1_3' title="bbox 351 638 1579 738; baseline -0.002 -21"><span class='ocrx_word' id='word_1_9' title='bbox 351 641 460 717; x_wconf 91' lang='lat' dir='ltr'>etiam</span> <span class='ocrx_word' id='word_1_10' title='bbox 484 641 540 716; x_wconf 90' lang='lat' dir='ltr'>tui</span> <span class='ocrx_word' id='word_1_11' title='bbox 557 642 666 716; x_wconf 90' lang='lat' dir='ltr'>studii</span> <span class='ocrx_word' id='word_1_12' title='bbox 685 641 733 716; x_wconf 90' lang='lat' dir='ltr'>sit</span> <span class='ocrx_word' id='word_1_13' title='bbox 751 641 942 716; x_wconf 85' lang='lat' dir='ltr'>monachos</span> <span class='ocrx_word' id='word_1_14' title='bbox 967 640 1139 738; x_wconf 89' lang='lat' dir='ltr'>deputare</span> <span class='ocrx_word' id='word_1_15' title='bbox 1156 640 1219 737; x_wconf 90' lang='lat' dir='ltr'>qui</span> <span class='ocrx_word' id='word_1_16' title='bbox 1236 638 1311 715; x_wconf 90' lang='lat' dir='ltr'>iIIic</span> <span class='ocrx_word' id='word_1_17' title='bbox 1334 649 1490 738; x_wconf 89' lang='lat' dir='ltr'>ternpore</span> <span class='ocrx_word' id='word_1_18' title='bbox 1508 664 1579 738; x_wconf 90' lang='lat' dir='ltr'>quo</span> 
     </span>
     <span class='ocr_line' id='line_1_4' title="bbox 351 753 1578 854; baseline 0.001 -26"><span class='ocrx_word' id='word_1_19' title='bbox 351 754 587 830; x_wconf 87' lang='lat' dir='ltr'>intervallum</span> <span class='ocrx_word' id='word_1_20' title='bbox 606 755 648 829; x_wconf 93' lang='lat' dir='ltr'>de</span> <span class='ocrx_word' id='word_1_21' title='bbox 666 755 765 828; x_wconf 91' lang='lat' dir='ltr'>hoste</span> <span class='ocrx_word' id='word_1_22' title='bbox 784 753 895 830; x_wconf 86' lang='lat' dir='ltr'>fuerit</span> <span class='ocrx_word' id='word_1_23' title='bbox 911 763 947 830; x_wconf 91' lang='lat' dir='ltr'>et</span> <span class='ocrx_word' id='word_1_24' title='bbox 963 778 1052 854; x_wconf 92' lang='lat' dir='ltr'>opus</span> <span class='ocrx_word' id='word_1_25' title='bbox 1069 754 1134 829; x_wconf 89' lang='lat' dir='ltr'>Dei</span> <span class='ocrx_word' id='word_1_26' title='bbox 1152 754 1332 830; x_wconf 89' lang='lat' dir='ltr'>celebrare</span> <span class='ocrx_word' id='word_1_27' title='bbox 1358 763 1394 829; x_wconf 89' lang='lat' dir='ltr'>et</span> <span class='ocrx_word' id='word_1_28' title='bbox 1411 755 1578 830; x_wconf 86' lang='lat' dir='ltr'>decenter</span> 
     </span>
     <span class='ocr_line' id='line_1_5' title="bbox 353 868 721 944; baseline -0.003 -1"><span class='ocrx_word' id='word_1_29' title='bbox 353 869 506 943; x_wconf 91' lang='lat' dir='ltr'>debeant</span> <span class='ocrx_word' id='word_1_30' title='bbox 531 868 721 944; x_wconf 84' lang='lat' dir='ltr'>deservire.</span> 
     </span>
    </p>
   </div>
   <div class='ocr_carea' id='block_1_3' title="bbox 927 1097 1024 1182">
    <p class='ocr_par' dir='ltr' id='par_1_3' title="bbox 927 1097 1024 1182">
     <span class='ocr_line' id='line_1_6' title="bbox 927 1097 1024 1182; baseline -0.01 0"><span class='ocrx_word' id='word_1_31' title='bbox 927 1097 1024 1182; x_wconf 78' lang='lat' dir='ltr'>obv.</span> 
     </span>
    </p>
   </div>
   <div class='ocr_carea' id='block_1_4' title="bbox 352 1323 1580 1762">
    <p class='ocr_par' dir='ltr' id='par_1_4' title="bbox 352 1323 1580 1762">
     <span class='ocr_line' id='line_1_7' title="bbox 448 1323 1579 1423; baseline 0.003 -26"><span class='ocrx_word' id='word_1_32' title='bbox 448 1323 649 1420; x_wconf 80' lang='lat' dir='ltr'><strong>Gregorius</strong></span> <span class='ocrx_word' id='word_1_33' title='bbox 667 1326 846 1401; x_wconf 83' lang='lat' dir='ltr'>Adeodato</span> <span class='ocrx_word' id='word_1_34' title='bbox 864 1325 992 1400; x_wconf 79' lang='lat' dir='ltr'>Abbati</span> <span class='ocrx_word' id='word_1_35' title='bbox 1011 1326 1252 1423; x_wconf 90' lang='lat' dir='ltr'>Neapolitano.</span> <span class='ocrx_word' id='word_1_36' title='bbox 1265 1329 1306 1400; x_wconf 89' lang='lat' dir='ltr'>In</span> <span class='ocrx_word' id='word_1_37' title='bbox 1326 1349 1435 1400; x_wconf 88' lang='lat' dir='ltr'>causa</span> <span class='ocrx_word' id='word_1_38' title='bbox 1452 1325 1579 1400; x_wconf 88' lang='lat' dir='ltr'>Basilii</span> 
     </span>
     <span class='ocr_line' id='line_1_8' title="bbox 353 1436 1580 1538; baseline 0 -26"><span class='ocrx_word' id='word_1_39' title='bbox 353 1437 518 1534; x_wconf 80' lang='lat' dir='ltr'>Episcopi</span> <span class='ocrx_word' id='word_1_40' title='bbox 536 1437 698 1536; x_wconf 83' lang='lat' dir='ltr'>Capuani</span> <span class='ocrx_word' id='word_1_41' title='bbox 720 1451 755 1514; x_wconf 91' lang='lat' dir='ltr'>et</span> <span class='ocrx_word' id='word_1_42' title='bbox 781 1437 912 1513; x_wconf 78' lang='lat' dir='ltr'>Clerici</span> <span class='ocrx_word' id='word_1_43' title='bbox 930 1441 1174 1538; x_wconf 82' lang='lat' dir='ltr'>Neapolitanae</span> <span class='ocrx_word' id='word_1_44' title='bbox 1191 1439 1359 1517; x_wconf 76' lang='lat' dir='ltr'>ecclesiae.</span> <span class='ocrx_word' id='word_1_45' title='bbox 1378 1436 1432 1515; x_wconf 92' lang='lat' dir='ltr'>Ne</span> <span class='ocrx_word' id='word_1_46' title='bbox 1450 1439 1580 1514; x_wconf 91' lang='lat' dir='ltr'>consti·</span> 
     </span>
     <span class='ocr_line' id='line_1_9' title="bbox 353 1539 1579 1652; baseline 0 -28"><span class='ocrx_word' id='word_1_47' title='bbox 353 1563 454 1625; x_wconf 91' lang='lat' dir='ltr'>tuere</span> <span class='ocrx_word' id='word_1_48' title='bbox 479 1550 671 1648; x_wconf 87' lang='lat' dir='ltr'>quiequam</span> <span class='ocrx_word' id='word_1_49' title='bbox 691 1553 802 1627; x_wconf 91' lang='lat' dir='ltr'>dubie</span> <span class='ocrx_word' id='word_1_50' title='bbox 822 1539 1042 1644; x_wconf 48' lang='lat' dir='ltr'>&#39;videremnn</span> <span class='ocrx_word' id='word_1_51' title='bbox 1067 1555 1246 1652; x_wconf 87' lang='lat' dir='ltr'>deputatis</span> <span class='ocrx_word' id='word_1_52' title='bbox 1263 1552 1509 1649; x_wconf 81' lang='lat' dir='ltr'>cognitoribus</span> <span class='ocrx_word' id='word_1_53' title='bbox 1526 1552 1579 1625; x_wconf 91' lang='lat' dir='ltr'>in·</span> 
     </span>
     <span class='ocr_line' id='line_1_10' title="bbox 352 1665 1577 1762; baseline 0 -22"><span class='ocrx_word' id='word_1_54' title='bbox 352 1665 539 1740; x_wconf 91' lang='lat' dir='ltr'>stituimus</span> <span class='ocrx_word' id='word_1_55' title='bbox 564 1666 735 1742; x_wconf 79' lang='lat' dir='ltr'>interesse</span> <span class='ocrx_word' id='word_1_56' title='bbox 761 1667 945 1745; x_wconf 84' lang='lat' dir='ltr'>iudicium.</span> <span class='ocrx_word' id='word_1_57' title='bbox 971 1669 1111 1755; x_wconf 86' lang='lat' dir='ltr'>Quibus</span> <span class='ocrx_word' id='word_1_58' title='bbox 1132 1667 1422 1743; x_wconf 85' lang='lat' dir='ltr'>renuntiantibus</span> <span class='ocrx_word' id='word_1_59' title='bbox 1449 1689 1577 1762; x_wconf 89' lang='lat' dir='ltr'>cogno·</span> 
     </span>
    </p>
   </div>
   <div class='ocr_carea' id='block_1_5' title="bbox 352 1777 1577 1970">
    <p class='ocr_par' dir='ltr' id='par_1_5' title="bbox 352 1777 1577 1970">
     <span class='ocr_line' id='line_1_11' title="bbox 352 1777 1577 1879; baseline 0 -27"><span class='ocrx_word' id='word_1_60' title='bbox 352 1777 472 1852; x_wconf 84' lang='lat' dir='ltr'>rimus</span> <span class='ocrx_word' id='word_1_61' title='bbox 498 1778 709 1878; x_wconf 81' lang='lat' dir='ltr'>Capuanum</span> <span class='ocrx_word' id='word_1_62' title='bbox 735 1781 949 1879; x_wconf 85' lang='lat' dir='ltr'>Episcopum</span> <span class='ocrx_word' id='word_1_63' title='bbox 975 1781 1067 1855; x_wconf 93' lang='lat' dir='ltr'>nihil</span> <span class='ocrx_word' id='word_1_64' title='bbox 1092 1780 1183 1855; x_wconf 91' lang='lat' dir='ltr'>iuris</span> <span class='ocrx_word' id='word_1_65' title='bbox 1200 1780 1238 1854; x_wconf 92' lang='lat' dir='ltr'>in</span> <span class='ocrx_word' id='word_1_66' title='bbox 1263 1779 1475 1855; x_wconf 87' lang='lat' dir='ltr'>monasterio</span> <span class='ocrx_word' id='word_1_67' title='bbox 1491 1779 1577 1855; x_wconf 84' lang='lat' dir='ltr'>Gra·</span> 
     </span>
     <span class='ocr_line' id='line_1_12' title="bbox 353 1891 653 1970; baseline 0.003 -3"><span class='ocrx_word' id='word_1_68' title='bbox 353 1891 486 1967; x_wconf 89' lang='lat' dir='ltr'>terensi</span> <span class='ocrx_word' id='word_1_69' title='bbox 512 1891 653 1970; x_wconf 87' lang='lat' dir='ltr'>habere.</span> 
     </span>
    </p>
   </div>
   <div class='ocr_carea' id='block_1_6' title="bbox 905 2122 1020 2256">
    <p class='ocr_par' dir='ltr' id='par_1_6' title="bbox 905 2122 1020 2256">
     <span class='ocr_line' id='line_1_13' title="bbox 905 2122 1020 2256; baseline -0.009 -51"><span class='ocrx_word' id='word_1_70' title='bbox 905 2122 1020 2256; x_wconf 80' lang='lat' dir='ltr'><strong>GLIII.</strong></span> 
     </span>
    </p>
   </div>
   <div class='ocr_carea' id='block_1_7' title="bbox 255 2348 1582 2901">
    <p class='ocr_par' dir='ltr' id='par_1_7' title="bbox 255 2348 1582 2901">
     <span class='ocr_line' id='line_1_14' title="bbox 452 2348 1578 2448; baseline 0 -26"><span class='ocrx_word' id='word_1_71' title='bbox 452 2348 648 2443; x_wconf 81' lang='lat' dir='ltr'>Gregorius</span> <span class='ocrx_word' id='word_1_72' title='bbox 672 2349 793 2423; x_wconf 89' lang='lat' dir='ltr'>Natali</span> <span class='ocrx_word' id='word_1_73' title='bbox 813 2349 1018 2424; x_wconf 85' lang='lat' dir='ltr'>Salonitano</span> <span class='ocrx_word' id='word_1_74' title='bbox 1035 2351 1207 2448; x_wconf 86' lang='lat' dir='ltr'>Episcopo</span> <span class='ocrx_word' id='word_1_75' title='bbox 1233 2351 1326 2426; x_wconf 91' lang='lat' dir='ltr'>inter</span> <span class='ocrx_word' id='word_1_76' title='bbox 1344 2360 1472 2426; x_wconf 86' lang='lat' dir='ltr'>cetera.</span> <span class='ocrx_word' id='word_1_77' title='bbox 1489 2351 1578 2424; x_wconf 82' lang='lat' dir='ltr'>Ene-</span> 
     </span>
     <span class='ocr_line' id='line_1_15' title="bbox 356 2459 1579 2559; baseline -0.002 -23"><span class='ocrx_word' id='word_1_78' title='bbox 356 2459 535 2536; x_wconf 91' lang='lat' dir='ltr'>cutionem</span> <span class='ocrx_word' id='word_1_79' title='bbox 549 2485 633 2536; x_wconf 92' lang='lat' dir='ltr'>vero</span> <span class='ocrx_word' id='word_1_80' title='bbox 646 2463 795 2538; x_wconf 87' lang='lat' dir='ltr'>antefati</span> <span class='ocrx_word' id='word_1_81' title='bbox 810 2463 944 2559; x_wconf 87' lang='lat' dir='ltr'>negotii</span> <span class='ocrx_word' id='word_1_82' title='bbox 964 2463 1144 2539; x_wconf 90' lang='lat' dir='ltr'>Antonino</span> <span class='ocrx_word' id='word_1_83' title='bbox 1157 2463 1380 2540; x_wconf 87' lang='lat' dir='ltr'>Subdiaoono</span> <span class='ocrx_word' id='word_1_84' title='bbox 1397 2471 1516 2536; x_wconf 89' lang='lat' dir='ltr'>nostro</span> <span class='ocrx_word' id='word_1_85' title='bbox 1533 2485 1579 2534; x_wconf 82' lang='lat' dir='ltr'>ex</span> 
     </span>
     <span class='ocr_line' id='line_1_16' title="bbox 360 2575 1582 2671; baseline 0 -23"><span class='ocrx_word' id='word_1_86' title='bbox 360 2583 481 2648; x_wconf 89' lang='lat' dir='ltr'>nostra</span> <span class='ocrx_word' id='word_1_87' title='bbox 506 2575 740 2671; x_wconf 69' lang='lat' dir='ltr'>praeceptione</span> <span class='ocrx_word' id='word_1_88' title='bbox 757 2575 1018 2652; x_wconf 89' lang='lat' dir='ltr'>mandavimus.</span> <span class='ocrx_word' id='word_1_89' title='bbox 1036 2581 1221 2665; x_wconf 78' lang='lat' dir='ltr'>Quatenus</span> <span class='ocrx_word' id='word_1_90' title='bbox 1246 2579 1324 2653; x_wconf 87' lang='lat' dir='ltr'>eins</span> <span class='ocrx_word' id='word_1_91' title='bbox 1348 2575 1520 2652; x_wconf 89' lang='lat' dir='ltr'>instantia</span> <span class='ocrx_word' id='word_1_92' title='bbox 1544 2583 1582 2648; x_wconf 90' lang='lat' dir='ltr'>ot</span> 
     </span>
     <span class='ocr_line' id='line_1_17' title="bbox 255 2687 1580 2786; baseline 0 -27"><span class='ocrx_word' id='word_1_93' title='bbox 255 2709 256 2712; x_wconf 70' lang='grc'>’</span> <span class='ocrx_word' id='word_1_94' title='bbox 357 2711 437 2785; x_wconf 81' lang='lat' dir='ltr'>quae</span> <span class='ocrx_word' id='word_1_95' title='bbox 461 2697 547 2762; x_wconf 91' lang='lat' dir='ltr'>sunt</span> <span class='ocrx_word' id='word_1_96' title='bbox 572 2687 715 2784; x_wconf 88' lang='lat' dir='ltr'>legibus</span> <span class='ocrx_word' id='word_1_97' title='bbox 740 2689 921 2764; x_wconf 88' lang='lat' dir='ltr'>canonicis</span> <span class='ocrx_word' id='word_1_98' title='bbox 946 2689 1078 2786; x_wconf 86' lang='lat' dir='ltr'>placita</span> <span class='ocrx_word' id='word_1_99' title='bbox 1107 2691 1346 2766; x_wconf 82' lang='lat' dir='ltr'>decernantur</span> <span class='ocrx_word' id='word_1_100' title='bbox 1371 2698 1408 2763; x_wconf 91' lang='lat' dir='ltr'>et</span> <span class='ocrx_word' id='word_1_101' title='bbox 1436 2687 1580 2763; x_wconf 86' lang='lat' dir='ltr'>decreta</span> 
     </span>
     <span class='ocr_line' id='line_1_18' title="bbox 357 2800 1137 2901; baseline 0.005 -27"><span class='ocrx_word' id='word_1_102' title='bbox 357 2800 508 2875; x_wconf 92' lang='lat' dir='ltr'>Domino</span> <span class='ocrx_word' id='word_1_103' title='bbox 532 2803 680 2878; x_wconf 90' lang='lat' dir='ltr'>iuvante</span> <span class='ocrx_word' id='word_1_104' title='bbox 706 2803 958 2901; x_wconf 86' lang='lat' dir='ltr'>mancipentur</span> <span class='ocrx_word' id='word_1_105' title='bbox 983 2804 1137 2878; x_wconf 86' lang='lat' dir='ltr'>effectui.</span> 
     </span>
    </p>
   </div>
   <div class='ocr_carea' id='block_1_8' title="bbox 896 3030 1030 3117">
    <p class='ocr_par' dir='ltr' id='par_1_8' title="bbox 896 3030 1030 3117">
     <span class='ocr_line' id='line_1_19' title="bbox 896 3030 1030 3117; baseline -0.022 0"><span class='ocrx_word' id='word_1_106' title='bbox 896 3030 1030 3117; x_wconf 77' lang='lat' dir='ltr'><strong>CLVII.</strong></span> 
     </span>
    </p>
   </div>
   <div class='ocr_carea' id='block_1_9' title="bbox 356 3234 1584 3920">
    <p class='ocr_par' dir='ltr' id='par_1_9' title="bbox 356 3234 1584 3920">
     <span class='ocr_line' id='line_1_20' title="bbox 453 3234 1580 3356; baseline -0.004 -25"><span class='ocrx_word' id='word_1_107' title='bbox 453 3234 652 3352; x_wconf 84' lang='lat' dir='ltr'>Gregorius</span> <span class='ocrx_word' id='word_1_108' title='bbox 671 3255 784 3332; x_wconf 69' lang='lat' dir='ltr'>Helias</span> <span class='ocrx_word' id='word_1_109' title='bbox 806 3255 1021 3356; x_wconf 83' lang='lat' dir='ltr'>Presbytero</span> <span class='ocrx_word' id='word_1_110' title='bbox 1046 3268 1081 3333; x_wconf 93' lang='lat' dir='ltr'>et</span> <span class='ocrx_word' id='word_1_111' title='bbox 1107 3257 1247 3350; x_wconf 81' lang='lat' dir='ltr'>Abbati.</span> <span class='ocrx_word' id='word_1_112' title='bbox 1264 3257 1398 3331; x_wconf 84' lang='lat' dir='ltr'>Filium</span> <span class='ocrx_word' id='word_1_113' title='bbox 1421 3266 1580 3332; x_wconf 88' lang='lat' dir='ltr'>vestrum</span> 
     </span>
     <span class='ocr_line' id='line_1_21' title="bbox 358 3367 1583 3468; baseline -0.002 -24"><span class='ocrx_word' id='word_1_114' title='bbox 358 3369 600 3466; x_wconf 83' lang='lat' dir='ltr'>Epiphaniam</span> <span class='ocrx_word' id='word_1_115' title='bbox 628 3369 823 3444; x_wconf 89' lang='lat' dir='ltr'>mandastis</span> <span class='ocrx_word' id='word_1_116' title='bbox 848 3380 889 3444; x_wconf 92' lang='lat' dir='ltr'>ut</span> <span class='ocrx_word' id='word_1_117' title='bbox 914 3370 960 3445; x_wconf 91' lang='lat' dir='ltr'>ad</span> <span class='ocrx_word' id='word_1_118' title='bbox 977 3395 1119 3445; x_wconf 90' lang='lat' dir='ltr'>sacrum</span> <span class='ocrx_word' id='word_1_119' title='bbox 1139 3371 1297 3468; x_wconf 84' lang='lat' dir='ltr'>ordinem</span> <span class='ocrx_word' id='word_1_120' title='bbox 1316 3369 1509 3468; x_wconf 86' lang='lat' dir='ltr'>provehere</span> <span class='ocrx_word' id='word_1_121' title='bbox 1526 3367 1583 3442; x_wconf 90' lang='lat' dir='ltr'>de-</span> 
     </span>
     <span class='ocr_line' id='line_1_22' title="bbox 357 3480 1582 3581; baseline -0.001 -27"><span class='ocrx_word' id='word_1_122' title='bbox 357 3482 521 3581; x_wconf 89' lang='lat' dir='ltr'>beremus</span> <span class='ocrx_word' id='word_1_123' title='bbox 545 3480 717 3580; x_wconf 89' lang='lat' dir='ltr'>vobisque</span> <span class='ocrx_word' id='word_1_124' title='bbox 742 3481 1036 3559; x_wconf 90' lang='lat' dir='ltr'>retransmittere.</span> <span class='ocrx_word' id='word_1_125' title='bbox 1055 3485 1123 3560; x_wconf 86' lang='lat' dir='ltr'>Sed</span> <span class='ocrx_word' id='word_1_126' title='bbox 1141 3485 1180 3557; x_wconf 93' lang='lat' dir='ltr'>in</span> <span class='ocrx_word' id='word_1_127' title='bbox 1198 3507 1269 3558; x_wconf 95' lang='lat' dir='ltr'>uno</span> <span class='ocrx_word' id='word_1_128' title='bbox 1286 3507 1349 3558; x_wconf 85' lang='lat' dir='ltr'>vos</span> <span class='ocrx_word' id='word_1_129' title='bbox 1366 3481 1582 3568; x_wconf 86' lang='lat' dir='ltr'>audivimus,</span> 
     </span>
     <span class='ocr_line' id='line_1_23' title="bbox 357 3585 1584 3694; baseline 0.001 -29"><span class='ocrx_word' id='word_1_130' title='bbox 357 3594 395 3666; x_wconf 92' lang='lat' dir='ltr'>in</span> <span class='ocrx_word' id='word_1_131' title='bbox 421 3592 540 3667; x_wconf 87' lang='lat' dir='ltr'>altero</span> <span class='ocrx_word' id='word_1_132' title='bbox 561 3617 645 3668; x_wconf 91' lang='lat' dir='ltr'>vero</span> <span class='ocrx_word' id='word_1_133' title='bbox 663 3593 787 3672; x_wconf 83' lang='lat' dir='ltr'>audire</span> <span class='ocrx_word' id='word_1_134' title='bbox 805 3593 952 3669; x_wconf 92' lang='lat' dir='ltr'>minime</span> <span class='ocrx_word' id='word_1_135' title='bbox 971 3597 1160 3694; x_wconf 90' lang='lat' dir='ltr'>potuimus.</span> <span class='ocrx_word' id='word_1_136' title='bbox 1179 3596 1358 3670; x_wconf 83' lang='lat' dir='ltr'>Diaconos</span> <span class='ocrx_word' id='word_1_137' title='bbox 1375 3594 1518 3692; x_wconf 91' lang='lat' dir='ltr'>quidem</span> <span class='ocrx_word' id='word_1_138' title='bbox 1535 3585 1584 3666; x_wconf 75' lang='lat' dir='ltr'>tt-</span> 
     </span>
     <span class='ocr_line' id='line_1_24' title="bbox 357 3705 1577 3804; baseline -0.001 -23"><span class='ocrx_word' id='word_1_139' title='bbox 357 3718 438 3781; x_wconf 90' lang='lat' dir='ltr'>ctus</span> <span class='ocrx_word' id='word_1_140' title='bbox 463 3713 518 3779; x_wconf 90' lang='lat' dir='ltr'>est</span> <span class='ocrx_word' id='word_1_141' title='bbox 539 3706 600 3780; x_wconf 90' lang='lat' dir='ltr'>sed</span> <span class='ocrx_word' id='word_1_142' title='bbox 617 3707 678 3804; x_wconf 92' lang='lat' dir='ltr'>qui</span> <span class='ocrx_word' id='word_1_143' title='bbox 695 3706 732 3779; x_wconf 89' lang='lat' dir='ltr'>in</span> <span class='ocrx_word' id='word_1_144' title='bbox 751 3706 903 3781; x_wconf 87' lang='lat' dir='ltr'>ecclesia</span> <span class='ocrx_word' id='word_1_145' title='bbox 921 3705 988 3783; x_wconf 87' lang='lat' dir='ltr'>hac</span> <span class='ocrx_word' id='word_1_146' title='bbox 1007 3733 1149 3783; x_wconf 90' lang='lat' dir='ltr'>sacrum</span> <span class='ocrx_word' id='word_1_147' title='bbox 1167 3708 1327 3783; x_wconf 90' lang='lat' dir='ltr'>ordinem</span> <span class='ocrx_word' id='word_1_148' title='bbox 1346 3706 1455 3783; x_wconf 87' lang='lat' dir='ltr'>semel</span> <span class='ocrx_word' id='word_1_149' title='bbox 1482 3730 1577 3780; x_wconf 89' lang='lat' dir='ltr'>acce·</span> 
     </span>
     <span class='ocr_line' id='line_1_25' title="bbox 356 3819 1427 3920; baseline -0.002 -23"><span class='ocrx_word' id='word_1_150' title='bbox 356 3821 449 3920; x_wconf 90' lang='lat' dir='ltr'>perit</span> <span class='ocrx_word' id='word_1_151' title='bbox 466 3819 673 3917; x_wconf 87' lang='lat' dir='ltr'>egrediendi</span> <span class='ocrx_word' id='word_1_152' title='bbox 690 3845 735 3896; x_wconf 87' lang='lat' dir='ltr'>ex</span> <span class='ocrx_word' id='word_1_153' title='bbox 750 3845 792 3897; x_wconf 90' lang='lat' dir='ltr'>ea</span> <span class='ocrx_word' id='word_1_154' title='bbox 810 3821 965 3898; x_wconf 90' lang='lat' dir='ltr'>ulterius</span> <span class='ocrx_word' id='word_1_155' title='bbox 982 3820 1165 3897; x_wconf 86' lang='lat' dir='ltr'>licentiam</span> <span class='ocrx_word' id='word_1_156' title='bbox 1188 3844 1257 3895; x_wconf 93' lang='lat' dir='ltr'>non</span> <span class='ocrx_word' id='word_1_157' title='bbox 1276 3819 1427 3896; x_wconf 90' lang='lat' dir='ltr'>habebit.</span> 
     </span>
    </p>
   </div>
   <div class='ocr_carea' id='block_1_10' title="bbox 894 4045 1048 4132">
    <p class='ocr_par' dir='ltr' id='par_1_10' title="bbox 894 4045 1048 4132">
     <span class='ocr_line' id='line_1_26' title="bbox 894 4045 1048 4132; baseline 0 -1"><span class='ocrx_word' id='word_1_158' title='bbox 894 4045 1048 4132; x_wconf 78' lang='lat' dir='ltr'><strong>CLVIII.</strong></span> 
     </span>
    </p>
   </div>
   <div class='ocr_carea' id='block_1_11' title="bbox 357 4271 1587 4600">
    <p class='ocr_par' dir='ltr' id='par_1_11' title="bbox 357 4271 1587 4600">
     <span class='ocr_line' id='line_1_27' title="bbox 453 4271 1585 4372; baseline -0.001 -24"><span class='ocrx_word' id='word_1_159' title='bbox 453 4272 652 4368; x_wconf 89' lang='lat' dir='ltr'>Gregorius</span> <span class='ocrx_word' id='word_1_160' title='bbox 669 4272 850 4348; x_wconf 88' lang='lat' dir='ltr'>universis</span> <span class='ocrx_word' id='word_1_161' title='bbox 868 4272 1051 4372; x_wconf 88' lang='lat' dir='ltr'>Episcopis</span> <span class='ocrx_word' id='word_1_162' title='bbox 1068 4272 1238 4371; x_wconf 84' lang='lat' dir='ltr'>Hystriae.</span> <span class='ocrx_word' id='word_1_163' title='bbox 1259 4271 1497 4348; x_wconf 82' lang='lat' dir='ltr'>Recordandae</span> <span class='ocrx_word' id='word_1_164' title='bbox 1515 4297 1585 4347; x_wconf 89' lang='lat' dir='ltr'>me·</span> 
     </span>
     <span class='ocr_line' id='line_1_28' title="bbox 359 4385 1584 4485; baseline 0.002 -27"><span class='ocrx_word' id='word_1_165' title='bbox 359 4385 479 4461; x_wconf 76' lang='lat' dir='ltr'>moria</span> <span class='ocrx_word' id='word_1_166' title='bbox 505 4386 668 4483; x_wconf 89' lang='lat' dir='ltr'>Vigilins</span> <span class='ocrx_word' id='word_1_167' title='bbox 686 4390 782 4485; x_wconf 89' lang='lat' dir='ltr'>Papa</span> <span class='ocrx_word' id='word_1_168' title='bbox 807 4387 845 4460; x_wconf 95' lang='lat' dir='ltr'>in</span> <span class='ocrx_word' id='word_1_169' title='bbox 864 4387 951 4463; x_wconf 91' lang='lat' dir='ltr'>urbe</span> <span class='ocrx_word' id='word_1_170' title='bbox 969 4387 1070 4483; x_wconf 89' lang='lat' dir='ltr'>regia</span> <span class='ocrx_word' id='word_1_171' title='bbox 1086 4388 1316 4476; x_wconf 79' lang='lat' dir='ltr'>constitutus,</span> <span class='ocrx_word' id='word_1_172' title='bbox 1333 4395 1459 4462; x_wconf 87' lang='lat' dir='ltr'>contra</span> <span class='ocrx_word' id='word_1_173' title='bbox 1476 4386 1584 4461; x_wconf 85' lang='lat' dir='ltr'>Theo</span> 
     </span>
     <span class='ocr_line' id='line_1_29' title="bbox 357 4499 1587 4600; baseline -0.001 -28"><span class='ocrx_word' id='word_1_174' title='bbox 357 4499 480 4573; x_wconf 89' lang='lat' dir='ltr'>doram</span> <span class='ocrx_word' id='word_1_175' title='bbox 502 4509 594 4576; x_wconf 88' lang='lat' dir='ltr'>tuno</span> <span class='ocrx_word' id='word_1_176' title='bbox 619 4505 824 4596; x_wconf 85' lang='lat' dir='ltr'>Augustam</span> <span class='ocrx_word' id='word_1_177' title='bbox 851 4500 909 4575; x_wconf 87' lang='lat' dir='ltr'>vel</span> <span class='ocrx_word' id='word_1_178' title='bbox 935 4499 1134 4600; x_wconf 86' lang='lat' dir='ltr'>Aoephalos</span> <span class='ocrx_word' id='word_1_179' title='bbox 1164 4499 1405 4575; x_wconf 89' lang='lat' dir='ltr'>damnationis</span> <span class='ocrx_word' id='word_1_180' title='bbox 1433 4499 1587 4598; x_wconf 90' lang='lat' dir='ltr'>promul·</span> 
     </span>
    </p>
   </div>
   <div class='ocr_carea' id='block_1_12' title="bbox 0 0 1797 5288">
    <p class='ocr_par' dir='ltr' id='par_1_12' title="bbox 0 0 1797 5288">
     <span class='ocr_line' id='line_1_30' title="bbox 0 0 1797 5288; baseline 0 0"><span class='ocrx_word' id='word_1_181' title='bbox 0 0 1797 5288; x_wconf 95' lang='lat' dir='ltr'> </span> 
     </span>
    </p>
   </div>
   <div class='ocr_carea' id='block_1_13' title="bbox 1789 1603 1792 2278">
    <p class='ocr_par' dir='ltr' id='par_1_13' title="bbox 1789 1603 1792 2278">
     <span class='ocr_line' id='line_1_31' title="bbox 1789 1603 1792 2278; baseline 0 0"><span class='ocrx_word' id='word_1_182' title='bbox 1789 1603 1792 2278; x_wconf 95' lang='lat' dir='ltr'> </span> 
     </span>
    </p>
   </div>
  </div>
 </body>
</html>
