3582 5288
710 392 751 418 -ῡ-
777 372 839 435 101
868 404 906 418 -

195 501 327 568 cternae
340 491 426 564 vitae
437 489 620 584 clavigero
632 491 766 565 terreni
776 489 929 568 simulet
938 490 1229 589 celestisimperii
1239 492 1319 566 iura
1329 514 1422 568 com·

196 604 304 678 misit.
321 605 399 678 Non
424 627 511 700 ergo
528 603 695 702 quaelibet
712 613 854 678 terrena
871 605 1059 692 sententia,
1077 603 1138 680 sed
1158 603 1249 680 illud
1270 603 1420 682 verbum
1504 605 1509 613 ’

193 741 264 817 quo
280 726 529 794 constructum
548 727 603 792 ast
619 717 747 792 caelum
766 728 802 791 et
819 719 926 806 terra,
945 742 1006 815 per
1023 718 1115 816 quod
1133 719 1285 816 denique
1302 718 1421 792 omnia

193 831 336 906 condita
357 839 444 906 sunt
468 830 655 917 elementa,
680 834 875 904 Romanam
901 832 1068 918 fundavit
1091 831 1298 908 Ecclesiam.
1316 831 1420 906 Illius

193 953 292 1020 certe
310 943 500 1042 privilegio
517 943 650 1018 fundus
675 943 773 1017 illius
798 945 1011 1021 auctoritate
1037 943 1198 1019 fulcitur.
1223 945 1326 1020 Unde
1349 968 1419 1019 non

190 1057 355 1149 dubium,
371 1057 456 1156 quia
473 1057 636 1155 quisquis
654 1057 847 1132 cuiuslibet
864 1057 1023 1132 ecclesiae
1042 1059 1181 1132 iussum
1199 1055 1354 1132 detrahit
1367 1058 1420 1131 in·

194 1171 372 1245 iustitiam
394 1169 491 1248 facit.
509 1169 579 1258 Qui
596 1178 718 1244 autem
740 1173 907 1245 Romana
924 1170 1094 1246 Ecclesiae
1118 1170 1352 1269 privilegium
1377 1169 1422 1244 ab

193 1285 269 1382 ipso
285 1307 427 1360 summo
443 1283 609 1372 omnium,
621 1283 856 1360 ecclesiarum
875 1283 991 1382 capite
1008 1285 1194 1373 traditum,
1211 1283 1353 1359 auferre
1364 1307 1420 1360 co-

196 1409 314 1488 natur,
331 1398 391 1475 hic
407 1397 637 1496 proculdubio
654 1399 692 1472 in
709 1398 853 1474 heresin
870 1397 1015 1472 labitur.
1033 1401 1080 1472 Et
1094 1407 1180 1474 ‘cum
1199 1395 1260 1503 ille
1275 1405 1418 1472 notetur

195 1514 326 1602 iustus,
337 1513 398 1588 hic
411 1523 464 1588 est
477 1513 648 1588 dicendus
665 1512 856 1588 hereticus.
869 1511 1136 1610 Fidemquippe
1151 1511 1272 1600 violat,
1286 1509 1347 1609 qui
1360 1510 1421 1586 ad·

198 1653 325 1704 versus
338 1627 436 1702 illam
452 1628 541 1724 agit,
555 1654 634 1727 quar
646 1637 762 1703 mater
775 1635 829 1702 est
843 1625 933 1700 fidei.
947 1629 994 1698 Et
1011 1624 1182 1701 illicitum
1197 1623 1350 1698 maxime
1367 1624 1419 1697 in-

195 1741 352 1828 venitur,
370 1742 431 1841 qui
449 1768 526 1817 eam
544 1741 686 1817 cunctis
703 1739 865 1816 ecclesiis
883 1739 1082 1836 praetulisse
1107 1738 1347 1834 cognoscitur,
1372 1740 1419 1812 Et

194 1853 300 1928 infra.
313 1855 417 1929 Unde
430 1863 466 1929 et
478 1855 553 1951 ipsc
566 1862 715 1934 sanctus
729 1852 938 1928 Ambrosius
951 1879 988 1928 sa
1001 1854 1039 1926 in
1052 1852 1217 1928 omnibus
1230 1854 1330 1950 sequi
1346 1877 1416 1926 ma·

192 1965 349 2061 gistrum
367 1978 529 2043 sanctam
550 1970 744 2040 Romanam
763 1966 948 2062 profitetur
965 1953 1175 2041 aecclesiam.

706 2192 910 2276 cxxxvfl.
1017 2207 1020 2213 ’
1071 2205 1074 2213 ‘
1106 2208 1108 2212 ’

290 2423 328 2497 Si
346 2423 427 2520 quis
445 2423 653 2520 Apostolicae
670 2421 752 2496 Sodi
770 2421 847 2494 sine
864 2419 1029 2494 concordi
1042 2429 1078 2495 at
1090 2419 1263 2495 canonica
1276 2417 1417 2494 electio-

194 2563 238 2612 nc
253 2536 500 2612 Cardinalium
514 2537 683 2626 eiusdem,
694 2561 737 2611 ao
750 2534 875 2611 deinde
889 2534 1116 2631 sequentium
1130 2533 1350 2610 Clericorum
1365 2558 1417 2608 re·

194 2652 406 2747 ligiosorum
421 2651 671 2740 intronizatur,
684 2673 753 2724 non
769 2653 874 2745 Papa4
886 2647 945 2722 rel
960 2647 1194 2745 Apostolious
1207 2647 1266 2722 sed
1284 2655 1419 2744 aposta·

192 2765 288 2839 tious
300 2763 488 2852 habeatur,
497 2773 583 2838 etut
592 2764 765 2838 moriente
780 2763 936 2836 Romano
950 2759 1133 2849 Pontifice‚
1146 2760 1204 2836 vel
1213 2759 1418 2836 cuiuscum-

193 2903 261 2975 que
275 2876 447 2967 civitatis,
460 2877 583 2950 nullus
596 2885 789 2974 prasumat
801 2875 993 2949 facultates
1005 2874 1147 2952 illorum
1162 2875 1341 2964 invadere,
1354 2877 1416 2950 sed

191 2989 458 3066 successoribus
475 3011 593 3065 eorum
614 2990 756 3086 integre
773 2999 1009 3064 reserventur.

596 3239 603 3253 ·
698 3217 920 3301 cxxxvlll.

288 3445 328 3520 si
346 3447 426 3544 quis
444 3445 595 3544 pecunia
613 3445 671 3520 vel
688 3446 807 3540 gratia
824 3444 995 3534 humana,
1011 3453 1076 3518 aut
1088 3445 1262 3543 populari,
1275 3469 1338 3518 seu
1353 3445 1417 3518 mi·

192 3561 291 3635 litari
305 3561 476 3648 tumultu,
486 3559 563 3640 sine
576 3559 740 3634 concordi
750 3569 787 3633 et
796 3549 968 3634 canonica
977 3559 1147 3636 electione
1158 3558 1415 3648 cardinalium,

192 3684 229 3748 et
246 3673 472 3772 sequentium
491 3672 740 3768 religiosorum
758 3672 972 3748 clericorum
989 3672 1100 3748 fuerit
1117 3670 1329 3770 Apostolicae
1341 3672 1415 3748 sedi

193 3787 468 3872 inthronizatus,
491 3810 558 3860 nec
585 3785 820 3883 Apostolicus,
842 3787 903 3862 sed
920 3787 1137 3884 apostaticus
1154 3785 1336 3862 habeatur.
1360 3787 1416 3861 Li-

192 3911 341 4001 ceatque
360 3901 612 4006 cardinalibus
629 3927 713 3980 cum
732 3904 846 3982 Deum
864 3899 1074 3988 timentibus
1095 3899 1236 3976 clericis
1257 3908 1293 3974 ct
1313 3898 1416 3974 laicis

192 4017 395 4091 invasorem
409 4015 515 4092 etiam
529 4015 767 4106 anathemate,
784 4013 992 4090 et‘humano
1004 4011 1137 4096 auxilio
1149 4024 1185 4087 et
1198 4011 1316 4086 studio
1328 4037 1350 4084 a
1362 4037 1416 4086 se-

192 4129 234 4205 de
248 4128 452 4226 Apostolica
469 4127 612 4226 pellere,
624 4138 661 4202 et
677 4153 784 4226 quem
800 4126 953 4222 dignum
970 4125 1220 4216 iudicaverint,
1238 4148 1414 4223 reponere.

192 4243 293 4331 Quod
310 4243 341 4316 si
357 4237 423 4318 hoa
442 4243 537 4316 intra
554 4241 685 4318 Urbem
703 4245 872 4341 perficere
884 4240 1124 4338 nequiverint,
1137 4239 1351 4314 auctoritate
1368 4244 1415 4315 A·

192 4355 360 4452 postolica
376 4365 479 4434 extra
494 4352 626 4430 Urbem
640 4356 864 4452 congregati,
877 4356 916 4429 in
928 4355 1004 4430 loco
1017 4355 1078 4454 qui
1092 4355 1143 4430 eis
1157 4354 1333 4452 placuerit
1345 4353 1414 4429 ele·

193 4469 347 4543 ctionem
370 4467 516 4555 faciant,
530 4492 700 4590 copcessa
716 4469 828 4544 electo
845 4469 1057 4544 auctoritato
1075 4464 1223 4564 regendi
1241 4475 1278 4543 et
1302 4467 1414 4565 dispo-
