3642 5294
916 415 1067 477 ...6-

380 543 432 615 De
450 539 655 638 principatu
674 535 924 636 Apostolorum
946 538 1044 614 Petri
1067 548 1104 614 el
1125 538 1240 612 Pauli.
1257 539 1342 636 Cap.
1366 539 1439 615 CII.
1457 539 1602 616 CCXX.

380 766 480 854 Quod
496 765 588 841 idem
607 765 684 864 (sic)
706 769 901 840 Romanam
928 765 1129 842 Ecclesiam
1151 767 1322 842 universo
1345 768 1421 842 orbi
1440 769 1603 867 praetule-

450 893 547 957 runt.
564 883 649 980 Cap.
666 883 704 956 L.

379 995 479 1084 Quod
496 997 563 1094 ipsi
582 1021 659 1072 eam
679 996 832 1092 primam
850 996 1003 1072 fecerint
1019 996 1150 1072 sedern.
1168 995 1335 1095 Capitulo
1352 998 1483 1073 eodem.

378 1111 479 1198 Quod
493 1134 555 1209 pro
567 1110 688 1186 eadem
703 1109 1028 1207 specialiterorent.
1037 1111 1122 1208 Cap.
1132 1110 1217 1184 item
1228 1110 1265 1182 in
1275 1110 1397 1185 eodem
1411 1120 1448 1186 et
1456 1113 1601 1185 XLVII.

451 1236 487 1300 et
505 1226 579 1300 CII.

379 1340 479 1428 Quod
500 1339 567 1437 ipsi
590 1363 661 1414 uno
683 1340 739 1415 die
761 1352 797 1415 et
819 1364 890 1414 uno
914 1350 1073 1437 tempore
1098 1339 1192 1436 passi
1220 1339 1367 1415 luerint.
1392 1342 1477 1439 Cap.
1503 1345 1539 1416 L.
1565 1351 1602 1416 et

450 1455 683 1531 CCXXVIII.

380 1568 480 1656 Quod
517 1579 591 1642 tres
628 1568 843 1666 principales
881 1569 981 1643 sedes
1018 1567 1054 1640 in
1097 1567 1180 1643 orbe
1210 1569 1480 1644 'constituerim
1517 1571 1602 1668 Cap.

451 1683 537 1758 item
554 1685 592 1756 L.
1113 1709 1117 1714 ·

378 1799 477 1886 Quod
491 1822 615 1873 eorum
632 1799 923 1875 constitutionem
941 1799 1080 1874 Nicena
1098 1796 1252 1872 Sinodus
1269 1807 1393 1873 secula
1408 1797 1465 1872 sit.
1479 1798 1564 1895 Cap.
1577 1800 1601 1870 Ι.

450 1923 488 1988 cl
503 1914 621 1986 XXX.
638 1914 676 1987 iu
694 1913 754 1986 lib.
771 1915 857 1986 ΙΙΙΙο
874 1937 950 2011 cap.
966 1913 1096 1988 XCIII.

378 2026 478 2115 Quod
502 2026 745 2101 Alexandrina
776 2027 876 2101 sedes
909 2027 1051 2100 subdita
1077 2027 1125 2099 sit
1151 2030 1326 2100 Romanae.
1363 2027 1447 2124 Cap.
1478 2029 1539 2099 Vl.
1565 2036 1601 2100 et

450 2143 603 2214 XVIIII.
620 2151 656 2215 et
674 2143 792 2214 XXV.
809 2150 845 2216 el
863 2141 932 2216 CC.
1304 2193 1308 2202 ·

383 2258 473 2331 Item
490 2255 533 2330 de
551 2256 760 2330 Antiooena.
779 2254 933 2354 Capitnl.
950 2257 1103 2328 XXVII.
1120 2265 1156 2329 et
1173 2256 1282 2327 LXX.

381 2372 433 2444 De
450 2368 852 2465 Constantinopolitano.
871 2371 955 2468 Cap.
973 2369 1041 2445 CL.
1058 2381 1095 2443 et
1106 2369 1252 2444 CLXV.
1269 2379 1305 2443 et
1322 2369 1410 2444 CCI.

380 2484 481 2570 Quod
497 2486 656 2557 Romana
675 2482 836 2558 Ecclesia
854 2483 1015 2558 omnium
1032 2481 1268 2557 ecclesiarum
1286 2481 1333 2555 sit
1350 2491 1459 2579 caput
1475 2491 1512 2557 et
1528 2507 1602 2555 ma·

453 2607 519 2672 ter.
536 2598 623 2694 Cap.
642 2600 702 2670 VI.
717 2607 753 2671 et
771 2599 941 2671 XXVIII.
961 2599 1032 2670 LX.
1051 2606 1086 2671 et
1104 2597 1269 2672 CXXXI.

312 2717 314 2722 ’
386 2711 474 2785 Item
489 2709 667 2785 decadem
682 2735 730 2785 re.
743 2711 827 2808 Cap.
838 2711 925 2786 CCI.
936 2719 972 2784 et
985 2711 1253 2786 CCXXXVIII.
1267 2719 1303 2784 cl
1316 2711 1601 2786 CCXXXVIIII.

382 2824 482 2912 Quod
499 2824 774 2898 fundamentum
800 2833 836 2898 et
862 2824 973 2899 forma
999 2824 1046 2898 sit
1064 2823 1223 2898 omnium
1251 2823 1495 2899 ecclesiarum.
1518 2825 1602 2920 Cap.

383 3054 483 3140 Quod
499 3052 621 3128 eadem
639 3051 797 3148 singulis
815 3053 964 3130 urbibus
981 3065 1044 3128 aut
1057 3054 1247 3151 Episcopus
1264 3051 1395 3127 direxit
1413 3059 1476 3124 arrt
1493 3049 1602 3145 dirigi

456 3165 571 3241 iussit.
589 3167 674 3265 Cap.
691 3169 836 3241 XLVII.
853 3177 889 3243 et
906 3172 961 3242 LI.
978 3177 1014 3243 et
1031 3170 1139 3241 LIIII.
1161 3168 1360 3239 LXXXVI.

384 3281 484 3367 Quod
500 3281 623 3355 cadem
643 3280 913 3356 Patriarchatus
931 3289 967 3353 et
984 3278 1321 3376 Archiepiscopatus
1347 3277 1517 3351 instituit.
1535 3275 1601 3352 Ca·

454 3392 579 3490 pilulis
596 3393 681 3468 item
698 3393 741 3467 de
759 3393 891 3468 eisdem
910 3403 945 3468 et
963 3393 1164 3468 CXXXVI.

385 3507 485 3593 Quod
502 3529 572 3579 nou
590 3505 704 3579 solum
731 3505 937 3581 Occidentis
962 3506 1023 3580 sed
1049 3506 1157 3580 etiam
1184 3505 1342 3580 Orientis
1368 3503 1534 3602 Episcopi
1559 3503 1605 3578 ab

454 3619 576 3694 eadem
604 3619 771 3693 honorem
797 3619 1076 3695 consecrationis
1100 3617 1314 3717 acceperint.
1340 3618 1424 3715 Cap.
1449 3618 1602 3690 XVIIII.
1755 3653 1760 3660 ·

455 3735 619 3809 LXXVI.
636 3743 672 3807 et
688 3734 834 3809 XCIIII.

383 3849 484 3935 Quod
500 3847 664 3922 omnibus
681 3847 842 3922 ecclesiis
859 3848 994 3942 largita
1011 3854 1065 3920 osl
1081 3869 1183 3918 suam
1203 3843 1319 3919 vicem
1335 3868 1404 3918 nou
1419 3841 1603 3940 potestatis

455 3960 728 4060 plenitudinem.
746 3961 831 4058 Cap.
849 3961 887 4035 C.
905 3962 1003 4034 XIII.

384 4074 484 4162 Quod
500 4073 545 4147 ab
562 4073 683 4148 eadem
701 4074 822 4147 unitas
839 4073 1069 4150 sacerdotalis
1086 4084 1163 4148 orta
1180 4075 1236 4148 sit.
1254 4075 1338 4170 Cap.
1357 4074 1396 4147 C.
1414 4073 1511 4145 XIII.

386 4187 487 4276 Quod
523 4187 682 4286 Apostoli
709 4189 975 4264 constituerunt
1005 4187 1144 4261 nullam
1173 4187 1298 4260 debere
1334 4185 1410 4261 fieri
1441 4185 1605 4260 sinodum

456 4301 589 4399 absque
606 4301 827 4377 auctoritate.
845 4303 929 4400 Cap.
947 4304 1056 4376 LXX.

386 4415 486 4503 Quod
503 4415 671 4509 generale
689 4415 843 4513 synodos
861 4416 972 4513 ipsam
995 4439 1191 4492 convocare
1209 4416 1342 4491 debeat.
1361 4415 1445 4512 Cap.
1459 4415 1557 4487 VIII.
1570 4425 1605 4488 et

456 4530 619 4604 LXXVI.
