3582 5288
720 443 894 506 ...79-

632 791 633 794 Ὺ
697 681 923 766 nxxxun.

288 912 385 987 Idem
405 911 606 986 Alexandro
623 909 804 1009 Episcopo.
822 909 994 984 Arrianus
1012 907 1182 1007 praeterea
1200 918 1417 1006 caeterasque

191 1024 398 1099 huiusmodi
412 1034 529 1122 pestes
542 1023 626 1121 quia
640 1045 760 1097 eorum
775 1021 886 1098 laicos
899 1021 1141 1097 conversosad
1151 1022 1340 1095 Dominum
1352 1021 1420 1094 sub

190 1140 353 1235 imagine
379 1138 606 1238 paenitentiae,
623 1163 665 1213 ao
691 1135 807 1211 saneti
834 1135 990 1233 Spiritus
1016 1135 1335 1209 sanctificationem
1357 1158 1419 1231 per

192 1279 324 1328 manus
340 1253 602 1350 impositionem
621 1251 850 1351 suscipimus
869 1271 938 1321 non
957 1247 1102 1323 uidetur
1123 1247 1271 1322 elericos
1296 1271 1417 1322 eorum

193 1365 380 1442 sacerdotii
390 1375 454 1440 aut
464 1364 865 1461 ministeriicuiuspiam
875 1361 1418 1458 susciperedignitatem.Quam

192 1478 325 1577 quibus
343 1478 458 1553 solum
475 1477 651 1576 baptisma
670 1487 788 1552 ratum
807 1502 883 1552 esse
902 1477 1155 1575 permittimus,
1177 1476 1268 1574 quod
1295 1475 1419 1574 ntique

196 1591 235 1664 in
251 1591 396 1666 nomine
415 1591 533 1686 Patris
551 1603 587 1666 et
603 1591 688 1664 Filii
702 1600 738 1666 et
752 1593 909 1689 Spiritus
923 1592 1040 1666 sancti
1055 1593 1249 1689 perficitur,
1263 1615 1330 1666 nec
1344 1591 1421 1688 Spi-

196 1705 307 1778 ritum
326 1713 491 1780 sanctum
509 1728 568 1778 eos
584 1703 715 1780 habere
733 1727 776 1780 ex
788 1705 850 1780 illo
863 1706 1078 1803 baptismate
1091 1705 1233 1803 illisque
1248 1705 1419 1780 misteriis

193 1819 424 1907 arbitramur,
441 1820 607 1916 quoniam
627 1845 709 1894 oum
729 1845 748 1892 a
767 1819 944 1895 catholica
962 1821 1030 1895 fide
1048 1845 1169 1894 corum
1185 1829 1349 1895 auctores
1363 1819 1419 1894 de-

196 1933 403 2021 sciscerent,
420 1933 671 2031 perfectionem
691 1935 847 2032 Spiritus
865 1958 971 2030 quam
986 1943 1199 2030 acceperant
1212 1933 1421 2008 amiserunt.

198 2049 276 2121 Nec
289 2046 373 2121 dare
387 2047 439 2120 eis
453 2047 710 2144 plenitudinem
726 2057 873 2143 possunt
886 2071 964 2144 quea
978 2047 1130 2122 maxime
1144 2046 1181 2120 in
1194 2047 1422 2122 ordinationi·

196 2159 453 2256 temperatur,
467 2184 573 2257 quam
593 2186 654 2258 per
672 2161 867 2258 impietatis
885 2185 959 2234 suae
977 2161 1159 2259 perfidiam
1178 2163 1294 2260 potius
1312 2185 1419 2258 quam

196 2273 301 2346 fidem
319 2271 469 2348 dixerim
488 2274 681 2370 perdidere.
700 2275 878 2361 Quomodo
895 2299 981 2370 argo
999 2277 1075 2351 fieri
1093 2287 1207 2374 potest
1232 2287 1273 2350 ut
1298 2299 1419 2350 eorum

197 2385 395 2482 prophanus
413 2386 613 2460 sacerdotes
630 2387 759 2482 dignos
776 2387 913 2463 Christi
931 2388 1124 2464 honoribus
1141 2390 1387 2488 arbitremur?

690 2619 934 2704 LXXXVIHI.

294 2845 391 2918 Idem
408 2844 534 2941 Rupho
551 2854 587 2919 et
604 2844 757 2919 Eusebio
773 2854 809 2920 et
825 2844 955 2920 ceteris
974 2843 1168 2943 Episcopis
1185 2849 1259 2920 Nos
1281 2846 1424 2919 damna-

200 2984 280 3032 mus
296 2958 341 3032 ab
360 2957 527 3033 hereticis
543 2958 722 3032 ordinatos
740 2957 971 3032 vulneratum
994 2982 1056 3054 per
1078 2957 1182 3032 ¹illam
1207 2983 1337 3041 manns
1361 2959 1425 3034 im·

200 3071 408 3170 positionem
429 3071 533 3146 abere
551 3080 667 3168 caput.
685 3072 754 3148 Ubi
774 3071 908 3147 vulnus
926 3071 1076 3146 infixum
1094 3081 1159 3161 est,
1177 3073 1353 3156 medicina
1371 3084 1425 3148 ast

201 3185 402 3258 adhibenda
420 3209 490 3281 qua
503 3173 694 3259 sanitatem
709 3184 867 3281 recipiat.
882 3188 968 3272 Quae
982 3185 1118 3258 sanitas
1131 3195 1209 3283 post
1221 3186 1357 3260 uulnus
1374 3211 1426 3261 so·

200 3307 286 3372 enta
303 3295 381 3372 sine
398 3295 565 3372 cicatrice
583 3321 747 3372 essenon
765 3299 902 3394 poterit.
921 3304 1039 3397 Atque
1058 3299 1120 3372 ubi
1143 3299 1347 3396 penitentiae
1374 3323 1426 3373 re·

202 3410 358 3484 medium
379 3409 619 3488 necessarium
646 3420 701 3484 est
726 3410 800 3486 illic
824 3411 1057 3486 ordinationis
1077 3420 1200 3486 onorat
1220 3411 1347 3486 locum.
1365 3420 1428 3486 At·

202 3549 271 3621 que
289 3523 416 3598 habere
434 3546 504 3596 non
521 3547 631 3620 posse.
648 3527 741 3597 Nam
761 3524 792 3598 si
810 3535 852 3597 ut
869 3523 1007 3619 legitur
1020 3525 1081 3622 qui
1096 3523 1258 3620 tetigerit
1272 3525 1424 3598 immun·

203 3637 288 3709 dnm
308 3635 516 3708 immundus
533 3635 612 3726 erit,
629 3636 800 3733 quomodo
817 3636 848 3710 ei
867 3637 1046 3711 tribuetur
1063 3637 1125 3734 qui
1143 3636 1321 3710 munditia
1338 3637 1427 3712 solet

202 3749 363 3846 accipere
372 3753 390 3822 ’ἒ
408 3748 476 3824 Sed
493 3760 616 3824 eontra
632 3750 805 3824 asseritur
823 3776 905 3826 eum
920 3752 982 3849 qui
996 3752 1165 3827 honorem
1179 3751 1310 3841 amisit,
1323 3752 1427 3826 hono-

205 3887 279 3937 rem
297 3862 380 3937 dare
398 3885 468 3936 non
487 3887 597 3960 posse.
609 3866 685 3938 Nee
699 3861 802 3936 illum
821 3863 958 3961 aliquid
974 3864 1165 3962 accepisse,
1180 3865 1265 3963 quia
1282 3864 1375 3937 nihil
1389 3866 1427 3938 in

204 3977 310 4050 dante
327 3986 414 4066 erat,
431 3977 523 4075 quod
539 3976 599 4050 ille
618 3985 734 4071 posset
751 3977 924 4075 accipere.
943 3983 995 4052 Ae
1014 4001 1083 4076 que
1102 3979 1237 4053 scimus
1249 3988 1285 4052 et
1298 4003 1427 4053 verum

205 4099 259 4163 est
275 4089 359 4186 quia
377 4091 468 4188 quod
486 4113 555 4164 non
573 4089 700 4164 habuit
716 4089 800 4164 dere
818 4113 889 4164 non
905 4090 1030 4188 potuit.
1049 4091 1344 4188 Dampnationem
1360 4093 1428 4165 uti-

206 4227 274 4300 que
291 4227 399 4300 quam
416 4203 542 4278 habuit
558 4228 620 4301 par
638 4227 785 4301 pravam
812 4229 941 4278 manns
965 4205 1226 4302 impositionem
1253 4204 1359 4279 dedit.
1383 4209 1430 4283 m

207 4315 269 4412 qui
286 4315 463 4414 particeps
480 4316 598 4392 factus
615 4325 670 4391 est
691 4315 954 4414 dampnationis
979 4317 1150 4415 quomodo
1174 4317 1299 4391 debeat
1323 4315 1429 4391 hono

207 4453 281 4502 ram
299 4428 459 4526 accipere
479 4429 642 4505 invenire
660 4452 730 4504 non
748 4453 901 4528 possum.
