3582 5288
682 392 880 456 -149-

169 509 305 586 Christi
314 511 522 610 incorrupta
531 521 585 588 est
593 521 629 588 et
639 512 776 610 pudica.
786 514 906 588 Unam
914 513 1058 588 domum
1068 536 1197 588 novam
1211 513 1321 589 unius
1332 541 1394 591 cu·

168 622 279 698 biculi
293 624 525 700 sanctitatem
542 635 640 700 casto
652 625 785 722 pudore
810 627 975 702 custodit.
993 630 1082 702 Item
1101 627 1205 704 idem.
1223 631 1310 704 Haec
1330 652 1395 704 nos

168 739 241 812 Deo
254 747 377 812 servat
388 737 466 813 haec
483 737 574 814 filios
591 762 703 834 regno
720 763 807 838 quos
828 739 1019 836 generavit
1035 739 1208 836 assignat.
1222 740 1395 839 Quisquis

19 863 21 878 ’
165 851 210 925 ab
222 851 386 926 Ecclesia
399 860 615 948 segregatur
626 853 1004 950 adulteraeiungitura
1021 853 1204 952 promissis
1222 854 1393 938 Ecclesiae

168 973 364 1062 separatur.
380 969 461 1040 Non
478 965 662 1063 perveniet
679 967 723 1042 ad
741 967 878 1043 Christi
891 967 1067 1066 premium
1082 966 1144 1066 qui
1162 967 1315 1066 reliquid
1328 972 1394 1044 Ec-

165 1079 312 1156 clesiam
326 1079 473 1156 Christi.
483 1079 635 1156 Alienus
643 1090 708 1172 est,
717 1081 886 1179 profanus
900 1091 965 1171 est,
977 1081 1089 1157 hostis
1103 1090 1167 1170 est,
1179 1080 1310 1157 habere
1319 1081 1392 1156 iam

165 1215 236 1266 non
250 1201 366 1291 potest
383 1194 497 1266 Deum
510 1196 666 1282 Patrem,
678 1194 740 1291 qui
754 1218 825 1270 non
838 1194 945 1269 habet
958 1194 1157 1270 Ecclesiam
1175 1205 1340 1286 matrem,
1356 1205 1393 1272 et

171 1305 232 1402 qui
250 1328 323 1379 non
339 1304 497 1379 tenuerit
513 1304 729 1380 universalis
746 1307 918 1382 Ecclesiae
931 1307 1119 1383 unitatem.
1132 1308 1170 1381 Si
1184 1309 1299 1405 potuit
1311 1333 1393 1384 eva·

166 1419 248 1493 dere
266 1417 430 1516 quisquis
447 1427 548 1494 extra
559 1443 644 1494 arca
661 1423 736 1496 Noe
749 1421 820 1495 fuit
832 1431 869 1496 et
881 1421 943 1519 qui
956 1431 1057 1496 extra
1070 1420 1269 1497 Ecclesiam
1283 1423 1392 1498 fuerit

164 1531 293 1606 evadit.
312 1533 433 1605 Monet
450 1529 621 1604 Dominus
634 1541 670 1607 et
682 1532 779 1609 dicit.
793 1534 862 1622 Qui
875 1558 945 1610 non
959 1549 1014 1610 est
1031 1559 1184 1625 meeum,
1196 1535 1389 1610 adversum

166 1669 221 1719 me
239 1654 307 1734 est,
323 1653 359 1719 et
372 1642 432 1741 qui
447 1666 517 1718 non
535 1643 676 1740 colligit
693 1671 846 1737 mecum,
859 1647 1044 1745 dispergit.
1061 1651 1153 1726 Item
1171 1657 1249 1746 post
1265 1674 1390 1747 pauca.

165 1758 254 1844 Quis
270 1780 358 1853 ergo
376 1757 429 1831 sic
447 1755 653 1832 scelaeratus
670 1768 706 1833 et
722 1760 888 1858 perfidus,
906 1760 987 1858 quis
1005 1760 1057 1836 sic
1070 1761 1255 1836 discordia
1271 1761 1391 1838 furore
1527 1754 1534 1764 '

164 1895 331 1960 vesanus,
349 1880 391 1944 ut
407 1878 471 1943 aut
487 1869 608 1944 credat
621 1870 735 1946 scindi
750 1897 860 1971 posse,
873 1884 937 1948 aut
953 1875 1082 1950 audeat
1096 1875 1257 1951 scindere
1275 1876 1392 1950 unita·

161 1992 234 2058 tem
248 1981 325 2071 Dei,
342 1990 480 2056 vestem
497 1982 651 2072 Domini,
668 1985 868 2060 Ecclesiam
888 1987 1053 2063 Christi?
1069 1991 1159 2063 Item
1173 1997 1386 2086 postpauca.

166 2099 279 2172 Nemo
297 2094 442 2171 estimet
457 2093 565 2169 bonos
578 2095 620 2170 de
638 2095 801 2172 Ecclesia
817 2099 1008 2188 discedere,
1021 2099 1182 2176 triticum
1197 2124 1282 2172 nam
1296 2101 1390 2199 rapit

164 2221 307 2301 ventus,
321 2235 388 2286 nec
400 2210 562 2286 arborem
579 2209 727 2284 solidam
741 2213 859 2288 radice
873 2213 1059 2287 fundatam
1073 2212 1227 2310 procella
1244 2213 1390 2290 subver-

19 2393 20 2408 ,
162 2327 214 2401 tit.
227 2329 358 2401 inanes
371 2325 480 2424 paleae
494 2334 705 2424 tempestate
722 2325 916 2416 iactantur,
934 2336 970 2401 et
987 2325 1145 2401 invalide
1157 2326 1300 2402 arbores
1315 2336 1391 2403 tur-

19 2439 20 2442 ’
161 2440 256 2514 binis
272 2440 477 2516 incursione
493 2447 698 2528 vertuntur,
710 2439 775 2513 hos
792 2449 981 2516 execratur
997 2449 1034 2515 et
1046 2439 1202 2538 percutit
1215 2440 1390 2518 Iohannes

19 2599 20 2630 r
161 2553 352 2651 Apostolus
369 2553 502 2627 dicens
521 2556 576 2626 Ex
591 2551 692 2628 nobis
709 2551 874 2628 exierunt
891 2553 1037 2629 sednon
1054 2562 1157 2628 erant
1165 2577 1215 2656 ex
1226 2553 1335 2629 nobis.
1349 2555 1388 2629 Si

19 2727 20 2732 ,
161 2667 255 2741 enim
272 2666 427 2742 fuissent
442 2690 487 2740 ex
502 2665 604 2740 nobis
621 2665 839 2740 mansissent
856 2665 1042 2742 nobiscum
1059 2665 1146 2741 hinc
1159 2691 1277 2742 erosos
1290 2676 1326 2742 et
1337 2667 1388 2741 fa-

160 2790 215 2856 cto
233 2789 320 2854 sunt
345 2779 550 2877 frequenter
567 2789 604 2854 et
628 2779 730 2854 fiunt.
755 2780 850 2852 Dum
872 2802 1041 2876 perversa
1066 2804 1168 2854 mens
1192 2780 1389 2858 nonhabet

161 2918 286 2991 pacem
303 2893 389 2967 dum
406 2893 554 2991 perfidia
570 2893 776 2969 discordans
793 2915 865 2966 non
886 2901 986 2969 tenet
1001 2892 1191 2984 unitatem,
1208 2893 1285 2968 fieri
1302 2919 1387 2970 vero

162 3007 238 3084 haec
256 3007 432 3083 Dominus
449 3007 624 3105 permittit
640 3017 677 3084 et
689 3006 836 3106 patitur,
853 3017 1021 3082 manente
1041 3006 1192 3105 propriae
1211 3007 1387 3084 libertatis

159 3121 318 3210 arbitrio,
334 3130 376 3196 ut
392 3121 478 3194 dum
496 3121 601 3196 corda
618 3131 654 3197 et
678 3129 816 3197 mentes
834 3128 974 3194 nostras
991 3119 1156 3194 veritatis
1179 3118 1386 3198 discrimino

159 3233 352 3322 examinat,
369 3233 595 3330 probatorum
621 3235 707 3309 fides
723 3235 869 3332 integra
886 3233 1078 3310 manifesta
1102 3234 1184 3310 luce
1202 3234 1385 3312 clarescat.

159 3352 228 3424 Per
254 3347 462 3446 Apostolum
487 3357 683 3445 praemonet
708 3346 866 3446 Spiritus
890 3355 1039 3420 sanctus
1064 3355 1101 3420 et
1124 3345 1222 3420 dicit.
1240 3347 1387 3443 Oportet

157 3462 301 3540 hereses
324 3485 400 3537 esse
416 3470 459 3536 ut
483 3460 545 3560 qui
570 3461 706 3560 probati
723 3469 809 3536 sunt
835 3458 1018 3534 manifesti
1044 3458 1117 3533 sint
1140 3457 1180 3531 in
1195 3458 1306 3534 vobis.
1324 3461 1385 3536 Sic

156 3577 352 3676 probantur
369 3575 500 3666 fideles,
517 3576 569 3652 sic
587 3575 711 3673 perfidi
729 3575 959 3669 deteguntur.
976 3574 1066 3648 Item
1083 3571 1122 3644 in
1143 3572 1384 3670 sequentibus.

157 3694 273 3779 Quam
289 3689 358 3764 sibi
376 3713 499 3788 pacem
517 3688 732 3786 promittunt
748 3686 889 3761 inimici
903 3686 1085 3760 fratrum?
1103 3688 1191 3773 Quae
1207 3686 1384 3762 sacrificia

156 3803 336 3878 celebrare
349 3827 386 3876 se
399 3802 552 3877 credunt
564 3801 677 3876 emuli
691 3801 943 3877 sacerdotum?
957 3803 1088 3876 Secum
1105 3791 1182 3876 esse
1196 3800 1382 3876 Christum

157 3941 241 3992 cum
259 3916 399 3992 collecti
413 3915 549 3991 fuerint
566 3915 770 4014 opinantur,
796 3913 857 4012 qui
875 3923 975 3989 extra
992 3913 1192 3989 Ecclesiam
1209 3913 1386 4010 colligun-

155 4033 244 4104 tur?
261 4029 366 4103 Tales
382 4028 491 4103 etiam
510 4029 541 4103 si
558 4029 666 4105 occisi
683 4028 819 4105 fuerint
837 4027 875 4100 in
893 4027 1113 4104 confessione
1129 4027 1297 4118 nominis,
1310 4053 1383 4103 ma·

157 4142 239 4217 cula
255 4143 325 4218 ista
342 4167 409 4218 nec
426 4143 604 4240 sanguine
629 4143 799 4220 abluitur.
817 4143 1047 4243 Inexpiabilis
1072 4153 1107 4218 et
1132 4143 1258 4240 gravis
1275 4143 1382 4241 culpa

156 4255 350 4345 discordia,
367 4280 433 4331 nec
450 4257 612 4354 passione
634 4269 822 4356 purgatur.
839 4262 927 4334 Esse
945 4268 1085 4358 martyr
1098 4281 1169 4334 non
1181 4267 1295 4356 potest
1319 4259 1381 4357 qui

157 4369 193 4442 in
209 4370 373 4446 Ecclesia
390 4393 460 4444 non
477 4381 541 4447 est.
558 4372 613 4446 Ad
631 4398 786 4469 regnum
800 4374 985 4471 pervenire
1004 4397 1075 4448 non
1093 4379 1207 4470 potest
1219 4371 1282 4470 qui
1298 4397 1377 4448 eam

157 4505 232 4580 quae
249 4493 447 4581 regnatura
459 4493 514 4562 est
527 4484 734 4584 dereliquid.
747 4490 794 4562 Et
809 4497 886 4586 post
903 4512 1026 4586 pauca.
1040 4487 1134 4564 Cum
1147 4487 1221 4562 Deo
1233 4511 1379 4564 manere
