3642 5294
715 425 888 488 ..39-

767 659 847 744 Ill.

286 883 421 960 Nullus
446 885 642 985 Episcopus
666 886 816 964 alterius
838 885 1120 964 Parroohianum
1142 895 1338 984 praesumat
1362 911 1416 962 re·

187 999 315 1086 tinere,
331 1007 396 1074 aut
411 999 577 1076 ordinare
591 1000 725 1102 absque
742 1001 821 1078 eius
838 999 1035 1089 uoluntate,
1053 995 1112 1076 v'el
1129 997 1300 1086 iudicare,
1313 1005 1415 1076 salva

188 1121 312 1187 tamen
327 1112 366 1186 in
382 1111 548 1188 omnibus
561 1115 766 1212 Apostolica
779 1113 1002 1190 auctoritate.
1015 1113 1108 1219 Quia
1121 1113 1217 1190 sicut
1230 1113 1332 1188 irrita
1345 1113 1415 1188 erit
1505 1152 1507 1157 .

189 1225 268 1302 eius
284 1226 469 1316 ordinatio,
488 1226 538 1301 ita
556 1236 591 1303 et
608 1227 824 1303 diiudicatio.

756 1457 853 1541 XIII.

291 1685 400 1760 Salvo
408 1685 445 1759 in
458 1685 623 1760 omnibus
636 1688 803 1760 Romanae
816 1683 987 1762 Ecclesia
995 1683 1198 1782 privilegio,
1206 1683 1331 1759 nullus
1344 1689 1418 1760 Me·

192 1795 431 1895 tropolitanus
448 1797 581 1896 absque
598 1806 800 1872 ceterorum
818 1797 980 1872 omnium
997 1795 1356 1894 comprovincialium
1374 1800 1419 1871 E·

192 1912 414 2010 piscoporum
425 1911 805 2010 instantiaaliquorum
817 1912 940 1988 audiat
952 1909 1420 2010 causas,quiairritaeeruut

190 2026 295 2100 aliter
303 2034 394 2114 acte,
407 2049 515 2124 quarn
525 2026 564 2099 in
576 2037 768 2130 conspectu
782 2051 904 2103 eorum
917 2025 1078 2100 omnium
1089 2024 1282 2112 ventilata,
1294 2034 1331 2100 et
1343 2024 1418 2122 ipse

193 2139 223 2213 si
239 2139 377 2226 fecerit,
394 2149 603 2215 coerceatur
619 2165 640 2212 a
658 2141 842 2216 fratribus.

748 2369 864 2468 llllll.

289 2595 430 2670 Alienis
446 2595 625 2672 erroribus
642 2596 855 2685 sauciatum,
880 2595 978 2670 vela
1001 2595 1059 2669 sui
1084 2577 1251 2693 propositi
1278 2595 1422 2671 tramite

197 2709 431 2794 recedentem,
447 2719 512 2784 aut
528 2709 642 2787 sacris
658 2735 836 2787 canonum
851 2708 1070 2785 iussionibus
1087 2701 1346 2784 inchedientem
1364 2734 1422 2784 su·

196 2823 332 2921 scipere
349 2815 419 2898 nou
437 2848 637 2922 possumne,
656 2849 722 2901 neo
747 2823 921 2924 impedire
939 2830 1035 2898 recte
1053 2821 1250 2910 credentes,
1267 2821 1325 2896 vel
1342 2815 1422 2896 san-

197 2947 336 3013 ctorum
351 2948 493 3036 patrum
507 2938 751 3014 sanctionibus
764 2937 1049 3035 obtemperantes
1062 2935 1313 3034 permittimus.
1330 2936 1424 3024 Quia

198 3052 293 3126 inter
311 3051 432 3126 fideles
448 3061 485 3128 et
502 3053 663 3128 infideles
680 3076 814 3149 magna
830 3051 934 3127 debet
950 3075 1027 3126 esse
1044 3049 1220 3124 diseretio.

771 3282 847 3366 XV.

296 3514 345 3588 Ut
353 3513 585 3610 provincialis
598 3515 757 3614 synodus
776 3517 946 3588 retractet
958 3533 1020 3608 per
1034 3507 1189 3584 vicarios
1203 3506 1311 3583 Urbis
1325 3509 1422 3582 Rom.

202 3625 379 3725 Episcopi,
396 3627 426 3701 si
443 3627 520 3726 ipse
533 3627 742 3705 decreverit.
1333 3623 1336 3628 ’

768 3857 862 3942 xvl.

297 4085 474 4163 Primates
482 4099 691 4164 accusatum
701 4085 934 4163 discutientes
943 4084 1159 4183 Episcopum
1173 4103 1245 4156 non
1257 4089 1342 4156 ante
1351 4103 1430 4156 sen·

200 4197 349 4274 tentiam
369 4199 550 4300 proferant
566 4200 805 4275 damnationis
821 4223 929 4298 quam
948 4195 1150 4295 Apostolioa
1175 4194 1258 4270 freti
1275 4192 1430 4269 auctori·

203 4323 286 4404 tate,
310 4325 375 4406 aut
401 4339 500 4390 reum
525 4341 563 4392 se
584 4314 658 4414 ipse
675 4315 1057 4410 confiteatur‚a11tper
1074 4311 1283 4386 innocentes
1308 4317 1345 4383 et
1369 4331 1427 4383 ca·

205 4428 330 4504 nonice
346 4429 567 4506 examinatos
583 4439 693 4506 testes
710 4425 929 4526 regulariter
946 4423 1192 4500 convincatur.
1324 4515 1327 4520 ἡ
