3582 5288
904 389 1102 454 -144-

391 535 536 586 servare
552 509 727 586 unitatem
746 509 903 608 Spiritus
919 509 957 582 in
976 508 1123 583 vinculo
1139 505 1247 606 pacis.
1264 507 1334 596 Qui
1351 528 1439 604 ergo
1454 530 1521 582 nec
1534 505 1615 580 uni-

389 633 500 699 tatem
518 623 667 722 spiritus
684 649 751 699 nec
767 622 1055 698 convinctionem
1072 621 1171 720 pacis
1188 621 1364 710 observat,
1380 629 1417 696 et
1434 643 1471 694 se
1484 618 1530 693 ab
1546 622 1614 694 Ec·

389 738 507 813 clesiae
523 737 669 814 vinculo
685 747 792 836 atque
809 764 830 812 a
847 737 1071 814 sacerdotum
1098 735 1249 832 collegio
1273 744 1425 834 separat,
1446 731 1612 832 Episcopi

389 875 455 927 nec
472 861 682 949 potestatem
707 861 822 950 potest
845 851 975 927 habere
1000 875 1066 926 nec
1091 851 1271 941 honorem,
1288 849 1350 948 qui
1375 847 1613 946 Episcopatus

388 988 455 1040 nec
472 964 647 1041 unitatem
664 965 781 1041 voluit
796 975 917 1042 tenere
935 990 1002 1040 nec
1015 990 1149 1064 pacem.
1162 965 1259 1054 Idem
1272 965 1317 1039 ad
1329 962 1506 1040 eumdem.
1518 959 1614 1050 Quid

387 1102 472 1154 vero
489 1079 533 1153 ad
548 1079 742 1155 Novatiani
760 1101 945 1178 personam
964 1079 1117 1177 pertinet
1134 1079 1245 1154 frater
1266 1079 1457 1153 karissime
1474 1075 1518 1151 de
1542 1097 1613 1173 quo

387 1191 596 1268 desiderasti
612 1191 678 1268 tihi
704 1192 824 1281 scribi,
849 1192 933 1290 quia
957 1192 1112 1268 heresim
1139 1191 1404 1280 introduxisset,
1428 1189 1522 1266 scias
1547 1210 1613 1262 nos

388 1305 502 1402 primo
518 1305 556 1378 in
574 1305 648 1382 loco
665 1330 730 1382 nec
748 1307 907 1383 curiosos
925 1331 1001 1381 esse
1015 1305 1140 1382 debere
1153 1305 1238 1404 quid
1252 1304 1315 1380 ille
1327 1303 1451 1380 doceat
1467 1326 1550 1378 cum
1564 1301 1614 1376 fo

387 1418 438 1492 ris
454 1417 586 1493 doceat.
603 1419 774 1516 Quisquis
790 1417 851 1493 ille
868 1428 923 1494 est
940 1427 977 1494 et
997 1419 1270 1519 qualiscumque
1293 1429 1360 1510 est,
1384 1414 1613 1494 Christianus

387 1553 458 1605 non
475 1541 540 1622 est,
556 1530 640 1630 quia
657 1531 695 1604 in
718 1531 881 1607 Ecclesia
907 1555 975 1606 non
988 1523 1066 1609 'est
1090 1537 1204 1609 Iactet
1229 1557 1268 1608 se
1292 1533 1378 1608 licet
1402 1539 1438 1606 ct
1462 1527 1612 1628 philoso-

386 1644 507 1741 phiam
526 1644 585 1719 vel
602 1643 842 1742 eloquentiam
861 1669 963 1720 suam
982 1644 1084 1721 falsis
1101 1646 1249 1722 vocibus
1266 1645 1434 1744 praedicet
1459 1643 1520 1741 qui
1545 1663 1612 1717 nec

386 1757 581 1833 fraternam
595 1759 782 1834 caritatem
796 1783 863 1834 nec
876 1757 1158 1835 ecclesiasticam
1172 1759 1347 1834 unitatem
1360 1756 1490 1845 tenuit,
1502 1753 1611 1830 etiam

390 1871 482 1968 quod
499 1876 599 1970 prius
617 1871 735 1947 fuerat
752 1871 990 1947 emisit‘Item
1007 1873 1140 1948 circam
1160 1873 1278 1946 finem.
1297 1876 1465 1969 Apostate
1478 1890 1563 1945 vero
1575 1875 1612 1941 et

385 1984 581 2062 desertores
599 1985 657 2061 vel
674 1985 870 2060 adversarii
888 1995 925 2060 et
940 1985 1059 2064 hostes
1072 1987 1209 2064 Christi
1222 1985 1422 2080 Ecclesiam
1437 1983 1612 2080 dissipan-

385 2108 451 2190 tes,
475 2123 542 2176 nec
567 2101 597 2173 si
621 2099 730 2176 occisi
752 2089 898 2189 fuerint,
922 2101 1064 2176 admitti
1086 2101 1283 2179 secuudum
1305 2098 1515 2198 Apostolum
1536 2119 1612 2194 pos-

386 2212 530 2288 suntad
548 2212 719 2288 Ecclesiae
737 2235 873 2311 pacem,
886 2213 975 2310 quin
987 2238 1055 2290 nec
1068 2215 1215 2312 spiritus
1232 2238 1299 2290 nce
1311 2211 1472 2288 ecclesia
1489 2220 1611 2285 tenue

385 2337 472 2402 runt
488 2326 673 2402 unitatem.
690 2326 788 2401 Idem
806 2325 851 2402 ad
869 2329 1046 2423 Magnum
1063 2327 1105 2402 de
1127 2328 1259 2404 eodem.
1284 2330 1408 2424 Neque
1433 2323 1610 2399 Dominus

384 2448 503 2514 noster
520 2438 647 2514 Ihesus
659 2437 827 2514 Christus
839 2464 924 2515 cum
937 2438 976 2512 in
989 2440 1190 2537 Evangelio
1202 2463 1266 2514 suo
1278 2449 1472 2515 testaretur
1484 2437 1609 2512 adver-

384 2551 496 2626 sar-ios
513 2574 595 2628 suos
612 2577 689 2628 esse
704 2576 764 2628 eos
781 2552 843 2650 qui
857 2576 981 2628 secum
995 2577 1064 2629 non
1078 2563 1198 2629 essent
1210 2553 1367 2652 aliquam
1381 2552 1536 2650 speciem
1549 2549 1610 2624 he·

384 2689 500 2742 roseos
516 2666 733 2762 designavit,
751 2666 813 2742 sed
829 2690 952 2741 omnes
968 2667 1112 2740 omnino
1129 2664 1191 2763 qui
1208 2687 1329 2740 secum
1343 2686 1414 2738 non
1427 2671 1556 2751 essent,
1573 2670 1609 2734 et

383 2803 505 2853 secum
523 2801 593 2853 non
611 2779 823 2875 colligentes
839 2801 991 2876 gregem
1009 2803 1115 2853 suum
1141 2785 1363 2875 spargerent,
1385 2774 1608 2850 adversarios

382 2916 459 2967 esse
475 2892 629 2972 ostendit
645 2891 777 2966 dicens.
794 2892 864 2979 Qui
881 2915 952 2966 non
969 2902 1023 2968 est
1040 2913 1194 2980 mecum,
1211 2892 1402 2966 adversum
1421 2913 1478 2964 me
1491 2898 1558 2978 est,
1571 2895 1607 2962 et

382 3005 444 3103 qui
461 3029 604 3080 mecum
620 3029 691 3080 non
708 3005 850 3101 colligit
866 3005 1016 3104 spargit.
1032 3009 1124 3081 Item
1141 3005 1266 3080 beatus
1279 3005 1470 3103 Apostolus
1482 3003 1607 3078 Iohan-

381 3141 445 3191 nes
462 3141 530 3193 nec
546 3118 622 3216 ipse
639 3117 753 3192 ullam
769 3117 924 3196 heresim
942 3131 1006 3194 aut
1023 3145 1168 3218 scysma
1185 3119 1358 3196 discrevit
1378 3128 1443 3194 aut
1467 3117 1607 3215 aliquos

382 3219 567 3327 speciatim
585 3255 623 3306 se
639 3255 743 3328 pares
760 3233 878 3330 posuit
902 3232 962 3306 sed
987 3233 1176 3309 universos
1192 3235 1253 3331 qui
1271 3233 1314 3308 de
1338 3231 1490 3308 ecclesia
1515 3231 1606 3306 exis·

381 3354 471 3432 sent,
487 3343 619 3442 quique
635 3354 759 3420 contra
777 3345 976 3422 Ecclesiam
1001 3346 1160 3422 iacerent
1184 3345 1427 3422 Antichristos
1451 3343 1606 3443 appella·

380 3455 436 3530 vit
452 3456 582 3532 dicens.
600 3456 763 3532 Audistis
780 3459 871 3557 quod
890 3457 1138 3534 Antichristus
1154 3459 1266 3549 venit,
1283 3484 1381 3534 nuuc
1398 3456 1603 3532 antichristi

381 3569 488 3644 multi
506 3569 593 3648 facti
611 3582 706 3647 sunt.
723 3572 827 3648 Unde
844 3571 1095 3668 cognoscimus
1111 3569 1196 3670 quia
1212 3571 1407 3648 novissima
1428 3571 1516 3648 hora
1541 3581 1605 3646 est

380 3685 436 3756 Ex
451 3682 552 3759 nobis
568 3683 734 3762 exierunt
751 3685 812 3761 sed
829 3707 900 3760 non
917 3693 1021 3760 erant
1036 3709 1082 3760 ex
1097 3683 1208 3760 nohis.
1225 3685 1263 3758 Si
1277 3684 1431 3760 fuissent
1443 3710 1488 3760 ex
1503 3683 1604 3758 nobis

380 3794 576 3872 maxissent
598 3795 793 3874 nobiscum.
811 3797 913 3874 Unde
929 3808 1076 3896 apparet
1092 3797 1313 3874 adversarios
1331 3796 1473 3871 Domini
1490 3807 1527 3872 et
1543 3822 1605 3870 an·

379 3907 892 4008 tichristosessequosconstet
908 3901 1212 4007 ecaritate'atque
1224 3908 1269 3984 ab
1282 3909 1421 3984 unitate
1431 3909 1604 3985 Ecclesia

381 4021 578 4096 recessisse.
591 4025 682 4097 Item
696 4023 734 4096 in
747 4023 987 4121 sequentibus.
1000 4023 1164 4100 Ecclesia
1176 4049 1249 4098 una
1262 4033 1317 4098 est
1329 4047 1409 4121 quae
1418 4048 1491 4098 una
1503 4024 1603 4102 intus

380 4132 519 4210 etforis
536 4157 701 4209 essenon
718 4145 842 4232 potest.
860 4136 898 4209 Si
915 4137 1010 4234 apud
1027 4135 1269 4212 Novatianum
1287 4146 1343 4212 est
1361 4136 1456 4237 apud
1474 4136 1604 4214 Corne·

379 4245 469 4322 lium
488 4272 558 4323 non
575 4248 654 4324 fuit.
672 4249 710 4322 Si
729 4272 813 4324 vero
830 4250 925 4348 apud
943 4249 1150 4326 Cornelium
1169 4249 1249 4338 fuit,
1266 4249 1328 4348 qui
1345 4251 1502 4326 Fabiano
1520 4249 1602 4348 Epi-

379 4383 483 4457 scopo
506 4361 672 4458 legitima
695 4361 916 4437 ordinatione
941 4361 1126 4453 successit,
1153 4373 1189 4438 et
1213 4387 1317 4460 quem
1335 4373 1464 4461 praeter
1489 4387 1604 4440 sacer-

379 4472 465 4548 dotii
481 4471 651 4550 honorem
665 4473 825 4550 martirio
842 4497 980 4573 quoque
994 4474 1169 4550 Dominus
1186 4475 1421 4571 significavit,
1433 4477 1600 4554 Neratia-
