3582 5288
900 404 1098 467 -132-

391 553 471 602 mus
483 525 528 600 ad
541 531 681 600 nostras
693 523 903 622 apostolicas
915 547 1021 598 aures
1034 523 1109 597 sore
1123 535 1346 620 perventum,
1358 519 1516 594 Immolae
1527 519 1613 618 Epi-

390 664 537 738 scopum
553 638 599 714 ab
613 637 683 714 hac
700 638 779 712 lucc
798 638 983 734 migrasse.
999 639 1042 710 In
1067 638 1174 712 cuius
1197 635 1415 710 successoris
1438 633 1611 708 electione

388 752 508 854 populi
525 751 735 826 divisionem
754 751 959 850 pervenisse
975 749 1192 824 audiuimus.
1208 749 1309 836 Quod
1325 748 1411 846 quia
1426 771 1509 845 sepe
1529 771 1612 822 con·

387 866 531 964 tingere
555 865 654 952 solet,
678 865 922 964 quarentibus
945 863 1115 961 singulis,
1139 888 1219 962 quae
1243 889 1308 937 sua
1326 871 1422 950 sunt,
1438 885 1509 934 non
1530 886 1611 959 quae

386 978 494 1054 ihesu
512 977 661 1066 Christi,
677 978 764 1053 adeo
782 1001 853 1053 non
871 979 1056 1052 miramur.
1074 981 1334 1052 Verumtamen
1352 977 1547 1074 plurimum
1571 976 1611 1049 in

385 1091 453 1168 hoc
469 1101 569 1166 tuam
589 1101 725 1188 oportet
741 1091 902 1166 adhiberi
920 1091 1212 1178 sollicitudinem,
1238 1101 1280 1164 ut
1303 1101 1496 1164 convocato
1514 1090 1610 1166 clero

386 1217 423 1282 et
439 1205 577 1304 populo
594 1205 716 1279 taliter
729 1205 818 1280 inibi
831 1207 1015 1301 eligantur
1027 1229 1089 1304 per
1103 1204 1169 1278 Dei
1184 1203 1473 1290 misericordiam,
1484 1203 1544 1278 cui
1556 1229 1611 1276 sr-

384 1321 437 1398 cri
455 1345 526 1396 non
542 1321 687 1396 obvient
703 1344 867 1395 canones.
885 1320 1115 1395 Sacerdotum
1133 1319 1263 1418 quippe
1280 1327 1336 1391 est
1359 1317 1495 1406 electio,
1513 1327 1549 1391 et
1570 1319 1608 1388 fi-

384 1432 472 1508 delis
490 1433 609 1533 populi
626 1457 822 1509 consensus
839 1432 1063 1508 adhibendus
1081 1441 1147 1519 est,
1163 1433 1248 1529 quia
1265 1431 1444 1506 docendus
1460 1453 1531 1504 non
1555 1453 1609 1504 se·

384 1545 548 1644 quendus
563 1555 619 1620 cst
636 1545 796 1646 populus.
814 1546 923 1621 Idem.
941 1544 1126 1644 walperto
1143 1543 1371 1618 Patriarohae.
1388 1546 1486 1618 Inter
1506 1553 1608 1620 caete·

384 1683 433 1732 ra.
448 1661 526 1734 Nec
543 1683 628 1734 vero
646 1659 773 1734 iterato
790 1660 855 1735 tibi
873 1659 1065 1736 scribimus
1082 1658 1243 1734 nolentes
1266 1657 1424 1732 alicuius
1447 1657 1608 1732 ecclesie

385 1770 620 1870 privilegium
638 1772 849 1870 infringere,
871 1773 958 1850 licet
973 1771 1165 1870 apostolica
1182 1772 1420 1870 prerogativa
1432 1771 1607 1868 possimus

382 1885 425 1960 de
441 1883 600 1983 qualibet
612 1885 765 1962 ecclesia
781 1887 954 1964 clericum
973 1885 1148 1962 ordinare.
1166 1885 1297 1960 Desine
1314 1885 1387 1957 iam
1403 1884 1605 1983 cuiuspiam

380 1993 456 2070 zelo
472 1994 646 2070 Comensi
663 1993 825 2070 ecclesiae
849 1995 1049 2074 antistitem
1074 1997 1258 2096 protelare.
1283 1999 1377 2086 Quia
1401 1999 1432 2072 si
1458 1999 1605 2096 protele-

382 2107 488 2196 veris,
505 2117 542 2184 et
559 2133 642 2184 eum
659 2131 880 2196 consecrare,
902 2112 1096 2186 tantotiens
1118 2111 1274 2185 monitus
1299 2133 1508 2187 consecrare
1532 2135 1604 2185 non

381 2221 639 2309 maturaveris,
664 2245 748 2296 cum
776 2221 821 2296 ad
851 2246 915 2297 nos
944 2225 1084 2300 uenerit
1113 2225 1343 2322 proculdubio
1371 2235 1601 2300 consecratus

379 2333 499 2410 abibit.

907 2491 1073 2576 oxovlt

471 2713 520 2763 Ex
539 2722 607 2776 reg.
627 2711 687 2764 vn
706 2710 853 2777 Gregorii
871 2725 943 2779 cap.
963 2714 1081 2766 nxvn
1100 2713 1136 2765 at
1152 2713 1280 2765 vaffl
1299 2711 1332 2762 in
1350 2711 1406 2764 lib.
1434 2713 1504 2764 vn.

472 2901 642 2978 Pervenit
658 2903 702 2977 ad
719 2927 783 2977 nos
799 2911 835 2979 te
847 2903 993 2980 fratrem
1008 2911 1044 2978 et
1056 2902 1302 3000 coepiscopum
1316 2909 1477 2975 nostrum
1493 2900 1601 2974 Hein-

376 3013 492 3090 ricum
506 3015 753 3091 Loodiceusom
768 3016 983 3114 Episcopum
996 3016 1040 3089 ad
1055 3015 1301 3112 Apostolorum
1316 3013 1441 3087 limina
1454 3014 1604 3087 venien·

373 3137 445 3204 tem
461 3128 507 3202 ab
525 3129 710 3228 Arnulpho
734 3131 862 3206 comite
888 3131 993 3205 rebus
1009 3129 1082 3204 tuis
1095 3139 1130 3203 te
1144 3127 1359 3226 expoliatum
1372 3136 1409 3202 et
1421 3128 1466 3201 ad
1478 3128 1601 3224 nequi·

374 3241 433 3316 tiae
450 3244 703 3338 augmentium
721 3243 852 3340 gladiis
869 3244 989 3318 iurare
1006 3241 1233 3340 compulsum
1251 3241 1344 3338 quod
1365 3241 1484 3316 ablata
1508 3265 1599 3314 nun-

372 3379 480 3454 quam
499 3367 686 3454 repeteres,
703 3367 739 3434 ot
756 3357 864 3433 huius
882 3357 974 3433 tanti
988 3355 1135 3432 sceleris
1147 3381 1169 3429 a
1182 3355 1283 3430 nobis
1296 3355 1364 3430 sibi
1378 3355 1522 3432 veniam
1535 3355 1600 3428 im·

372 3477 540 3564 petrares.
559 3469 713 3566 Cognita
730 3470 851 3569 itaque
867 3471 1084 3546 contumelia
1101 3470 1166 3546 tibi
1184 3469 1293 3545 immo
1310 3469 1411 3544 beato
1434 3471 1540 3543 Petro
1556 3467 1599 3540 il-

372 3579 456 3672 lata,
475 3583 577 3658 valde
593 3583 774 3660 doluimus
791 3595 992 3660 asserentes
1009 3583 1272 3658 fraternitatem
1291 3593 1391 3657 tuam
1409 3581 1520 3654 nullis
1545 3579 1598 3654 iu·

373 3695 526 3769 romenti
544 3695 702 3774 vinculis
726 3721 825 3796 posse
850 3698 976 3786 teneri,
993 3721 1073 3796 quae
1095 3708 1169 3772 tam
1195 3695 1450 3771 nefandissime
1474 3705 1597 3770 coacta

374 3803 559 3882 iuraverit.
577 3809 680 3885 Unde
692 3819 728 3886 et
741 3810 945 3910 Apostolica
959 3821 993 3886 te
1005 3809 1220 3885 auctoritate
1234 3807 1464 3896 absolvimus,
1477 3816 1518 3880 ut
1530 3830 1598 3881 nec

371 3927 444 3992 tua
461 3909 692 3996 velalicuius
709 3923 936 3998 conscientia
952 3921 995 3996 ob
1011 3921 1079 3996 hoc
1096 3921 1252 3997 videaris
1269 3921 1432 3996 innexus.
1445 3923 1597 4017 Insuper

371 4031 479 4106 etiam
498 4032 618 4108 eadem
639 4035 722 4110 freti
740 4045 922 4133 potestate,
939 4061 984 4110 no
1001 4036 1068 4112 hoe
1086 4037 1122 4110 in
1140 4035 1342 4134 exemplum
1367 4034 1505 4110 ceteris
1530 4033 1596 4106 im·

370 4141 475 4240 probe
485 4145 638 4220 audendi
652 4148 770 4245 peiora
784 4147 831 4223 sit
843 4149 1020 4239 futurum,
1033 4149 1136 4224 fratri
1150 4159 1269 4225 nostro
1282 4148 1502 4224 Virduncnsi
1514 4147 1596 4246 Epi-

370 4279 483 4354 scopo,
500 4265 536 4332 et
553 4257 636 4333 aliis
661 4259 761 4334 illius
786 4259 910 4358 patriae
934 4260 1029 4336 beati
1056 4263 1154 4338 Petri
1179 4261 1345 4338 fidelibus
1369 4284 1594 4359 summopere

368 4369 605 4468 precipimus,
619 4381 660 4447 ut
672 4397 754 4448 eum
768 4383 809 4448 ut
821 4383 1020 4472 tyrannum
1033 4385 1069 4450 et
1082 4375 1298 4452 Christianae
1311 4374 1497 4472 religionis
1510 4399 1592 4450 eon-

368 4479 585 4558 oulcatorem
602 4483 817 4582 inpugnant,
841 4495 878 4560 et
901 4486 1012 4560 armis
1036 4497 1109 4562 tam
1135 4487 1342 4562 carnalibus
1358 4511 1466 4586 quam
1489 4487 1592 4584 spiri-
