3638 5294
762 401 958 464 -505-

244 532 336 597 state
355 533 440 597 sunt
457 521 495 595 in
512 543 634 596 corum
653 529 824 618 potestate
837 522 981 595 omnino
994 521 1134 596 dimitto
1146 529 1182 596 et
1194 521 1238 594 ad
1251 520 1465 594 ordinandas

173 645 175 652 '
245 660 285 710 ea
311 635 508 710 secundum
527 636 640 708 Deum
660 659 778 708 meum
797 658 859 733 pro
876 657 954 707 mco
971 655 1070 730 posse
1089 633 1240 707 fideliter
1256 631 1441 707 adiuvabo.

364 825 413 873 Ex
430 795 512 873 libro
532 823 751 873 Romanorum
770 821 962 874 Pontificum
981 821 1036 886 qui
1054 820 1189 872 vocatur
1202 818 1346 872 diurnus.

340 971 382 1042 In
400 967 541 1041 nomine
560 967 700 1040 Domini
716 966 782 1042 Dei
795 952 982 1042 salvatoris
1000 968 1111 1043 nostri
1129 971 1210 1042 Iesu
1228 966 1374 1044 Christi.
1393 971 1465 1040 An-

245 1106 290 1156 no
315 1092 447 1156 sanctae
472 1081 729 1156 incarnationis
754 1080 833 1155 eius
851 1085 898 1154 M.
916 1081 968 1156 111.
984 1081 1156 1156 Promitte
1174 1104 1241 1176 ego
1266 1079 1316 1154 ill.
1333 1080 1466 1178 episco-

239 1245 241 1250 -
248 1221 314 1294 pus
328 1204 461 1268 sauctae
474 1193 645 1269 aecclesiae
657 1194 706 1268 111.
721 1194 821 1268 vohis
833 1195 934 1270 beato
953 1199 1055 1269 Petro
1074 1193 1318 1291 Apostolorum
1338 1193 1466 1292 princi-

247 1309 283 1408 pi
311 1308 516 1405 ricarioque
541 1317 603 1382 tuo
627 1307 830 1382 beatissimo
858 1312 960 1408 Papae
985 1306 1125 1382 domino
1150 1329 1226 1381 meo
1251 1305 1301 1378 ill.
1318 1305 1466 1402 eiusque

246 1421 509 1496 successorihus
542 1445 604 1518 per
630 1425 844 1510 Patrem‚'et
868 1421 1013 1509 Filium,
1038 1430 1073 1496 et
1100 1420 1272 1518 Spiritum
1299 1429 1465 1494 sanctum

247 1534 457 1609 Trinitatem
481 1533 763 1631 inseparabilem,
777 1543 812 1610 et
824 1535 889 1608 hoc
906 1533 1187 1608 sacratissimum
1205 1555 1333 1628 corpus
1349 1541 1466 1620 tuum,

246 1673 303 1723 me
316 1672 454 1723 omnem
476 1649 580 1723 fidem
598 1658 634 1722 et
651 1647 841 1745 puritatem
856 1656 988 1724 sanctae
1002 1646 1080 1720 fidei
1095 1644 1277 1721 catholicae
1291 1645 1466 1733 exhibere,

245 1761 334 1835 etin
354 1760 491 1835 unitate
515 1760 594 1835 fidei
613 1763 686 1834 Deo
702 1772 868 1857 operante
886 1761 1072 1860 persistere
1090 1760 1126 1832 in
1145 1784 1215 1856 qua
1233 1759 1349 1838 omnis
1374 1759 1466 1834 chri-

247 1874 442 1948 stianorum
462 1873 559 1947 salus
577 1898 652 1948 esse
670 1873 746 1947 sinc
768 1874 874 1949 dubio
898 1873 1155 1972 comprobatur,
1180 1881 1216 1948 et
1241 1872 1340 1947 nullo
1366 1873 1465 1946 modo

246 1996 369 2062 contra
387 1989 560 2061 unitatem
587 1988 785 2062 communis
810 1997 846 2062 et
871 1986 1084 2063 universalis
1110 1985 1279 2061 aecclesiae
1301 1985 1465 2060 suadenti

190 2181 192 2190 ¹
245 2101 426 2200 quippiam
448 2099 659 2189 consentire,
672 2100 730 2175 sed
746 2111 786 2174 ut
800 2100 873 2174 dixi
888 2100 1003 2188 fidem,
1015 2109 1051 2174 et
1065 2098 1255 2196 puritatem
1271 2123 1398 2188 meam,
1410 2109 1463 2172 at·

246 2239 315 2312 que
333 2239 547 2288 concursum
562 2214 625 2287 tihi
640 2213 926 2310 utilitatibusque
943 2213 1111 2289 aecolesiae
1124 2223 1196 2287 tuae
1208 2213 1266 2287 cui
1281 2238 1302 2284 a
1315 2211 1466 2287 Domino

246 2329 318 2400 Deo
339 2327 421 2399 data
438 2335 492 2401 est
510 2336 662 2423 potestas
680 2326 818 2422 ligandi
836 2327 1076 2424 solvendique,
1093 2337 1128 2402 et
1146 2326 1311 2422 praedicto
1329 2325 1464 2400 vicario

245 2449 307 2513 tuo
323 2449 429 2536 atque
448 2439 713 2512 successorihus
730 2439 808 2514 eius
824 2466 885 2537 per
902 2440 1021 2514 omnia
1046 2439 1220 2516 exhibere.
1246 2435 1465 2514 promittens

244 2552 414 2628 festinare
432 2553 564 2652 pariter
581 2553 676 2627 omui
694 2555 836 2644 annisu,
849 2563 1039 2651 utsemper
1058 2579 1126 2651 pax
1142 2578 1249 2652 quam
1269 2557 1365 2628 Deus
1383 2554 1463 2628 dili·

245 2668 303 2763 git
319 2667 411 2742 inter
425 2691 605 2742 romanam
621 2669 874 2766 rempublicam
888 2677 923 2742 et
936 2691 1010 2755 nos,
1022 2668 1087 2743 hoo
1101 2678 1155 2742 est
1167 2678 1312 2763 gentem
1328 2671 1465 2762 Lango-
1551 2735 1554 2742 .

243 2780 432 2854 bardorum
462 2790 703 2870 conservetur,
732 2791 768 2856 et
792 2781 891 2856 nullo
917 2781 1016 2855 modo
1041 2789 1164 2856 contra
1188 2805 1307 2876 agere,
1332 2779 1463 2868 lacere,

247 2893 428 2993 quippiam
447 2893 637 2969 adversum
656 2895 831 2992 promitto,
848 2905 1027 2994 quatenus
1047 2895 1150 2970 fidem
1174 2918 1288 2968 meam
1303 2893 1340 2966 in
1353 2895 1464 2967 omni-

244 3007 311 3080 bus
329 3007 607 3081 sincerissimam
625 3008 819 3083 exhibeam.
836 3009 936 3096 Quod
953 3007 982 3082 si
1001 3008 1092 3106 quod
1109 3007 1203 3080 absit
1219 3015 1341 3082 contra
1354 3006 1463 3079 huius

245 3119 487 3216 promissionis
502 3145 577 3194 mee
590 3121 728 3210 seriem,
745 3120 880 3218 aliquid
897 3121 1014 3196 facere
1032 3120 1189 3218 quolibet
1206 3119 1316 3206 modo,
1333 3128 1396 3193 aut
1409 3119 1462 3192 in·

243 3233 362 3328 genio,
379 3232 436 3308 vel
454 3234 637 3308 occasione
654 3244 882 3334 temptavero,
896 3235 953 3308 vel
966 3244 1089 3309 contra
1107 3233 1317 3308 catholicam
1331 3232 1463 3330 legem,

248 3369 331 3420 reus
354 3345 519 3420 inveniar
536 3355 666 3420 aeterno
679 3345 820 3434 iudicio,
834 3347 1003 3421 ultionem
1020 3347 1193 3420 Annaniae
1207 3347 1332 3421 Saffire
1345 3347 1465 3422 incur-

247 3482 334 3545 ram,
348 3457 409 3555 qui
427 3458 492 3532 tibi
511 3458 617 3533 etiam
636 3458 737 3534 beato
754 3462 858 3533 Petro
874 3460 917 3534 de
936 3460 1040 3534 rebus
1057 3459 1208 3559 propriis
1222 3459 1357 3534 fradem
1372 3461 1464 3535 face·

245 3595 293 3658 ro,
313 3580 348 3645 et
365 3570 455 3644 salsa
473 3571 590 3646 dicere
608 3581 909 3668 presumpserunt.
928 3574 1034 3647 Hunc
1051 3581 1171 3647 autem
1189 3571 1387 3647 indiculum
1410 3599 1464 3646 sa-

244 3683 419 3758 cramenti
430 3706 497 3779 ogo
510 3683 559 3756 ill.
580 3673 766 3784 episcopus
785 3710 893 3758 manu
907 3685 1045 3783 propria
1060 3685 1243 3782 suscripsi,
1257 3695 1363 3784 atque
1377 3687 1466 3786 posi-

247 3807 324 3870 tum
345 3823 452 3895 supra
471 3798 751 3874 sacratissimum
766 3823 893 3898 corpus
909 3809 1027 3887 tuum,
1040 3797 1134 3872 sicut
1147 3798 1312 3896 superius
1329 3799 1465 3895 legitur

246 3912 319 3984 Deo
329 3919 418 3986 teste
432 3919 467 3984 61
477 3911 593 3986 iudice
603 3912 752 4009 praestiti
762 3921 1025 3988 sacramentum
1035 3912 1126 4009 quod
1136 3937 1280 3988 servare
1290 3914 1464 4011 promitto.

381 4064 519 4118 sinodus
532 4065 647 4118 habita
659 4066 691 4116 in
704 4065 1005 4131 constantinopolis
1019 4067 1081 4120 sub
1094 4067 1226 4120 Nicolao
1238 4079 1329 4134 papa

567 4144 609 4196 de
628 4145 755 4208 ignatio
774 4147 971 4209 patriarcha.
992 4146 1083 4199 Actio
1104 4148 1127 4196 Ι.

341 4257 528 4331 Residente
544 4255 916 4351 orichaheleaugusu,
930 4269 965 4331 et
980 4257 1458 4333 residentibusaddexteram

244 4369 322 4444 eius
348 4369 496 4444 vicariis
516 4370 717 4468 apostolicae
742 4371 846 4458 sedis,
872 4371 1054 4445 Radualdo
1072 4374 1277 4445 Portuensae
1301 4364 1463 4470 episcopo

241 4494 277 4562 et
290 4483 463 4558 Zacharia
478 4484 670 4586 Anagnino
683 4483 843 4590 episcopo
856 4494 890 4559 et
903 4485 1041 4562 ceteris
1054 4485 1329 4590 archiepiscopis
1342 4497 1378 4562 et
1391 4486 1464 4592 epi-
