3642 5294
905 407 1080 468 ..13-

377 530 427 603 Ut
442 525 651 624 Presbyteri
672 535 845 624 praesente
869 549 935 600 suo
959 526 1131 623 Episcopo
1151 539 1187 602 et
1202 553 1243 604 eo
1260 529 1405 604 iubente
1422 529 1460 602 in
1478 529 1602 604 Eccle

448 640 503 714 sia
519 639 722 736 predicent.
739 639 824 737 Cap.
841 640 918 714 CX
934 639 1046 713 CXII.
1064 639 1176 714 CXV.

377 755 428 828 Ilt
442 752 587 827 absente
604 753 777 850 Episcopo
793 753 1010 848 consignent
1024 753 1133 826 etiam
1159 753 1197 826 in
1218 755 1345 829 fronte.
1363 755 1448 851 Cap.
1473 757 1601 828 LXIII.

451 868 563 942 CVII.
580 867 692 942 CXII

377 983 430 1056 De
463 981 663 1057 differentia
692 980 976 1078 consignationis
1004 978 1170 1077 Episcopi
1204 991 1240 1055 et
1270 980 1488 1079 Presbyteri.
1513 981 1599 1077 Cap.

378 1206 1599 1304 UtabsenteEpiscoporeconcilientpenitentem.Cap.XVIIIl.CXII.

377 1323 426 1394 Ut
442 1320 564 1394 eodem
581 1320 728 1394 absente
745 1319 873 1417 populo
889 1320 1111 1396 benedicant.
1128 1323 1213 1419 Cap.
1226 1323 1337 1396 CXII.

377 1433 478 1518 Quod
493 1433 532 1505 in
549 1433 808 1532 principalibus
832 1433 935 1508 festis
959 1460 1044 1509 cum
1068 1438 1166 1508 Rom.
1191 1437 1362 1510 Pontifioe
1388 1433 1599 1509 Cardinalcs

449 1547 657 1645 Presbyteri
674 1548 822 1622 Missam
839 1547 1032 1624 celebrant.
1046 1549 1131 1645 Cap.
1147 1549 1315 1623 XCVHI.

379 1662 431 1737 De
446 1661 522 1737 loco
539 1671 575 1736 et
599 1671 729 1736 ornatu
745 1685 878 1735 eorum.
895 1663 983 1758 Cap.
998 1665 1151 1736 XXIIII.
1169 1665 1223 1736 LI.
1240 1665 1313 1736 LII.

375 1776 478 1863 Quod
493 1775 700 1874 Presbyteri
717 1785 753 1851 et
770 1775 919 1850 Diaconi
935 1775 1139 1851 dalmaticis
1156 1785 1321 1849 utuntur.
1336 1776 1420 1872 Cap.
1434 1775 1599 1847 LXXXI.

377 2001 429 2074 De
446 1999 617 2074 sandaliis
633 2009 670 2076 et
686 2000 865 2098 mappulis
881 2001 1096 2076 eorumdem.
1113 2003 1198 2099 Cap.
1215 2005 1241 2074 l.
1258 2001 1319 2075 lib.
1337 2001 1433 2074 [111⁰.

375 2113 477 2200 Quod
492 2112 574 2186 aliis
589 2111 732 2188 clericis
748 2135 819 2186 non
835 2112 922 2186 licet
937 2113 1059 2187 eadem
1076 2114 1206 2188 habere
1224 2115 1394 2211 iusignia.
1419 2113 1505 2208 Cap.
1522 2112 1600 2185 XO.

446 2235 483 2300 et
499 2225 537 2300 in
553 2227 587 2300 I⁰
604 2225 664 2298 lib.
680 2250 757 2322 cap.
772 2228 936 2299 XLVIII.
953 2237 989 2301 et
1006 2227 1218 2301 CLXVIIII.

374 2339 456 2416 Ideo
470 2342 568 2415 Rom.
585 2338 719 2415 Clerici
735 2338 854 2414 locum
867 2340 1096 2437 antiquorum
1110 2339 1242 2415 habeut
1256 2339 1499 2436 patriciorum.
1513 2338 1598 2433 Cap.

448 2455 475 2526 I.
492 2451 552 2526 lib.
570 2453 668 2530 11110.

374 2567 425 2641 Ut
440 2569 474 2640 ll
491 2565 698 2662 Presbyteri
715 2575 752 2640 et
768 2567 821 2639 III
838 2565 986 2640 Diaconi
1004 2566 1154 2640 inomni
1172 2567 1247 2643 loco
1271 2568 1387 2640 assint
1412 2565 1597 2662 Episcopo.

446 2681 531 2777 Cap.
547 2681 738 2754 XXVIIII

374 2795 424 2867 Ut
440 2793 650 2890 posteriores
666 2791 819 2866 ordinati
836 2815 906 2865 non
919 2792 1158 2888 preferantur
1174 2793 1360 2890 prioribus.
1378 2792 1463 2887 Cap.
1490 2792 1600 2864 XLII.

446 2915 483 2980 et
499 2908 664 2980 LXXXI.

374 3021 424 3094 Ut
440 3017 574 3094 Clerici
591 3019 764 3093 honorent
780 3043 885 3092 suum
904 3018 1118 3116 Episcopum
1136 3019 1263 3117 etipse
1285 3042 1355 3093 eos.
1380 3017 1464 3112 Cap.
1483 3019 1599 3090 VIIII.

445 3141 482 3208 et
499 3133 646 3208 CVIHI.
665 3133 777 3208 CXV.

373 3247 426 3320 De
442 3245 609 3319 ordinatu
627 3246 869 3320 Sacerdotum.
886 3246 971 3342 Cap.
997 3247 1094 3319 VIII.
1120 3248 1200 3318 XV.
1226 3243 1408 3320 XLVIIII.
1432 3245 1598 3316 LXXIII.

444 3359 626 3431 LXXIIII.
643 3358 755 3433 CXX
772 3360 961 3432 XXVIIII.

372 3473 425 3544 De
441 3470 643 3545 reverentia
661 3469 838 3544 minorum
855 3494 944 3566 erga
961 3472 1111 3546 maiores
1129 3493 1221 3545 suos.
1240 3472 1325 3568 Cap.
1341 3473 1379 3544 L.

372 3584 425 3656 De
441 3581 670 3679 Presbyteris
687 3582 836 3678 quinon
853 3591 939 3656 sunt
956 3583 1173 3660 Cardinales.
1191 3584 1276 3680 Cap.
1293 3585 1392 3658 XIII.

373 3691 473 3780 Quod
485 3691 524 3766 hi
542 3692 605 3792 qui
618 3715 688 3767 non
702 3703 788 3768 sunt
799 3693 1007 3792 Presbyteri
1025 3695 1191 3770 Cardinis
1205 3696 1282 3794 (sic)
1295 3696 1334 3767 in
1346 3694 1468 3770 sinodo
1479 3693 1600 3768 cathe-

444 3805 561 3880 drales
577 3806 677 3882 sedes
693 3830 764 3881 non
782 3807 946 3882 habeant.
964 3809 1049 3906 Cap.
1066 3811 1177 3882 XLV.

371 3917 473 4005 Quod
485 3917 737 3995 Cardinalibus
752 3943 824 3993 non
840 3919 991 3995 debeant
1009 3920 1164 4018 praeponi
1182 3943 1253 3995 non
1274 3917 1496 3996 cardinales.
1510 3919 1595 4016 Cap.

371 4143 474 4220 Unde
490 4143 657 4219 dicantur
675 4143 894 4220 Cardinales.
912 4146 997 4242 Cap.
1015 4146 1164 4222 CXXX.

370 4257 422 4332 De
435 4255 565 4332 honore
582 4257 823 4333 Sacerdotum.
837 4259 922 4355 Cap.
939 4259 1000 4332 III.
1014 4281 1089 4354 cap.
1103 4260 1221 4334 XXX.
1234 4260 1308 4333 LX.
1322 4259 1360 4332 Ο.
1375 4259 1468 4333 CIII.
1483 4257 1522 4330 in
1535 4257 1595 4332 lib.

372 4482 421 4554 Ut
438 4479 563 4554 nullus
579 4480 682 4555 cedat
698 4481 820 4556 honori
837 4505 911 4556 suo.
928 4484 1013 4580 Cap.
1030 4486 1120 4558 XLI.
1139 4485 1231 4558 CIII.
1258 4531 1261 4536 -
