3582 5288
698 420 894 486 -15'1-

136 561 139 566 ·
189 563 335 616 numero
359 565 495 632 sumus,
519 551 656 617 utnon
681 543 918 640 dedignemur
943 542 1052 619 etiarn
1077 544 1178 619 nobis
1202 544 1339 620 dictum
1361 547 1406 622 ah

189 653 352 750 Apostolo
368 654 540 753 accipere.
558 655 596 730 Si
614 655 699 753 quid
717 655 823 733 aliter
836 657 972 755 sapitis,
988 657 1024 732 id
1042 681 1181 758 quoque
1194 658 1295 734 vobis
1309 662 1405 735 Deus

188 766 372 842 revelavit.

715 912 877 997 CCXXV.

272 1085 365 1139 Idem
383 1088 415 1139 in
432 1085 515 1140 libro
535 1086 577 1140 de
596 1087 725 1142 civitate
743 1090 802 1141 Dei
820 1089 932 1143 contra
950 1091 1108 1147 Iulianum
1126 1091 1314 1145 hereticum.

280 1225 372 1296 Puto
389 1221 454 1296 tibi
478 1247 556 1298 eam
575 1234 712 1322 partem
736 1223 830 1298 orbis
847 1225 1012 1300 sufficere
1035 1225 1172 1310 debere,
1190 1227 1227 1302 in
1246 1250 1316 1324 000
1334 1230 1404 1326 pri-

185 1359 283 1408 mum
302 1335 549 1432 Apostolorum
563 1360 708 1412 suorum
721 1337 837 1412 voluit
849 1340 1024 1415 Dominus
1038 1340 1294 1436 gloriosissimo
1311 1369 1404 1417 mar·

184 1447 280 1546 tyrio
298 1471 477 1540 coronare,
495 1451 599 1526 cuius
616 1450 787 1526 Ecclesiae
808 1451 1055 1550 praesidentem
1073 1453 1217 1528 beatum
1234 1457 1404 1532 Innocen-

185 1560 276 1635 tium
294 1562 326 1635 01
342 1562 467 1638 audire
484 1562 757 1654 voluissesiam
774 1573 863 1639 tunc
880 1565 1038 1662 periculo
1055 1567 1281 1644 iuventutem
1300 1579 1401 1645 tuam

184 1675 383 1772 pelagianis
401 1675 538 1773 laqueis
555 1675 722 1752 exuisses.
740 1676 833 1764 Quid
850 1678 944 1752 enim
964 1679 1078 1776 potuit
1094 1680 1156 1756 illc
1180 1681 1239 1754 vir
1256 1691 1402 1758 sanctus

183 1787 378 1862 Africanus
392 1789 599 1886 respondere
612 1790 784 1880 conciliis,
798 1790 869 1864 uisi
882 1792 973 1888 quod
990 1793 1192 1891 antiquitus
1210 1795 1401 1892 apostolica

183 1903 291 1977 Sedes
309 1911 345 1977 ct
357 1904 514 1976 Romane
527 1926 610 1977 cum
624 1905 753 1979 ceteris
765 1913 864 1980 tenet
876 1919 1143 2004 perseveranter
1160 1909 1341 1985 ecclesia?
1355 1914 1402 1984 Et

182 2025 303 2092 tamen
320 2039 561 2092 successorem
575 2017 652 2092 eius
669 2016 761 2114 quod
774 2019 909 2092 nemini
922 2020 1008 2096 licet
1025 2021 1175 2096 crimine
1189 2023 1401 2120 praevarica-

184 2130 291 2205 tionis
308 2140 456 2207 accusat
473 2131 558 2228 quia
574 2131 612 2204 in
634 2131 715 2206 sede
733 2131 944 2228 Apostolioae
968 2135 1137 2210 doctrinae
1154 2145 1219 2226 est,
1237 2136 1328 2234 quod
1345 2137 1402 2212 de·

181 2242 332 2316 cessoris
355 2241 541 2318 sententie
557 2241 673 2316 noluit
690 2242 876 2338 refragari.
895 2247 963 2320 Sed
980 2246 1021 2322 de
1042 2246 1110 2323 hoc
1127 2247 1272 2325 interim
1289 2259 1400 2340 tacco,

182 2379 227 2429 ne
239 2355 404 2428 animum
417 2364 522 2429 tuum
536 2380 642 2453 quem
657 2380 783 2430 sanare
795 2358 912 2456 potius
925 2360 1029 2457 cupio
1041 2385 1148 2458 quam
1166 2361 1313 2452 irritari,
1326 2363 1402 2436 100·

182 2468 287 2544 dibus
303 2469 377 2544 tuis
394 2469 612 2543 damnatoris
629 2469 841 2545 exulcerem.
855 2475 986 2549 Sancto
998 2475 1205 2550 Innocentio
1222 2475 1304 2550 vide
1316 2475 1402 2573 quid

181 2582 401 2678 respondeas,
410 2581 471 2679 qui
482 2581 594 2656 nichil
607 2581 706 2656 aliud
718 2582 760 2656 de
773 2583 841 2659 hac
855 2610 892 2660 re
907 2587 999 2684 sapit
1012 2612 1119 2685 quam
1134 2613 1203 2686 000
1215 2589 1298 2663 disti
1313 2589 1401 2688 (air),

181 2693 388 2792 inquorum
409 2703 444 2768 10
465 2703 682 2770 conventum
697 2696 727 2769 si
749 2700 1033 2796 tamenprodest
1054 2700 1190 2799 aliquid
1211 2701 1402 2780 introduxi.

180 2809 273 2884 Cum
286 2808 342 2882 his
355 2808 461 2884 ctiam
476 2809 551 2906 ipse
569 2810 733 2900 considit,
745 2819 782 2884 01
795 2811 826 2884 01
844 2813 1015 2910 posterior
1027 2823 1194 2914 tempore,
1207 2817 1302 2913 prior
1315 2815 1400 2892 loco.

183 2921 378 2997 Demiseris
391 2922 583 3019 parvulum
596 2923 641 2998 ab
654 2923 823 3019 originali
837 2923 930 2999 malo
943 2926 1034 3023 quod
1046 2927 1204 3001 trahitur
1216 2952 1260 3002 ex
1275 2927 1400 3018 Adam,

179 3058 240 3132 per
258 3034 394 3111 Christi
411 3037 569 3132 gratiam
586 3036 791 3128 liberandis,
808 3061 919 3112 unam
938 3063 1021 3113 oum
1039 3039 1207 3116 01010001
1226 3039 1401 3116 Christia-

179 3175 264 3223 nam
277 3175 473 3248 veramque
487 3151 702 3226 sententiam
715 3176 786 3250 qua
798 3174 902 3226 omne
915 3152 1051 3249 peccati
1064 3152 1197 3227 vitium
1211 3153 1319 3254 primi
1333 3154 1400 3229 sci-

181 3262 268 3338 licet
284 3262 450 3354 hominis,
474 3265 536 3362 qui
560 3264 671 3340 libero
695 3265 843 3339 arbitrio
867 3275 923 3340 est
943 3265 982 3339 in
1007 3267 1182 3364 profunda
1205 3270 1399 3344 demersus.
1451 3306 1466 3328 ·

179 3375 365 3451 Christum
382 3377 473 3452 dixit
496 3378 553 3451 sui
571 3378 717 3455 lavacro
734 3403 909 3476 purgasse
932 3379 1168 3476 baptismatis.
1186 3381 1285 3468 Quod
1303 3381 1399 3456 deni-

179 3513 247 3586 que
260 3490 429 3587 parvulos
447 3491 627 3580 diffinivit,
643 3491 715 3565 0101
733 3493 1032 3568 manducaverint
1048 3517 1193 3568 carnem
1211 3494 1277 3566 filii
1290 3495 1399 3569 horni-

178 3603 245 3692 nis,
258 3603 370 3678 vitam
389 3627 532 3702 prorsus
548 3602 678 3680 habere
694 3629 765 3679 non
782 3627 895 3701 posse,
906 3603 993 3678 huic
1011 3603 1191 3702 responde,
1207 3604 1317 3679 immo
1330 3605 1398 3702 ipsi

178 3716 338 3804 Domino,
362 3717 467 3792 cuius
484 3717 546 3792 ille
566 3717 728 3792 Antistes
749 3741 838 3792 usus
858 3725 913 3790 est
933 3715 1145 3806 testimonio,
1166 3726 1202 3792 et
1222 3717 1280 3792 dic
1304 3717 1398 3792 unde

178 3827 299 3924 imago
317 3829 380 3903 Dei
397 3839 470 3902 tam
489 3828 633 3926 capitali
651 3828 826 3928 supplicio
843 3827 1014 3925 puniatur
1032 3837 1073 3902 ut
1085 3828 1162 3902 vita
1179 3828 1353 3928 privetur,
1366 3829 1397 3903 si

178 3950 365 4042 peccatum
382 3941 646 4017 enascentibus
659 3940 828 4038 originali
841 3963 913 4014 non
926 3939 1092 4015 trahitur.
1111 3941 1179 4015 Sed
1197 3941 1284 4039 quid
1300 3941 1398 4016 dicas

179 4063 242 4128 001
259 4053 346 4152 quid
364 4055 601 4154 respondeas?
618 4056 719 4143 Quod
739 4053 898 4130 etiamsi
917 4052 1062 4128 beatum
1083 4053 1208 4128 audias
1229 4057 1399 4129 Innocen-

178 4166 282 4257 tium,
290 4191 361 4243 non
371 4169 516 4244 audebis
530 4167 715 4243 Christum
729 4167 847 4244 dicere
857 4166 1200 4243 Manicheum‘lNon
1214 4190 1300 4263 ergo
1313 4191 1397 4242 cum

178 4301 347 4376 provoces
368 4281 411 4354 ad
429 4280 585 4355 Orientis
602 4279 795 4370 antistites,
811 4279 895 4378 quia
912 4290 947 4355 01
964 4279 1032 4378 ipsi
1054 4279 1178 4376 utique
1199 4277 1397 4354 Christiani

178 4402 274 4482 0001,
291 4401 327 4467 01
344 4391 531 4490 utriusque
548 4392 660 4491 partis
673 4401 855 4467 terrarum
873 4393 959 4467 fidos
977 4393 1055 4467 1010.
1068 4395 1227 4466 Romana
1246 4391 1395 4482 scilicet,

179 4503 251 4576 sola
269 4513 307 4578 et
322 4528 395 4577 una
414 4504 580 4602 estquis
597 4503 683 4580 fides
700 4503 769 4580 1010
786 4514 822 4581 01
839 4505 1041 4603 Apostolica
1058 4513 1094 4580 et
1111 4503 1318 4580 Christiana
1334 4515 1398 4581 est.
