3642 5294
736 409 913 474 ...41-

210 556 389 610 canonum
406 534 549 610 decreta
566 533 704 622 Sedem,
721 532 814 607 unde
831 530 1218 629 auxilium‘oapiamus,
1236 531 1330 606 unde
1342 547 1432 629 'prra-

209 648 413 722 decessores
431 645 544 721 nostri
561 645 801 720 ordinationes
818 655 855 720 et
871 646 1041 742 dogmata
1058 669 1256 743 suscepere.
1269 647 1317 718 Et
1329 644 1435 718 infra.

209 764 303 836 Nam
327 760 465 836 scimus
489 761 527 834 in
543 760 681 836 Nicena
699 784 834 856 magna
851 760 987 859 synodo
1005 760 1107 835 000.
1132 762 1177 835 X.
1198 768 1235 834 et
1252 761 1350 834 VIII.
1376 783 1433 856 pa·

213 885 313 950 trum
328 875 372 948 ab
390 876 555 950 omnibus
571 875 794 951 concorditer
815 899 892 950 esse
918 874 1194 962 corroboratum,
1211 897 1282 948 non
1307 873 1434 948 debere

210 990 344 1088 absque
363 993 462 1065 Rom.
481 990 665 1066 Pontifiois
681 989 859 1066 sententia
877 988 1030 1064 concilia
1052 988 1239 1078 celebrari,
1262 1011 1328 1064 nec
1353 989 1435 1085 Epi-

213 1125 336 1201 scopus
353 1103 527 1192 damnari,
546 1103 631 1179 licet
648 1103 725 1178 haeo
742 1113 779 1178 et
792 1102 864 1176 alia
882 1103 1097 1200 quamplura
1110 1103 1376 1201 pernecessaria
1389 1103 1434 1176 ab

211 1217 381 1293 hereticis
398 1218 461 1316 qui
478 1241 542 1292 nos
558 1217 688 1294 cotidie
706 1217 880 1292 infestant
897 1225 933 1290 et
950 1217 1095 1314 perdere
1120 1217 1300 1304 nituntur,
1325 1226 1367 1291 ut
1383 1215 1434 1290 fa-

212 1332 319 1408 cilius
335 1356 400 1406 nos
412 1357 539 1431 capere
556 1332 702 1431 possint,
719 1332 793 1406 sint
810 1332 969 1407 sinodica
985 1332 1133 1406 incensa
1157 1332 1328 1430 capitula.
1355 1336 1434 1419 Qua

211 1445 253 1520 de
271 1469 310 1519 re
325 1445 394 1519 hac
411 1445 560 1519 inventa
576 1444 773 1531 occasione,
785 1445 881 1519 omni
896 1446 1067 1520 canonica
1081 1455 1116 1520 et
1134 1447 1327 1544 apostolica
1344 1459 1436 1544 post·

213 1558 327 1655 posita
343 1558 556 1634 auctoritate
573 1581 637 1632 nos
655 1557 690 1629 vi
708 1583 730 1631 a
756 1558 918 1656 propriis,
942 1557 1042 1632 vobis
1067 1558 1290 1650 inconsultis,
1307 1559 1434 1635 illicite

211 1671 398 1769 expellunt
415 1672 568 1748 sedibus
586 1675 674 1747 Item
693 1673 798 1746 insra.

309 1785 483 1862 Similiter
500 1796 569 1862 eta
587 1787 767 1884 praedictis
784 1788 946 1884 patribus
963 1797 1017 1862 est
1033 1788 1221 1862 definitum
1239 1813 1434 1864 consonan-

212 1913 267 1976 ter
284 1909 326 1975 ut
343 1900 374 1975 si
386 1901 576 1999 quisquam
591 1901 846 1999 Episcoporum·
858 1912 923 1976 aut
940 1901 1252 2000 metropolitanum
1266 1912 1330 1976 aut
1343 1927 1435 1978 com·

212 2015 449 2112 provinciales
466 2016 525 2091 vel
542 2017 679 2091 iudices
692 2026 875 2114 suspectos
893 2015 1068 2106 habuerit,
1089 2025 1248 2091 vestram
1273 2027 1435 2093 sanctam

214 2133 411 2204 Romanam
427 2129 582 2227 appellet
599 2130 738 2219 Sedem,
754 2129 815 2205 cui
831 2129 876 2204 ab
893 2131 967 2226 ipso
981 2129 1132 2204 Domino
1152 2139 1307 2228 potestas
1320 2131 1437 2228 ligan-

213 2243 247 2318 di
273 2253 311 2319 et
342 2245 501 2318 solvendi
527 2243 674 2342 speciali
705 2244 898 2342 privilegio
922 2268 1030 2342 super
1054 2243 1145 2318 alias
1168 2268 1335 2321 concesso
1359 2245 1437 2345 ipsa

115 2379 125 2392 ·
212 2361 479 2432 firmamentum
497 2357 680 2432 aDomino
698 2360 807 2432 fixum
827 2369 864 2433 et
876 2357 1059 2434 immobile
1076 2360 1244 2458 percepit.
1258 2359 1433 2448 Quoniam

211 2475 327 2570 ipsam
344 2473 495 2547 formam
509 2473 760 2548 universorum
773 2473 962 2548 titulorum
981 2473 1243 2550 lucidissimam
1261 2475 1435 2550 Dominus

213 2589 338 2664 Ibesus
360 2593 463 2687 Xpus
489 2597 646 2664 vestram
668 2589 897 2686 apostolicam
922 2587 1110 2664 constituit
1130 2590 1259 2664 sedem.
1277 2593 1359 2688 Ipsa
1382 2599 1438 2664 est

212 2727 316 2778 sacer
332 2714 457 2778 vertex
473 2703 512 2776 in
530 2727 600 2801 qua
617 2726 741 2778 omnes
756 2713 961 2791 vertuntur,
985 2711 1246 2792 sustentantur,
1272 2704 1435 2780 relevan·
1472 2693 1479 2705 ’

214 2825 286 2905 tur,
299 2823 336 2890 et
352 2816 448 2891 siout
462 2817 500 2889 in
514 2816 659 2891 Christo
672 2817 884 2907 Christiani,
898 2817 951 2892 ita
968 2826 1004 2893 et
1022 2816 1060 2890 in
1078 2827 1179 2914 petra
1193 2816 1330 2892 Christi
1343 2817 1437 2893 idest

215 2935 326 3007 Petro·
337 2940 559 3006 renovantur
574 2930 747 3008 ¹eeclesiae.
765 2934 857 3007 Item
874 2931 980 3006 infra.
998 2915 1093 3006 Nam
1118 2930 1191 3003 luit
1214 2954 1352 3028 semper
1376 2955 1438 3006 ve·

215 3056 299 3120 strae
317 3045 529 3144 Apostolicae
542 3049 635 3123 sedis
653 3047 799 3123 licentia
819 3046 939 3122 inuste
956 3046 1140 3120 damnatos
1157 3045 1217 3120 uel
1237 3069 1438 3121 excommu-

214 3159 352 3235 nicatos
368 3161 534 3257 potestati
551 3171 681 3236 vestrae
697 3187 763 3235 sua
780 3161 1005 3236 auctoritate
1018 3161 1219 3248 restituere,
1240 3168 1276 3234 et
1293 3185 1359 3234 sua
1383 3161 1435 3235 eis

215 3273 333 3349 omnia
351 3273 507 3364 reddere,
523 3284 560 3350 et
575 3275 656 3350 illos
673 3276 734 3373 qui
748 3301 807 3352 eos
824 3278 1142 3374 condepnaverunt
1157 3285 1221 3350 aut
1232 3289 1437 3350 'excommu-

216 3390 431 3464 nicaverunt
447 3389 638 3487 apostolico
655 3392 783 3489 punire
801 3391 1004 3490 privilegio,
1018 3391 1113 3466 sicut
1129 3391 1240 3466 etiam
1256 3391 1436 3467 nostriset

215 3504 453 3582 anterioribus
469 3505 705 3601 cognovimus
730 3504 948 3604 temporibus
973 3513 1108 3606 actum
1132 3508 1240 3578 Porro
1264 3504 1435 3601 primates

216 3627 252 3693 et
267 3617 336 3715 ipsi
353 3617 416 3715 qui
433 3617 676 3716 episcoporum
694 3628 731 3693 et
743 3642 966 3693 summorum
985 3618 1310 3723 ecclesiasticorum
1328 3642 1435 3714 nego

216 3732 672 3830 tiorumcausassuscipe1·e
685 3731 815 3807 debent
834 3735 872 3808 in
895 3734 1039 3832 praelixa
1051 3731 1190 3807 Nicena
1203 3733 1436 3831 synodosunt

218 3846 447 3935 dinumerati,
471 3847 773 3945 neimposterum
795 3867 839 3924 ex
863 3847 929 3922 hoc
955 3845 1136 3921 contentio
1159 3846 1322 3920 oriretur.
1347 3849 1437 3920 Item

217 3960 323 4033 infra.
336 3962 413 4036 Nec
425 3960 479 4034 fas
497 3969 551 4035 est
563 3960 779 4058 supplicium
796 3961 998 4060 apostolicae
1013 3961 1106 4035 sedis
1118 3961 1156 4034 in
1170 3961 1303 4058 scripto
1314 3969 1379 4034 aut
1391 3959 1437 4034 si-

217 4088 260 4149 ne
277 4075 411 4172 scripto
428 4099 549 4172 preces
566 4076 701 4151 oblatas
718 4075 907 4174 despicere.
926 4077 995 4151 Sed
1013 4085 1055 4151 ut
1071 4076 1241 4152 condecet
1257 4085 1294 4150 et
1307 4084 1348 4150 ut
1365 4074 1435 4173 pri·

217 4191 394 4286 vilegium
411 4199 529 4266 vestre
545 4191 639 4266 sedis
651 4213 715 4265 nos
728 4200 763 4266 et
777 4191 856 4266 illic
873 4191 1043 4266 canonice
1060 4199 1307 4280 convocemur,
1325 4202 1360 4266 et
1372 4215 1434 4264 an-

217 4314 251 4379 te
267 4325 331 4378 vos
348 4303 392 4379 de
409 4303 541 4378 nostris
557 4303 812 4380 obiectionibus
836 4303 1006 4380 canonice
1031 4329 1115 4379 cum
1140 4305 1236 4377 omni
1262 4303 1434 4401 probitate

218 4427 407 4506 certemus,
422 4418 518 4492 siout
543 4418 816 4515 praedecessores
840 4419 952 4492 nostri
979 4431 1085 4516 penes
1110 4427 1247 4493 vestros
1271 4418 1435 4493 fecerunt

219 4541 473 4624 antecessores,
484 4543 521 4608 et
537 4532 633 4610 sicut
645 4532 818 4608 canonica
828 4532 1045 4634 inpraedioto
1062 4532 1183 4608 sinodo
1195 4531 1342 4609 docetur·
1354 4555 1435 4608 con·
