3642 5294
932 432 966 442 ...
995 397 1104 456 46..

399 517 740 596 consubstantialem
758 516 971 591 Trinitatem
994 539 1142 592 evocare
1167 525 1204 590 et
1227 517 1346 613 ipsum
1372 517 1574 590 Iohannem
1589 525 1626 590 et

399 632 536 731 eosqui
555 657 639 708 cum
656 655 696 706 eo
712 631 855 707 facinus
872 630 1006 736 operati
1024 641 1121 720 sunt,
1138 641 1179 704 ut
1196 630 1382 704 venientes
1398 629 1444 704 ad
1461 639 1625 705 sanctam

400 745 576 835 sinodum,
593 745 793 821 satisfaciat
809 745 851 820 dc
869 771 935 818 sua
952 746 1237 843 praesumptione.
1251 743 1373 818 Parati
1391 743 1485 820 enim
1500 769 1627 818 sumus

400 861 525 937 docere
540 887 623 936 eum
642 859 817 934 iniustum
834 869 870 934 et
887 884 956 934 non
976 857 1181 951 legitimum
1199 867 1323 933 contra
1341 881 1404 932 nos
1418 856 1561 931 iniuria
1578 856 1629 930 fa-

400 973 506 1050 cinus
521 975 717 1050 admisisse.
736 973 912 1050 Acathius
927 972 1119 1047 Militensis
1132 971 1328 1070 Episcopus
1341 971 1440 1045 dixit.
1454 974 1532 1045 Non
1551 979 1628 1046 erat

401 1089 566 1188 possibile
583 1098 625 1163 ut
641 1088 703 1188 qui
720 1088 853 1187 scipsos
870 1115 891 1161 a
908 1098 1034 1162 sancta
1051 1086 1171 1161 sinodo
1196 1084 1452 1160 subtraxerunt
1476 1094 1513 1159 et
1533 1083 1627 1158 adie-

401 1213 531 1280 cerunt
547 1227 584 1278 se
601 1202 653 1278 eis
670 1202 732 1301 qui
751 1202 853 1277 malae
870 1213 976 1277 sactae
993 1199 1148 1275 Nestorii
1167 1208 1253 1274 sunt
1278 1198 1474 1288 coniuncti,
1496 1223 1628 1296 praesu·

404 1339 500 1391 mere
516 1325 638 1392 contra
657 1315 792 1413 priores
815 1314 926 1389 huius
950 1323 1084 1391 sanctae
1110 1311 1327 1388 universalis
1351 1311 1466 1386 sinodi
1491 1309 1628 1409 aliquid

403 1451 523 1524 agere,
540 1427 677 1502 nullam
695 1427 867 1504 habentes
883 1427 1133 1503 auctoritatem
1151 1425 1304 1500 omnino.
1431 1503 1437 1510 ,

501 1540 676 1630 Quoniam
693 1551 814 1616 autem
833 1541 968 1640 placuit
985 1549 1114 1615 vestre
1131 1537 1316 1613 sanctitati
1338 1547 1375 1612 et
1400 1560 1462 1635 pro
1486 1535 1543 1610 his
1569 1561 1628 1612 eos

408 1654 452 1729 ad
470 1654 643 1731 iudicium
661 1653 768 1744 trahi,
782 1663 953 1730 vocentur
971 1677 1033 1751 per
1051 1650 1358 1726 reverentissimos
1371 1651 1571 1749 Episcopus.
1583 1653 1631 1726 Et

410 1767 514 1841 infra.
531 1767 623 1843 Cum
642 1767 713 1840 iam
730 1767 836 1842 tertio
854 1791 915 1866 per
933 1765 1241 1842 reverentissimos
1268 1765 1457 1863 Episcopos
1482 1775 1631 1840 vocatus

408 1879 547 1970 fuisset,
564 1879 747 1955 Iuvenalis
764 1879 962 1978 Episcopus
977 1878 1312 1955 Hierosolimitanus
1324 1879 1423 1954 dixit.
1441 1877 1631 1978 Oportebat

408 1991 552 2090 quidem
569 1991 762 2068 Iohannem
781 1992 1113 2068 reverentissimum
1131 1995 1346 2091 Episcopum
1364 1991 1564 2067 Antiochiae
1587 1991 1632 2066 ad

409 2116 571 2180 sanctam
602 2106 843 2182 universalem
874 2106 1038 2180 sinodum
1063 2106 1252 2181 confestim
1283 2105 1328 2180 ad
1353 2105 1633 2181 satisfactionem

406 2218 590 2296 illatorum
608 2219 676 2294 sibi
694 2243 918 2308 concurrere,
936 2230 972 2294 ct
990 2219 1072 2294 Sodi
1091 2218 1294 2318 Apostolice
1319 2243 1399 2317 qua
1424 2217 1526 2292 nobis
1549 2240 1632 2294 con·

408 2331 499 2406 sidet
512 2355 654 2428 magnae
664 2335 773 2408 Rome
786 2332 1035 2431 etApostolicc
1050 2330 1372 2408 Hierosolimitanae
1385 2329 1547 2408 Ecclesia
1565 2329 1632 2405 Dei

409 2445 562 2532 obedire,
580 2455 617 2521 et
633 2445 803 2523 honorem
820 2447 958 2522 deferre
975 2446 1071 2544 apud
1089 2469 1196 2544 quam
1210 2444 1364 2521 maxime
1377 2445 1496 2520 sedem
1509 2453 1546 2519 et
1560 2451 1632 2517 An-

409 2559 587 2636 tiooenam
603 2584 677 2636 mos
690 2571 745 2636 est
757 2586 801 2637 cx
813 2560 1004 2660 apostoliea
1022 2570 1243 2658 consequent
1228 2559 1332 2635 ia
1295 2569 1363 2635 c
1348 2559 1459 2635 tradit
1460 2559 1539 2634 ione
1553 2559 1630 2655 regi

409 2685 445 2748 et
461 2674 557 2771 apud
574 2698 652 2750 eam
670 2673 833 2751 iudicari.

506 2788 596 2862 Item
614 2785 776 2885 exempla
793 2787 954 2863 eiusdem
972 2789 1088 2864 sinodi
1105 2789 1150 2864 ad
1168 2791 1301 2888 Papam
1316 2788 1448 2864 Oelcst
1421 2798 1549 2864 trnum.
1562 2745 1634 2865 Nos

408 2898 529 2995 igitur
555 2899 682 2974 merito
702 2899 884 2998 indignati
910 2925 972 3000 per
997 2902 1140 2978 tertiam
1162 2902 1386 2978 vocationem
1412 2902 1634 2977 tentavimus

411 3011 553 3110 quidem
567 3037 707 3111 equam,
722 3024 796 3088 tam
809 3023 934 3089 contra
947 3014 1065 3112 ipsum
1079 3014 1274 3092 Iohannem
1289 3040 1396 3114 quam
1410 3024 1533 3090 contra
1546 3015 1634 3090 alios

411 3123 626 3200 sententiam
646 3125 803 3223 proferre
820 3125 995 3223 legitime,
1013 3152 1121 3225 quam
1143 3127 1218 3226 ipsc
1239 3139 1363 3205 contra
1388 3127 1488 3225 leges
1513 3129 1552 3202 in
1576 3151 1635 3203 eos

411 3235 472 3335 qui
490 3237 529 3310 in
546 3237 646 3312 nullo
663 3239 868 3336 reprehensi
886 3251 972 3315 sunt
988 3239 1148 3340 protulit.
1174 3243 1222 3316 Ut
1243 3251 1366 3316 autem
1391 3242 1469 3318 eius
1494 3241 1635 3318 temerin

411 3358 523 3446 tatem
541 3351 713 3448 patientia
730 3353 902 3444 vinceret,
919 3353 1005 3430 licet
1022 3355 1117 3430 iuste
1135 3353 1201 3431 hcc
1215 3365 1399 3453 pateretur
1411 3365 1448 3432 et
1460 3355 1639 3452 legitime,

408 3463 638 3538 servavimus
655 3464 789 3541 iudicio
805 3476 877 3542 tuae
894 3468 1115 3544 reverentiae.
1132 3471 1179 3543 Et
1203 3493 1301 3544 nunc
1318 3469 1465 3545 interim
1482 3491 1540 3545 eos
1556 3469 1636 3543 sine

411 3575 660 3651 communione
678 3577 840 3668 fecimus,
856 3589 1085 3678 amputantes
1111 3579 1186 3655 illis
1212 3605 1354 3658 omnem
1378 3581 1634 3659 sacerdotalem

410 3697 619 3785 potestatem
637 3699 679 3765 ut
698 3691 824 3766 nullus
841 3695 952 3790 possit
968 3693 1086 3770 ledere
1099 3719 1162 3792 per
1174 3721 1260 3770 suas
1272 3697 1479 3773 sententias.
1491 3701 1562 3773 Eos
1574 3698 1637 3796 qui

413 3799 465 3873 ita
481 3800 647 3878 ferociter
664 3813 699 3878 ct
716 3814 841 3880 contra
858 3830 1012 3882 canones
1032 3808 1172 3886 irruere
1196 3809 1312 3886 solent
1335 3812 1380 3888 ad
1404 3813 1576 3910 pessimas
1600 3823 1637 3888 et

407 3912 617 3990 sevissimae
635 3941 703 4006 res,
720 3920 892 4016 quomodo
909 3945 979 3996 non
997 3932 1075 3997 erat
1096 3924 1341 4000 necessarium
1367 3949 1408 4000 ea
1434 3949 1543 4023 quam
1568 3949 1637 4002 non

408 4024 595 4102 habuisset
579 4027 719 4103 tetiam
737 4030 898 4108 volentes
915 4057 978 4108 nos
994 4033 1200 4112 adimere
1169 4063 1221 4114 ers
1239 4037 1385 4134 legendi
1400 4046 1638 4137 potestatem‘2

409 4138 684 4216 Fratribust
613 4141 684 4237 rgit
687 4168 730 4217 ur
755 4145 885 4220 nostris
911 4161 947 4222 et
971 4149 1228 4226 comministris
1254 4151 1380 4227 Cirillo
1403 4163 1441 4260 ct
1466 4153 1638 4228 Mennoni

410 4275 472 4350 qur
463 4251 601 4330 hano
591 4279 763 4331 1n1ur1am
776 4259 1030 4336 sustrnuerunt
1042 4285 1401 4354 communicavimus
1419 4275 1638 4342 evacuantes

409 4387 454 4442 ex
478 4366 611 4465 scripto
627 4368 772 4445 illorum
790 4371 916 4447 ludum
942 4373 1217 4476 invalidumque
1242 4387 1278 4453 ot
1302 4378 1431 4455 effectu
1457 4391 1637 4457 carentem

410 4478 523 4556 modis
538 4481 704 4558 omnibus
721 4485 1003 4581 pronuntiantes.
1017 4489 1155 4566 Iniuria
1167 4502 1246 4566 erat
1258 4490 1478 4568 solummodo
1490 4502 1527 4568 et
1539 4493 1639 4568 aliud
