3646 5292
880 333 1009 396 -200
1036 367 1075 381 -

366 477 423 528 res
436 451 608 527 accendat
617 451 813 547 incognita,
827 452 885 526 sed
897 451 1132 550 praesentibus
1142 452 1340 528 senioribus
1349 453 1590 532 ecclesiaetnae

366 563 558 660 diligenter
576 573 630 637 est
646 563 781 638 veritas
798 566 1065 662 perscrutanda.
1084 568 1129 640 llt
1145 576 1234 641 tnnc
1252 567 1282 639 si
1301 566 1456 664 qualitas
1470 569 1519 644 rei
1533 593 1590 667 po

367 678 532 777 poscent,
550 679 721 752 canonica
738 678 913 752 districtio
939 679 1083 774 culpam
1108 679 1214 754 feriat
1238 679 1490 778 delinquentis,
1514 681 1592 756 haec

367 791 488 888 itaque
505 790 622 864 omnia
639 789 692 864 sic
710 789 912 866 solliciteac
931 801 1125 866 mansuetae
1142 790 1253 866 studii
1270 792 1325 866 tui
1342 792 1390 866 sit
1402 794 1591 885 custodire,

368 904 538 1003 quatinus
556 903 609 977 illi
628 903 765 978 iuxtam
784 914 908 980 contra
924 914 960 980 te
976 905 1197 980 occasionem
1211 927 1282 979 non
1298 904 1485 981 inveniant
1498 933 1591 982 mur-

374 1017 549 1093 morandi.

854 1245 1029 1329 vann.
1046 1241 1122 1341 pir)
1219 1275 1222 1282 ·

466 1472 662 1569 Gregorius
680 1472 893 1548 Theoctistae
911 1475 1085 1550 Patriciae.
1098 1477 1197 1550 Inter
1210 1485 1340 1550 cetera.
1354 1475 1392 1548 Si
1405 1477 1502 1550 enim
1515 1479 1593 1552 bea-

370 1595 430 1660 tus
448 1587 577 1662 Petrus
593 1611 676 1661 cum
697 1611 719 1660 a
736 1587 900 1662 fidelibus
917 1587 1134 1686 culparetur,
1151 1588 1404 1664 auctoritatem
1422 1615 1528 1688 quam
1554 1592 1592 1665 in

370 1709 495 1776 sancta
513 1700 675 1776 Ecclesia
691 1712 878 1800 acceperat
896 1701 1117 1790 attendisset,
1143 1704 1352 1801 respondere
1379 1712 1525 1801 poterat,
1550 1716 1591 1780 ut

371 1823 548 1912 pastorem
565 1839 671 1886 suum
688 1838 772 1889 oves
790 1839 869 1914 quae
886 1816 1083 1890 commissae
1096 1817 1239 1892 fuerant
1253 1817 1509 1916 reprehendere
1522 1843 1592 1895 non

370 1929 549 2004 auderent.
566 1927 634 2002 Sed
652 1937 688 2003 et
705 1928 735 2001 si
753 1929 791 2001 in
804 1929 950 2027 querela
964 1929 1122 2004 fidelium
1135 1931 1273 2030 aliquid
1285 1933 1327 2008 de
1342 1959 1408 2007 sua
1420 1944 1592 2034 potestate

370 2043 514 2129 diceret,
531 2040 685 2137 profecto
701 2041 821 2116 doctor
839 2042 1125 2117 mansuetudinis
1141 2067 1213 2119 non
1231 2057 1334 2135 esset,
1352 2046 1482 2121 humili
1508 2072 1593 2146 ergo

370 2178 429 2230 eos
446 2153 581 2228 ratione
598 2152 765 2250 placavit,
777 2162 884 2250 atque
902 2155 940 2227 in
958 2179 1067 2229 causa
1085 2157 1367 2254 reprehensionis
1391 2187 1466 2235 suae
1484 2162 1593 2236 etiam

371 2276 481 2343 testes
490 2265 652 2340 adhibuit
665 2266 797 2341 dicens.
808 2271 996 2343 Venerunt
1010 2279 1130 2345 autem
1145 2297 1287 2346 mecum
1298 2276 1366 2346 VII
1380 2273 1510 2349 fratres
1523 2274 1594 2350 isti.

372 2381 411 2456 Si
428 2381 543 2476 igitur
559 2389 595 2455 et
611 2389 730 2478 pastor
747 2379 917 2455 Ecclesiae
933 2391 970 2456 et
988 2382 1235 2480 Apostolorum
1250 2383 1422 2482 Princeps
1434 2385 1595 2482 singula-

373 2495 460 2569 riter
476 2493 583 2589 signa
599 2492 736 2568 faciens
748 2503 783 2568 et
802 2493 975 2569 miracula
993 2517 1062 2568 non
1076 2495 1292 2591 dedignatus
1301 2506 1355 2572 est
1368 2498 1405 2570 in
1420 2522 1529 2572 causa
1543 2523 1595 2573 re·

372 2607 618 2708 prehensionis
634 2633 708 2682 suae
731 2608 903 2683 rationem
928 2607 1115 2681 humiliter
1141 2608 1296 2697 reddere,
1320 2619 1453 2707 quanto
1478 2610 1595 2706 magis

375 2745 439 2795 nos
452 2727 656 2818 peccatores
668 2745 752 2796 cum
767 2722 809 2796 de
823 2720 993 2818 aliquare
1007 2721 1311 2816 reprehendimur,
1326 2722 1596 2822 reprehensores

377 2845 514 2910 nostros
531 2833 662 2909 humili
681 2834 816 2909 ratione
834 2833 976 2932 placare
992 2831 1189 2908 debemus?

939 3059 1041 3143 LXX.

473 3287 680 3384 Gregorius.
694 3289 735 3360 In
752 3287 902 3383 dialogo.
912 3287 1097 3386 Numquid
1110 3290 1214 3363 Petro
1228 3288 1265 3361 in
1279 3287 1347 3363 hac
1359 3289 1478 3365 adhuc
1490 3313 1598 3365 carne

377 3425 448 3476 non
470 3409 558 3488 erat,
575 3399 714 3498 quando
738 3401 915 3476 audiebat.
940 3405 1183 3498 Quacumque
1208 3402 1380 3497 ligaveris
1405 3426 1513 3500 super
1529 3411 1598 3476 ter-

378 3539 467 3604 ram,
480 3513 548 3588 erit
564 3513 720 3609 ligatum
738 3523 774 3588 et
790 3513 828 3587 in
846 3515 960 3589 celis?
974 3517 1020 3587 Et
1032 3524 1170 3588 caetere.
1185 3515 1300 3590 Cuius
1315 3539 1411 3590 nunc
1425 3516 1540 3591 vicem
1558 3515 1597 3589 in

377 3627 523 3724 ligando
539 3635 575 3702 et
599 3626 766 3701 solvendo
782 3626 952 3724 optinent,
970 3627 1034 3723 qui
1051 3625 1167 3702 locum
1187 3629 1305 3703 sancti
1325 3627 1513 3724 regiminis
1530 3628 1598 3703 fide

377 3749 414 3815 et
438 3737 596 3813 moribus
619 3747 751 3815 tenent.
770 3739 838 3814 Sed
855 3748 897 3813 ut
913 3749 1014 3815 tanta
1032 3741 1152 3817 valeat
1169 3741 1236 3818 hoc
1263 3743 1306 3818 de
1328 3752 1434 3836 terra,
1458 3743 1538 3820 caeli
1561 3750 1598 3818 et

378 3861 483 3928 terrae
500 3853 659 3928 conditor
675 3853 713 3925 in
729 3861 825 3927 terra
842 3852 944 3928 venit
961 3879 980 3929 e
998 3855 1082 3930 celo

936 4031 1056 4164 mm.

453 4307 662 4402 Gregorius.
679 4308 721 4380 In
738 4307 918 4407 pastorali.
936 4309 1080 4404 Moyses
1097 4306 1159 4405 qui
1176 4331 1260 4382 cum
1278 4309 1350 4382 Deo
1362 4305 1532 4405 loquitur,
1549 4311 1601 4384 Ie·

381 4419 460 4495 thro
476 4419 679 4518 alienigene
697 4419 968 4520 reprehensione
988 4420 1180 4513 iudicatur,
1193 4422 1285 4520 quod
1297 4421 1448 4498 terrenis
1461 4423 1600 4522 populo
