3642 5294
228 593 274 656 n.
298 561 358 656 23
382 567 427 658 et
448 565 568 688 seq.)
594 567 675 688 qui
696 569 993 690 praeclarum
1017 569 1073 662 de
1095 597 1147 662 eo
1170 569 1363 692 protulit
1384 572 1451 663 te-

227 725 515 884 stimonium.
546 761 570 816 «
592 729 697 824 Hoc
718 757 857 882 anne,
880 731 1064 826 vivente
1086 731 1241 825 adhuc
1261 730 1451 826 Victore

224 891 428 1014 »Papa
460 891 719 986 Deusdedit
755 895 1001 1016 presbyter
1034 893 1296 988 Cardinalis
1328 892 1451 988 t'tuli
1514 947 1516 952 ,

224 1085 250 1140 »
280 1053 540 1173 Eudoxiae,
558 1057 948 1186 commentarium
972 1055 1226 1151 elaboravit
1242 1055 1316 1150 his
1334 1059 1452 1150 tem·
1612 1075 1616 1082 ’

223 1217 471 1338 »poribus
504 1222 822 1342 opportunum
854 1247 938 1342 pro
971 1219 1184 1314 Ecclesia
1211 1220 1452 1314 Catholica

223 1383 443 1474 »contra
485 1381 824 1500 schismaticos
858 1411 995 1504 quern
1031 1385 1076 1476 et
1097 1381 1338 1488 ,dedicavit
1368 1383 1451 1476 Vi·

222 1569 249 1628 s
279 1540 395 1634 ctori
417 1541 590 1663 Papae.
616 1543 763 1636 Extat
784 1541 1013 1666 ejusmodi
1035 1542 1296 1637 lucubratio
1319 1545 1449 1637 tanto

221 1730 248 1790 ›>
278 1701 378 1796 viro
408 1703 552 1823 digna
582 1704 631 1798 in
652 1705 884 1798 Vaticana
905 1704 1196 1800 Bibliotheca
1216 1706 1450 1802 collocbo

221 1892 543 1963 soooooooo
576 1872 912 1992 nuncupata.»

349 2027 500 2123 Porro
524 2031 580 2125 de
603 2009 699 2126 lita
720 2031 860 2149 illius,
878 2059 1166 2156 quamquam
1189 2030 1348 2126 infelix
1370 2032 1450 2126 illa

212 2193 355 2324 aetas
378 2194 509 2287 nulla
534 2193 591 2288 de
617 2193 721 2317 ipsa
741 2197 1049 2290 monumenta
1070 2194 1323 2288 memoriae
1344 2223 1451 2318 pro·

224 2350 357 2462 didit,
378 2353 590 2447 nonnihil
613 2383 715 2450 esse
736 2355 921 2451 videtur
941 2356 1249 2451 innuendum.
1273 2356 1329 2449 ln
1356 2356 1450 2479 epi-

223 2516 359 2632 stola,
381 2545 524 2638 quarn
554 2516 732 2611 Victori
764 2517 836 2612 ΙΠ
857 2517 1110 2640 inscripsit,
1134 2519 1284 2613 utitur
1314 2519 1448 2614 titulo
1578 2499 1581 2504 ¹

224 2677 456 2802 eooo'poros
487 2679 780 2804 Presbyter·
813 2680 960 2776 to‘toclo'
979 2682 1358 2802 Apostolorum
1391 2681 1448 2778 ab

224 2837 497 2936 Eudemo:
533 2841 588 2935 ln
619 2842 702 2936 illa
732 2845 890 2936 autem
919 2870 1061 2963 quarn
1094 2843 1351 2964 praemittit
1384 2845 1449 2938 al-

223 3003 313 3097 teri
351 3008 517 3100 contra
557 3005 835 3100 simoniacos
879 3005 1086 3126 aliosque
1118 3005 1192 3100 sui
1223 3008 1447 3130 temporis

223 3167 483 3262 haereticos
507 3167 724 3261 eumdem
757 3165 902 3262 ferme
934 3167 1125 3261 titulum
1153 3168 1356 3288 adhibet,
1383 3169 1450 3264 vi-

227 3329 391 3424 delicet
421 3328 718 3425 Doosclodc't
744 3331 965 3424 obliciacis
997 3329 1289 3455 Presbyter
1309 3333 1449 3454 Apo-

226 3493 484 3588 stolorum
508 3492 562 3588 o'o
584 3491 855 3588 Eodoooo.
879 3491 1099 3587 Dubitari
1126 3491 1302 3614 nequit,
1335 3494 1448 3614 quin
1520 3467 1524 3477 ¹

225 3653 1450 3780 fueritPresbyterprirnariusseuCardinallsprou-

225 3817 261 3911 ti
294 3845 421 3910 nunc
454 3816 615 3910 eodem
647 3815 742 3912 lere
775 3819 912 3912 niodo
946 3817 1253 3938 assignantur
1287 3805 1449 3912 Cardi-

224 3979 410 4072 nalibus
437 3977 561 4072 tituli
583 3979 942 4100 presbyterales
964 3980 1036 4073 vel
1065 3979 1316 4074 diaconiae.
1345 3981 1449 4075 Hu-

216 4139 428 4262 jusmodi
449 4139 644 4234 titulum·
663 4139 761 4234 sive
784 4141 1140 4264 appellationem
1158 4141 1358 4267 coryci,
1374 4143 1447 4237 vel

223 4303 757 4428 oltz‘oco'tuncternporis
775 4305 1024 4400 adhibendi
1041 4333 1143 4399 naos
1159 4312 1449 4427 eratquern-
1607 4329 1613 4339 ·

224 4466 632 4592 adrnodumsolet
669 4469 915 4570 Romanus
953 4467 1172 4568 Pontifex
1205 4498 1255 4564 se
1293 4472 1449 4599 appel-
