3654 5302
917 405 1050 470 -402
1075 438 1116 454 -

406 536 532 604 tantus
549 527 739 604 hoavalud
756 525 795 600 in
812 525 965 602 hostiam
983 531 1055 602 Deo
1072 526 1218 617 obtulit,
1230 527 1293 626 qui
1310 537 1434 603 contra
1451 527 1488 603 se
1505 551 1627 627 pravo

403 667 486 715 rum
503 641 713 717 inimicitias
725 642 907 717 excitavit.
917 641 1012 718 Hinc
1025 649 1079 716 est
1096 643 1188 740 quod
1202 643 1289 717 Levi
1303 641 1419 717 tribus
1432 642 1625 740 assumptis

404 754 540 849 gladiis
554 779 615 852 per
639 764 839 830 castrorum
866 755 981 829 media
1007 757 1197 846 transiens,
1214 755 1299 854 quia
1324 757 1483 831 feriendo
1511 756 1625 830 noluit

401 868 649 965 peccatoribus
675 893 831 966 parcere,
848 872 921 944 Deo
939 895 1067 944 manus
1089 871 1185 947 dicta
1203 881 1258 946 est
1275 894 1512 947 consecrasse.
1530 871 1623 946 Hinc

403 985 530 1060 Finees
556 983 782 1083 peccantium
806 984 943 1059 civium
970 984 1127 1081 gratiam
1153 995 1335 1082 spernens,
1352 995 1520 1060 coeuntes
1542 1008 1624 1059 cum

404 1097 610 1173 Madianitis
628 1098 781 1197 perculit
802 1107 838 1172 et
854 1097 1105 1184 iram.Domini
1123 1097 1237 1173 iratus
1257 1098 1424 1196 placavit.
1444 1097 1540 1172 Hinc
1565 1121 1625 1194 per

404 1213 631 1313 semetipsam
642 1211 788 1287 Veritas
800 1202 1025 1288 dicitNolita
1039 1203 1207 1286 arbitrari
1220 1211 1306 1309 quia
1323 1210 1485 1286 venerim
1502 1234 1624 1309 pacem

204 1361 207 1383 ·
317 1361 321 1372 ν
405 1325 550 1401 mittere
564 1326 759 1416 interram,
775 1349 846 1401 non
871 1325 955 1401 ve'ni
974 1349 1095 1424 pacem
1114 1327 1268 1416 mittere,
1285 1325 1346 1400 sed
1363 1324 1535 1421 gladium.
1553 1327 1627 1397 Ma·

405 1435 519 1510 lorum
538 1461 693 1535 namque
710 1462 794 1513 cum
812 1437 961 1513 incaute
981 1437 1154 1513 amicitiis
1179 1437 1379 1534 iungimur,
1396 1436 1512 1534 culpis
1536 1435 1626 1531 liga-

399 1577 496 1640 mur,
512 1553 607 1628 unde
623 1553 790 1651 Iosephat
814 1554 876 1651 qui
893 1562 946 1628 tot
962 1554 1004 1628 de
1021 1561 1105 1628 ante
1121 1577 1165 1627 ao
1181 1553 1257 1626 vita
1283 1551 1469 1650 praeconiis
1497 1550 1628 1625 attolli·

402 1673 474 1755 tur,
491 1665 534 1740 de
551 1667 596 1741 ab
612 1667 680 1742 hac
698 1667 796 1764 regis
812 1667 983 1742 amicitiis
1001 1692 1091 1765 pene
1109 1667 1291 1764 periturus
1308 1667 1525 1764 increpatur,
1542 1689 1625 1740 cum

403 1780 591 1856 aDomino
616 1805 677 1880 per
698 1781 905 1880 prophetam
932 1781 1074 1856 dicitur.
1092 1780 1205 1878 Impio
1230 1780 1363 1878 praebes
1387 1779 1575 1868 auxilium,
1590 1787 1628 1852 et

402 1891 459 1965 his
476 1893 537 1990 qui
554 1894 706 1973 oderunt
722 1897 838 1968 Deum
857 1894 1018 1970 amicitia
1043 1894 1218 1990 iungeris,
1234 1902 1271 1970 et
1295 1893 1426 1969 iccirco
1443 1893 1532 1967 iram
1550 1893 1628 1990 qui-

399 2004 483 2080 ·dem
502 2006 644 2081 Domini
663 2007 945 2097 merebarissed
961 2009 1052 2082 bona
1069 2031 1174 2106 opera
1192 2008 1340 2082 inventa
1357 2007 1498 2081 suntin
1523 2015 1569 2094 te,
1586 2027 1628 2079 eo

400 2120 496 2217 quod
512 2119 704 2196 abstuleris
721 2121 821 2197 lucos
842 2121 880 2195 in
906 2133 1001 2196 terra
1018 2123 1116 2196 Iuda.
1135 2121 1191 2196 Ab
1215 2121 1278 2196 illo
1294 2120 1390 2196 enim
1409 2120 1470 2218 qui
1487 2143 1628 2194 summe

404 2243 525 2308 rectus
541 2244 596 2309 est
612 2257 651 2310 eo
677 2235 753 2333 ipse
782 2235 855 2308 iem
881 2235 1071 2333 discrepat,
1089 2258 1159 2333 quo
1184 2239 1432 2332 perversorum
1456 2231 1628 2308 amicitiis

403 2348 479 2421 vita
495 2357 616 2423 nostra
633 2349 831 2425 concordat.
844 2349 1072 2424 Admonendi
1090 2357 1176 2422 sunt
1192 2348 1321 2446 pacati,
1340 2371 1386 2420 ne
1403 2346 1435 2420 si
1451 2345 1497 2420 ad
1513 2367 1629 2420 corre·

380 2453 534 2558 'ptionis
562 2461 672 2536 verba
697 2461 893 2561 prosiliant,
911 2462 1140 2560 temporalem
1172 2486 1294 2559 pacem
1325 2460 1394 2534 sibi
1423 2459 1627 2558 perturbari

403 2574 604 2650 formident.
621 2577 851 2672 Rursumque
872 2575 1085 2651 admonendi
1102 2585 1200 2665 sunt,
1217 2586 1259 2650 ut
1275 2575 1422 2650 eandem
1439 2597 1561 2672 pacem
1578 2574 1630 2647 di·

398 2687 553 2763 -leaciona
570 2689 713 2784 integra
739 2689 958 2766 intrinsecus
985 2699 1133 2764 teneant
1162 2713 1270 2786 quam
1297 2713 1360 2788 per
1386 2687 1626 2762 invectionem

399 2803 502 2879 uocis
531 2803 598 2878 sibi
627 2804 851 2880 extrinsecus
881 2805 1051 2879 tribuent.
1078 2803 1178 2890 Quod
1207 2813 1403 2900 utrumque
1421 2801 1535 2875 David
1565 2824 1629 2899 pro

401 2941 525 2993 mense
542 2917 678 3017 peribat
694 2942 838 2993 servare
852 2942 935 2992 cum
950 2917 1046 2994 dicit.
1057 2918 1149 2993 Cum
1163 2917 1221 2991 his
1238 2917 1299 3015 qui
1312 2915 1490 2991 haderunt
1502 2941 1627 3015 pacem

402 3055 499 3105 eram
526 3030 710 3129 pacificus,
727 3055 810 3106 cum
835 3029 1004 3128 loquebar
1032 3029 1106 3104 illis
1130 3028 1394 3127 impugnabant
1419 3053 1475 3103 me
1499 3028 1627 3124 gratis.

403 3147 498 3220 Ecce
527 3153 564 3218 et
591 3143 741 3242 loquens
766 3141 1060 3242 impugnabatur,
1076 3156 1113 3219 et
1137 3153 1258 3219 tamen
1288 3143 1522 3241 impugnatus
1549 3151 1629 3217 erat

403 3256 586 3355 pacificus,
603 3257 688 3355 quia
720 3281 787 3332 neo
816 3257 1037 3333 insanientes
1066 3257 1254 3332 cessabant
1279 3255 1544 3355 reprehendere,
1559 3279 1628 3330 nec

404 3369 633 3469 reprehensos
653 3369 871 3465 neglegebat
887 3395 1019 3445 amare.
1032 3369 1129 3444 Hinc
1142 3369 1250 3444 etiam
1266 3368 1402 3442 Paulus
1418 3367 1478 3442 ait.
1492 3367 1531 3441 Si
1549 3367 1628 3441 fieri

402 3491 517 3582 potest
533 3483 626 3581 quod
643 3507 687 3558 ex
702 3482 804 3557 vobis
820 3493 875 3558 est
891 3507 974 3558 cum
995 3481 1165 3558 omnibus
1189 3481 1393 3556 hominibus
1418 3505 1542 3578 pacem
1566 3479 1629 3554 ha-

403 3593 538 3685 bentes,
555 3595 764 3670 hortaturus
777 3596 874 3670 enim
888 3595 1081 3694 discipulos
1096 3604 1137 3670 ut
1150 3617 1274 3694 pacem
1287 3619 1371 3670 oum
1384 3593 1550 3668 omnibus
1565 3593 1629 3665 ha·

391 3706 539 3796 herent,
555 3707 728 3808 praemisit
744 3709 876 3784 dicens.
895 3709 933 3782 Si
952 3709 1028 3784 fieri
1047 3716 1298 3806 potestatique
1313 3707 1513 3804 subiungit.
1527 3707 1627 3794 Quod
1659 3731 1662 3734 ·

403 3845 447 3894 ex
464 3820 564 3896 vobis
581 3831 645 3896 est.
664 3821 816 3897 Difficile
841 3823 971 3920 quippe
989 3832 1065 3896 erat
1082 3832 1123 3896 ut
1140 3822 1170 3895 si
1191 3821 1282 3895 male
1300 3830 1381 3895 acta
1399 3821 1629 3917 corriperent,

402 3933 532 4009 habere
550 3959 673 4035 pacem
692 3959 773 4008 cum
792 3935 958 4009 omnibus
974 3944 1127 4032 possent.
1146 3934 1215 4009 Sed
1236 3959 1319 4008 cum
1337 3933 1542 4030 temporalis
1558 3957 1629 4030 pax

398 4045 443 4119 in
460 4069 651 4143 pravorum
669 4047 835 4121 cordibus
851 4071 896 4122 ex
912 4057 1033 4121 nostra
1051 4047 1293 4145 increpatione
1314 4044 1557 4133 confunditur,
1575 4044 1628 4117 in-

404 4159 538 4234 violata
555 4184 701 4236 necesse
718 4171 772 4235 est
788 4171 830 4234 ut
846 4161 884 4234 in
910 4171 1029 4235 nostro
1054 4159 1157 4234 corde
1182 4167 1356 4233 servetur.
1374 4161 1482 4232 Recte
1507 4157 1629 4255 itaque

403 4271 466 4361 ait,
483 4271 576 4370 quod
592 4297 637 4346 ex
652 4271 752 4346 vobis
769 4282 833 4347 est.
852 4279 905 4348 Ac
923 4271 954 4344 si
971 4271 1146 4345 nimirum
1164 4271 1270 4346 dicet.
1288 4270 1381 4358 Quia
1406 4293 1474 4367 pax
1490 4279 1527 4344 et
1543 4268 1630 4343 dua-

397 4409 483 4455 rum
502 4383 659 4482 partium
677 4407 852 4459 consensu
870 4382 1044 4472 subsistit,
1053 4382 1084 4456 si
1097 4383 1142 4457 ab
1159 4385 1212 4458 eis
1229 4383 1290 4480 qui
1308 4381 1553 4482 corripiuntur
1570 4405 1630 4455 ex·

404 4495 562 4591 pellitur,
579 4496 722 4592 integre
746 4508 865 4570 tamen
891 4497 929 4569 in
955 4505 1076 4570 vestra
1097 4497 1158 4593 qui
1177 4495 1357 4592 corripitis
1373 4505 1493 4569 mente
1510 4505 1631 4569 tenea·
