3638 5294
919 385 1117 454 -450-

402 509 620 585 Polluuntur
635 510 733 586 enim
750 533 873 586 omnes
889 533 961 584 uno
978 522 1158 611 peccante.
1176 509 1300 585 Helias
1316 535 1471 610 namque
1494 505 1629 588 multos

401 623 521 699 affecit
539 635 651 700 morte
669 625 808 734 propria
827 649 948 700 manu.
970 628 1012 698 In
1038 649 1129 699 novo
1144 625 1252 699 etiam
1271 635 1483 701 testamento
1500 629 1632 701 Petrus

397 737 581 846 Ananiam
600 748 636 814 et
654 737 842 837 Saphiram
860 739 1017 814 terrifice
1036 737 1215 813 multavit.

847 979 850 988 ·
927 939 1098 1024 cxxvii.

695 1143 897 1208 Augustinus
917 1107 959 1194 ds
976 1141 1060 1196 libro
1079 1139 1122 1194 de
1139 1141 1328 1206 penitentia.

497 1303 604 1379 Multi
621 1305 868 1402 corriguntur,
886 1313 928 1377 ut
946 1307 1087 1390 Petrus,
1105 1301 1212 1376 multi
1231 1302 1430 1377 tolerantur
1450 1314 1492 1377 ut
1509 1304 1627 1377 ludas.

400 1416 508 1491 Multi
525 1419 737 1492 nesciuntur
754 1419 865 1493 donec
877 1417 1001 1492 veniat
1013 1413 1197 1503 Dominus,
1211 1415 1272 1512 qui
1285 1415 1467 1491 illuminet
1480 1416 1627 1490 abscon-

398 1529 472 1604 dita
486 1531 773 1622 tenebrarum,et
785 1541 914 1607 cetera.
924 1529 1091 1627 Plerique
1104 1539 1226 1604 autem
1240 1529 1320 1603 boni
1336 1530 1534 1606 Christiani
1548 1554 1627 1628 pro-

398 1652 518 1738 pterea
536 1655 657 1721 tacent
674 1653 715 1718 ut
732 1645 905 1720 sufferant
921 1644 1071 1718 aliorum
1090 1655 1215 1740 pecata
1231 1668 1311 1742 quae
1327 1655 1515 1732 noverunt,
1536 1644 1622 1742 quia

398 1755 621 1832 documentis
638 1783 719 1856 sepe
736 1759 960 1845 deseruntur,
978 1768 1014 1832 et
1031 1783 1072 1833 ea
1097 1783 1177 1856 quae
1202 1757 1269 1858 ipsi
1287 1760 1419 1848 sciunt,
1441 1760 1622 1833 iudicibus

397 1869 650 1946 ecelesiasticis
667 1872 814 1968 probare
836 1894 905 1945 non
932 1880 1089 1967 possunt.
1114 1870 1288 1957 Quamvis
1312 1871 1407 1945 enirn
1435 1897 1520 1946 vera
1547 1871 1621 1945 sint

396 1985 569 2080 quaedam,
586 2009 656 2059 non
670 1996 789 2061 tamen
802 1985 912 2061 iudici
926 1984 1031 2058 facile
1044 1982 1219 2057 credenda
1231 1993 1317 2058 sunt
1330 1983 1399 2058 nisi
1417 2008 1497 2082 quae
1509 1985 1618 2059 certis

331 2189 333 2195 ,
397 2097 542 2173 iudiciis
559 2099 855 2174 demonstrentur.
877 2102 951 2172 Nos
975 2119 1060 2170 vero
1084 2121 1105 2168 a
1130 2097 1379 2172 communione
1404 2121 1617 2194 quemquam

395 2210 579 2306 prohibere
596 2237 667 2285 uon
686 2236 885 2311 possumus,
902 2209 1068 2308 quamvis
1084 2209 1162 2284 haec
1180 2210 1366 2306 prohibitio
1387 2210 1544 2284 nondum
1571 2210 1620 2283 sit

395 2325 567 2414 mortalis,
579 2327 640 2401 sed
659 2325 892 2412 medicinalis,
904 2325 974 2397 nisi
988 2331 1052 2396 aut
1068 2331 1193 2422 sponte
1211 2325 1410 2398 confessum
1426 2321 1540 2396 autin
1554 2321 1618 2396 ali-

395 2458 464 2532 quo
480 2437 557 2511 sive
574 2439 736 2512 saeculari
754 2439 830 2513 sive
846 2435 1090 2513 eeclesiastico
1106 2435 1239 2513 iudicio
1261 2436 1484 2510 nominatum
1509 2445 1616 2534 atque

327 2606 331 2612 .
394 2549 611 2625 convictum.
629 2551 717 2638 Quis
734 2550 829 2626 enim
847 2550 914 2623 sihi
932 2561 1125 2648 utrumque
1141 2551 1250 2625 audet
1265 2575 1460 2640 assumere,
1477 2561 1518 2626 ut
1544 2551 1617 2626 oui·

392 2671 502 2758 'quam
520 2664 595 2762 ipse
612 2664 660 2739 sit
676 2673 862 2760 accusator
880 2672 915 2736 et
935 2662 1055 2736 iudex.
1080 2661 1289 2738 Cuiusmodi
1316 2663 1480 2760 regulam
1505 2664 1614 2740 etiam

394 2776 529 2850 Paulus
547 2779 736 2877 Apostolus
753 2779 791 2852 in
808 2779 929 2852 eadem
948 2773 992 2848 ad
1010 2775 1213 2852 Corinthios
1230 2776 1377 2874 epistola
1389 2777 1548 2854 breuiter
1565 2779 1617 2850 in-

391 2887 556 2965 sinuasse
573 2891 802 2986 intelligitur,
820 2916 901 2964 oum
920 2887 1133 2987 quibusdam
1148 2889 1435 2964 commemoratis
1460 2889 1617 2965 crimini·

391 3001 459 3076 bus
475 3003 718 3079 ecclesiastici
736 3003 860 3078 iudicii
877 3004 1025 3078 formam
1044 3000 1224 3074 adomnia
1246 3001 1379 3074 similia
1403 3026 1447 3075 ex
1470 2999 1615 3098 quibus·

391 3117 470 3191 dam
491 3117 600 3191 daret.
618 3117 681 3191 Ait
696 3117 803 3192 enim.
821 3117 956 3214 Scripsi
973 3113 1073 3189 vobis
1090 3112 1127 3185 in
1146 3112 1612 3212 aepistola,necom1niseea·

393 3220 482 3304 mini
499 3229 711 3304 fornicariis.
728 3232 808 3304 Non
822 3227 947 3326 utique
960 3227 1161 3302 fornicariis
1174 3226 1390 3330 huiusmodi,
1402 3235 1465 3300 aut
1484 3225 1615 3314 avaris,

391 3350 455 3414 aut
466 3341 676 3439 raptoribus,
689 3329 753 3414 aut
763 3340 954 3440 ydolorum
969 3339 1219 3429 servientibus.
1231 3339 1400 3437 Alioquin
1413 3339 1615 3414 debueratis

390 3441 433 3526 dc
451 3453 516 3528 hoo
536 3454 665 3528 mundo
682 3453 788 3528 exire.
804 3457 885 3528 Non
903 3453 997 3528 enim
1017 3461 1165 3548 possunt
1178 3441 1338 3525 homines
1351 3450 1390 3524 in
1403 3451 1468 3526 hoc
1482 3451 1614 3524 mundo

390 3565 556 3641 viventes
573 3567 642 3642 nisi
660 3592 743 3642 curn
762 3565 896 3641 talibus
912 3565 1047 3652 vivere,
1064 3587 1131 3638 nec
1147 3587 1206 3638 eos
1232 3575 1381 3661 possunt
1401 3564 1614 3640 lucrifacere

392 3677 548 3772 Christe,
565 3678 595 3750 si
612 3700 734 3752 eorum
752 3677 969 3775 colloquium
987 3675 1263 3774 convictumque
1282 3676 1486 3752 vitaverint.
1511 3676 1613 3752 Unde

390 3789 699 3886 etDominuscrrm
711 3789 911 3887 publicanis
921 3787 1615 3886 etpeccatoribuscomedensuonestin-

390 3905 572 4002 ‘quidopus
586 3903 684 3976 sanis
698 3901 855 3978 medicus
868 3903 931 3978 sed
946 3901 1038 3976 male
1051 3890 1274 3989 habentibus.
1284 3905 1363 3976 Non
1376 3903 1471 3978 enim
1486 3925 1613 3976 vocare

389 4017 513 4107 iustos,
529 4018 592 4092 sed
608 4025 821 4116 peccatores.
839 4020 885 4090 Et
902 4015 980 4090 ideo
998 4014 1160 4111 sequitur
1179 4014 1369 4112 Apostolus
1385 4025 1422 4089 et
1434 4014 1611 4110 adiungit.

389 4131 498 4203 Nunc
510 4129 631 4205 autern
645 4127 773 4226 scripsi
787 4129 887 4202 vobis
900 4154 969 4203 nou
983 4127 1217 4204 commisceri.
1231 4128 1270 4200 Si
1284 4127 1366 4225 quis
1378 4128 1491 4203 frater
1504 4127 1612 4202 nomi·

388 4248 496 4340 netur
513 4253 576 4316 aut
593 4243 796 4330 fornicator,
813 4251 876 4316 aut
891 4243 1010 4340 ydolis
1028 4239 1201 4337 serviens,
1218 4249 1283 4314 aut
1299 4265 1444 4329 avarus
1460 4250 1525 4314 aut
1542 4265 1617 4313 ma-

388 4353 536 4442 ledicus,
553 4367 617 4430 aut
634 4354 803 4443 ebriosus,
820 4365 884 4430 aut
902 4379 1021 4452 rapax,
1038 4377 1121 4429 cum
1135 4353 1388 4448 eiusmodinee
1401 4353 1522 4429 cibum
1537 4353 1613 4452 qui·

388 4456 466 4539 dem
484 4465 593 4540 simul
602 4489 759 4541 sumere.
776 4467 854 4554 Quo
870 4469 964 4542 enim
986 4465 1094 4540 miehi
1113 4467 1156 4542 de
1173 4464 1230 4540 his
1247 4466 1309 4564 qui
1323 4465 1409 4540 ioris
1422 4475 1510 4540 sunt
1523 4464 1610 4538 iudi·
