3646 5292
734 421 866 492 -225
893 455 933 472 -

219 565 282 642 per
304 565 428 623 omncs
445 543 598 622 habeant
614 545 794 623 ecclesias.
813 549 893 620 Nou
918 544 1014 624 enim
1039 543 1310 644 qualiscumque
1334 543 1446 620 honor

220 666 286 746 est,
303 657 458 734 antistiti
477 659 543 734 Dei
561 659 698 736 servire
714 659 753 733 in
771 659 923 736 ecclesia
940 659 1137 749 dumtaxat,
1154 667 1196 734 ut
1212 659 1375 736 sacerdos
1396 668 1446 734 to

219 769 295 844 tius
312 770 547 849 ecclesiastici
564 772 708 848 honoris
721 771 856 870 dignus
867 773 1051 849 habeatur.
1063 773 1177 848 Maior
1189 773 1285 848 anim
1298 773 1381 848 ordo
1393 771 1446 845 in-

220 891 275 958 ter
288 907 337 975 se,
354 893 391 961 et
402 886 497 986 apud
512 911 560 977 se,
572 885 682 962 habet
699 887 882 962 minorem.
899 886 1094 986 Presbyter
1109 886 1204 964 enim
1217 893 1254 961 et
1267 886 1447 962 Diaconus
1494 876 1498 882 ’

220 997 298 1094 agit
310 997 522 1087 officiumst
531 999 716 1075 exorcista
726 1017 762 1076 et
770 999 931 1076 lectores.
944 1000 1139 1099 Presbyter
1151 1009 1271 1076 autem
1281 999 1446 1097 intellegi

220 1110 436 1210 episcopum.
454 1113 584 1188 Probat
601 1114 791 1212 Apostolus
809 1113 956 1204 Paulus,
969 1139 1052 1190 curn
1070 1113 1254 1188 Timotheo
1270 1137 1376 1213 quam
1393 1135 1447 1188 or·

220 1223 360 1300 dinavit
378 1225 646 1324 Presbyterum,
668 1225 818 1301 iustruit
842 1227 984 1325 qualem
1010 1227 1135 1302 debeat
1159 1252 1280 1303 creare
1306 1226 1447 1328 Episco-

220 1360 316 1434 pum.
333 1339 426 1426 Quid
444 1349 498 1414 est
514 1340 611 1415 enirn
629 1341 824 1440 Episcopus
840 1341 912 1416 nisi
930 1340 1118 1441 presbyter
1135 1341 1283 1440 primus,
1299 1340 1367 1416 hoc
1391 1349 1447 1417 est

221 1475 386 1525 summus
404 1453 600 1528 Sacerdos?
617 1453 779 1552 Denique
796 1477 867 1529 non
884 1453 990 1530 aliter
1007 1478 1114 1554 quarn
1133 1454 1447 1554 Compresbyteros

219 1567 285 1640 hos
306 1574 420 1655 vocat,
437 1574 473 1642 et
490 1567 776 1643 Consacerdotes.
792 1569 979 1667 Numquid
1001 1578 1037 1644 at
1057 1568 1240 1644 ministros
1258 1569 1448 1644 Condiaco-

220 1702 284 1753 nos
302 1703 383 1755 suos
404 1679 492 1755 dicit
510 1681 733 1779 Episcopus?
749 1685 828 1756 Non
848 1683 982 1782 utiquc.
1000 1683 1093 1770 Quia
1118 1682 1232 1757 multo
1256 1681 1445 1758 inferiores

222 1803 319 1882 sunt,
336 1803 372 1869 et
388 1803 494 1891 turpe
511 1803 566 1868 est
583 1793 693 1868 iudici
711 1793 828 1871 dicere
848 1822 885 1872 se
903 1797 1195 1896 primiscrinium.
1206 1800 1299 1872 Nam
1314 1797 1352 1870 in
1366 1796 1448 1872 Ale-

221 1907 381 2000 xandria,
398 1917 434 1983 et
450 1932 513 2006 per
531 1915 645 1983 totum
664 1909 851 2007 Egiptum,
868 1909 898 1984 si
920 1909 1012 1985 desit
1033 1911 1240 2009 Episcopus,
1256 1909 1447 2005 consignat

220 2022 575 2120 PresbyterQuanta
588 2029 708 2095 autem
718 2021 766 2095 sit
774 2021 935 2118 dignitas
948 2023 1082 2098 ordinis
1090 2023 1330 2115 sacerdotalis,
1338 2047 1447 2098 causa

220 2134 375 2209 ostendit
392 2133 561 2232 anphae.
574 2134 645 2222 Qui
663 2159 747 2210 cum
765 2145 859 2210 esset
883 2135 986 2210 homo
1010 2137 1188 2235 pessimus
1212 2135 1447 2236 prophetavit.

222 2251 340 2336 Quare
353 2247 503 2346 inquid?
515 2247 608 2336 Quia
622 2248 788 2348 princeps
801 2258 879 2325 erat
892 2249 1125 2326 sacerdotum.
1141 2252 1188 2324 Et
1199 2249 1343 2340 iterum,
1356 2248 1448 2322 mul·
1467 2257 1479 2282 ‘

220 2369 299 2438 tum
312 2361 446 2438 distare
458 2361 552 2438 inter
563 2361 753 2438 diaconum
763 2371 800 2438 et
812 2363 1043 2454 sacerdotem,
1054 2362 1146 2440 liber
1157 2362 1327 2462 approbat
1339 2385 1447 2461 quem

221 2475 374 2553 dicimus
391 2480 505 2552 Actus
523 2475 784 2574 Apostolorum.
802 2477 894 2552 Cum
913 2477 1009 2553 enim
1031 2501 1075 2552 ex
1102 2476 1264 2551 Samaria
1280 2475 1448 2552 credidis

220 2601 301 2668 sent
313 2590 489 2690 Phylippo
502 2589 717 2688 predicante
733 2589 879 2666 diacono
894 2591 939 2665 ab
956 2589 1134 2690 Apostolis
1150 2590 1321 2680 ordinato,
1342 2588 1448 2665 mise·

221 2714 308 2780 runt
320 2704 439 2804 iuquit
454 2703 498 2778 ad
513 2707 660 2780 Petrum
675 2713 711 2780 et
723 2703 930 2794 Iohannem,
946 2715 988 2779 ut
999 2703 1167 2780 venirent
1180 2712 1216 2779 et
1227 2703 1284 2778 his
1297 2702 1358 2802 qni
1372 2727 1447 2780 cre

219 2819 474 2895 diderantdare
484 2819 657 2919 Spiritum
673 2822 860 2906 Sanctum,
873 2841 936 2916 per
950 2843 1078 2892 manus
1090 2816 1362 2916 impositionem.
1376 2815 1447 2893 Sed

220 2931 324 3007 inscii
334 2933 439 3008 credo
447 2931 718 3031 scripturarum,
730 2941 794 3007 aut
806 2932 1030 3007 immemores
1042 2929 1136 3028 legis
1149 2931 1226 3007 hacc
1238 2930 1444 3008 defendunt.

219 3047 407 3123 Recordari
424 3071 511 3144 ergo
527 3046 641 3136 debet,
654 3045 715 3144 qui
729 3045 799 3121 ista
813 3055 915 3145 putat
927 3045 1128 3132 asserenda,
1142 3043 1228 3144 quid
1240 3043 1377 3121 lecistis
1389 3067 1446 3120 ac·

219 3159 347 3236 ciderit
363 3185 445 3236 cum
463 3159 569 3235 aliter
585 3167 761 3258 saperent.
778 3159 870 3235 cum
887 3160 983 3235 enim
1001 3157 1115 3234 nichil
1132 3157 1227 3234 inter
1243 3159 1443 3236 sacerdotes

219 3281 255 3348 et
268 3271 397 3348 levitas
410 3271 524 3371 nichil
537 3271 632 3346 inter
641 3295 717 3346 esse
730 3281 996 3369 presumerent,
1006 3274 1079 3346 Deo
1087 3271 1204 3348 iudica
1212 3271 1328 3372 hyatu
1341 3283 1446 3349 terrm

219 3386 350 3462 absorti
373 3397 469 3476 sunt,
486 3384 602 3462 Chore
618 3395 655 3460 et
679 3384 942 3461 consentientes
958 3383 1002 3475 ei,
1018 3393 1056 3459 et
1076 3384 1166 3461 CCL
1184 3387 1281 3461 viros
1305 3394 1444 3462 torrens

219 3499 317 3595 ignis
334 3498 443 3574 simul
465 3497 699 3597 consumpsit.
714 3501 760 3573 Et
785 3499 892 3573 Ozias
917 3522 981 3573 rex
1004 3507 1203 3602 europus
1227 3497 1445 3576 sacerdotale

220 3621 460 3710 praesumeret,
477 3612 575 3712 lepra
592 3611 760 3711 perfusus
777 3621 843 3703 est,
860 3621 902 3687 ut
918 3613 986 3689 hoc
1002 3613 1128 3711 utique
1148 3613 1308 3712 exemplo
1324 3611 1446 3689 coeteri

219 3725 347 3816 territi,
356 3750 428 3800 non
437 3726 610 3802 auderent
623 3725 714 3825 qnod
727 3695 937 3801 conoessrim
947 3747 1018 3798 non
1032 3733 1087 3800 cst
1099 3747 1324 3822 praesumere.
1335 3727 1445 3800 Nunc

220 3839 317 3915 enim
331 3839 494 3915 ridemus
511 3839 675 3915 diaconos
691 3848 837 3928 temere,
849 3837 942 3938 quod
954 3837 1178 3913 sacerdotum
1192 3845 1247 3912 est
1259 3846 1369 3934 algere
1383 3859 1447 3935 par

218 3952 385 4030 convivia
398 3961 434 4029 et
446 3953 483 4027 in
497 3952 653 4028 oratioue
666 3952 702 4027 id
715 3951 821 4040 velle,
830 3961 872 4027 ut
886 3950 1139 4050 respondeatur
1152 3948 1237 4038 illis,
1250 3973 1334 4024 cum
1347 3949 1445 4026 istud

219 4065 303 4140 solis
319 4064 427 4142 liccat
443 4065 692 4142 sacerdotibus.
710 4064 859 4140 Diaconi
877 4088 962 4140 vero
978 4063 1061 4139 ordo
1083 4072 1148 4155 est,
1173 4063 1372 4162 acciperes
1391 4087 1446 4138 sa-

221 4178 371 4269 cerdote,
388 4187 423 4254 et
440 4178 492 4254 sic
509 4177 649 4252 tradere
667 4177 770 4278 plebi.
788 4175 900 4251 Vides
917 4175 1009 4274 quod
1027 4176 1143 4277 pariat
1164 4201 1260 4250 vana
1276 4201 1446 4275 praesum·

220 4290 321 4388 ptio?
337 4293 566 4366 Immemores
583 4289 678 4365 enim
697 4289 849 4364 elatione
871 4288 1013 4378 mentis,
1030 4312 1070 4364 eo
1093 4289 1186 4387 quod
1210 4288 1357 4365 videant
1381 4291 1447 4364 Ro

223 4427 338 4478 manae
356 4403 529 4480 Ecclesia
547 4427 584 4479 se
602 4427 678 4479 esse
696 4402 890 4492 ministros,
906 4424 976 4476 uon
993 4401 1219 4478 considerant
1235 4401 1321 4500 quid
1333 4399 1446 4477 illisa

222 4517 373 4594 Domino
389 4519 570 4596 decretum
590 4517 649 4610 sit,
667 4517 804 4616 etquid
821 4517 974 4591 debeant
985 4515 1172 4591 custodire.
1185 4515 1254 4590 Sed
1267 4525 1304 4591 et
1315 4515 1447 4594 tollunt

1231 4631 1265 4684 rc
