3618 5316
898 401 1096 464 -358-

384 509 582 610 erubescat,
599 517 777 616 glorificet
793 527 914 596 autem
929 523 1043 597 Deum
1060 519 1099 594 in
1116 519 1184 595 isto
1197 520 1350 610 nomine,
1365 518 1451 617 quia
1463 527 1607 616 tempus

382 641 437 708 est
454 641 496 706 ut
512 631 663 731 incipiat
679 632 853 711 iudicium
871 635 913 710 de
930 635 1033 709 domo
1049 632 1124 708 Dei.
1138 633 1176 707 Si
1194 641 1315 708 autem
1333 633 1490 731 primum
1507 657 1528 704 a
1544 655 1607 705 no·

383 745 450 834 bis,
467 747 548 843 quis
573 745 655 818 finis
679 769 801 821 eorum
820 747 882 844 qui
908 771 977 822 non
1002 746 1154 822 credunt
1172 745 1236 821 Dei
1262 732 1477 842 evangelio?
1502 748 1548 818 Et
1572 743 1605 818 si

385 857 505 933 iustus
521 857 583 932 vix
599 857 810 950 salvabitur,
827 858 961 958 impius
982 869 1018 934 et
1035 867 1199 958 peccator
1224 859 1286 932 nbi
1311 847 1512 957 parebunt?
1535 861 1607 932 Ita-

386 996 455 1070 que
468 971 507 1045 hi
520 972 582 1070 qui
599 971 788 1070 patiuntur
805 973 1003 1049 seeundum
1021 973 1243 1072 voluntatem
1258 973 1334 1062 Dei,
1347 971 1443 1047 fideli
1455 970 1604 1047 creatori

389 1083 638 1163 sommendent
653 1087 794 1162 animas
810 1112 895 1162 suas
912 1085 950 1160 in
967 1085 1174 1163 benefactis.
1294 1185 1296 1190 Ι

904 1287 1085 1372 xxrmr.

709 1492 759 1544 Ex
777 1473 920 1557 epistola
937 1491 1031 1546 Pauli
1050 1489 1093 1544 ad
1110 1491 1285 1544 Romanos.

487 1653 603 1728 Oruros
619 1652 741 1726 anima
757 1652 992 1752 potestatibus
1009 1651 1280 1728 sublimioribus
1297 1652 1439 1728 subdita
1455 1651 1513 1728 sit.
1529 1639 1610 1726 Non

392 1775 448 1841 est
464 1764 560 1844 enim
578 1774 732 1862 potestas
748 1766 820 1840 nisi
836 1793 858 1840 a
876 1769 957 1842 Deo.
976 1770 1063 1854 Quae
1079 1775 1200 1841 autem
1219 1775 1348 1857 sunta
1361 1769 1433 1842 Deo
1449 1765 1611 1841 ordinata

394 1887 490 1954 sunt.
506 1881 631 1977 Itaque
648 1879 710 1978 qni
728 1880 863 1985 resistit
880 1881 1045 1978 potestati
1063 1881 1130 1955 Dei
1147 1880 1360 1956 ordinationi
1379 1880 1523 1956 resistit.
1539 1879 1611 1967 Qui

391 2001 513 2068 autem
533 1991 718 2082 resistunt,
734 1994 802 2092 ipsi
820 1994 887 2068 sibi
905 1995 1168 2070 damnationem
1185 1995 1388 2092 acquirunt.
1405 1997 1498 2069 Nam
1516 1994 1613 2091 prin·

392 2105 490 2202 cipes
506 2125 579 2180 non
595 2116 682 2180 sunt
698 2107 817 2182 timori
834 2107 917 2183 boni
935 2108 1062 2205 operis,
1075 2109 1135 2184 sed
1153 2107 1248 2183 mali.
1261 2109 1329 2181 Vis
1345 2117 1466 2183 autem
1483 2131 1553 2182 non
1568 2108 1613 2182 ti-

394 2243 492 2295 mere
516 2225 756 2317 potestatem?
776 2221 919 2296 Bonum
937 2221 994 2298 iao
1013 2231 1050 2297 et
1065 2221 1212 2297 babebis
1228 2221 1370 2296 laudem
1389 2247 1433 2297 ex
1457 2221 1529 2295 illa.
1546 2221 1612 2296 Dei

394 2333 491 2411 enim
510 2332 673 2410 minister
690 2344 745 2410 est
761 2334 883 2409 tioi'in
898 2335 1041 2410 bonum.
1060 2335 1099 2410 Si
1116 2345 1237 2410 autem
1255 2335 1390 2409 malum
1415 2335 1554 2424 feceris,
1569 2335 1615 2408 ti-

395 2472 462 2537 me,
479 2471 550 2522 non
567 2447 663 2522 enim
681 2447 759 2524 sine
776 2472 885 2524 causa
909 2448 1072 2545 gladium
1103 2459 1228 2546 portet.
1245 2449 1311 2524 Dei
1336 2447 1432 2524 enim
1451 2447 1614 2523 minister·

395 2570 461 2651 est,
478 2559 610 2636 vindex
626 2561 665 2634 in
690 2560 781 2636 iram
798 2561 831 2637 ei
848 2562 910 2661 qui
928 2561 1063 2636 malum
1088 2561 1177 2658 agit.
1194 2561 1274 2637 Ideo
1299 2561 1513 2637 necessitate
1533 2561 1615 2635 sub

395 2674 461 2748 diti
478 2683 599 2764 estote,
615 2697 686 2750 non
709 2675 826 2750 solum
844 2685 987 2774 propter
1010 2675 1113 2764 iram,
1130 2675 1190 2749 sed
1216 2685 1252 2750 et
1268 2682 1411 2772 propter
1434 2675 1616 2751 conscien-

395 2789 493 2865 tiam.
506 2787 586 2864 Ideo
598 2788 693 2864 enim
707 2798 744 2864 et
760 2789 895 2864 tributa
907 2789 1093 2888 praestatis,
1106 2787 1265 2863 Ministri
1278 2788 1374 2863 enim
1388 2790 1453 2864 Dei
1468 2797 1564 2878 sunt,
1576 2788 1615 2862 in

396 2903 463 2978 hoe
477 2902 594 3000 ipsum
613 2903 819 2979 servientes
836 2903 983 2979 Reddite
1000 2903 1165 2976 omnibus
1190 2902 1317 2977 debita.
1335 2902 1404 2977 Cui
1429 2903 1616 2992 tributum,

397 3015 585 3092 tributum.
599 3016 670 3092 ¹Cui
687 3017 859 3114 vectigal,
884 3017 1051 3116 vectigal.
1077 3015 1146 3093 Cui
1163 3016 1339 3106 timorem,
1356 3017 1531 3093 timorem.
1547 3016 1617 3093 Cui

398 3129 579 3219 honorem3
591 3129 923 3206 honoremNemini
937 3132 1129 3229 quiequam
1139 3130 1307 3220 debeatis
1319 3130 1392 3206 nisi
1406 3141 1447 3206 ut
1459 3132 1617 3206 invicem

403 3241 575 3340 diligatis.
593 3243 662 3330 oui
680 3243 777 3320 enim
794 3242 915 3341 diligit
932 3244 1132 3344 proximum
1150 3269 1269 3335 suurn,
1285 3234 1404 3342 legem
1421 3244 1595 3346 implevit.

954 3437 1062 3522 XXX.

848 3642 885 3694 In
903 3642 1009 3707 prima
1027 3640 1177 3706 epistole.

399 3847 403 3853 ·
499 3803 701 3880 Alexander
718 3804 914 3904 Episcopus
926 3803 1099 3880 ¹omnibus
1123 3803 1334 3880 orthodoxis.
1351 3805 1408 3880 Ad
1432 3805 1527 3880 hano
1544 3831 1624 3880 san-

405 3928 502 3996 ctam
519 3917 696 4018 perlatum
714 3928 770 3994 est
779 3919 905 3994 Sedem
923 3918 1015 4017 quod
1033 3917 1142 4014 pudet
1158 3918 1332 4009 disereet
1348 3943 1419 3993 non
1437 3919 1552 3994 solnm
1571 3941 1626 3992 sa-

406 4033 587 4122 cerdotali,
605 4035 667 4109 sed
691 4034 800 4109 etiam
818 4035 914 4109 omni
932 4032 1128 4110 christiano
1145 4032 1288 4106 nomine
1313 4032 1513 4109 inimicum.
1529 4033 1627 4108 Idest

408 4146 500 4245 quod
517 4146 707 4222 nonnullos
724 4147 906 4246 episcopos
923 4145 980 4222 vel
997 4139 1280 4234 sacerdotesaut
1293 4157 1391 4223 metu
1403 4156 1627 4245 extorquent,

408 4269 472 4333 ant
489 4259 526 4332 vi
544 4259 773 4358 compellunt,
790 4271 855 4333 aut
872 4261 995 4334 fraude
1017 4260 1213 4358 decipiunt,
1230 4262 1369 4359 aliquas
1394 4261 1629 4336 confessionis

408 4399 484 4450 suae
501 4374 540 4447 in
564 4373 722 4472 aliquam
748 4374 886 4473 partem
915 4399 1023 4474 quam
1052 4397 1123 4449 non
1148 4375 1287 4464 debent,
1304 4383 1368 4448 aut
1392 4398 1454 4472 pro
1478 4399 1629 4450 suarum

411 4511 481 4564 non
499 4487 728 4588 requisitione
746 4498 951 4581 resument
963 4489 1055 4590 qnod
1071 4489 1228 4567 deterius
1244 4499 1299 4566 est
1316 4489 1353 4563 in
1370 4489 1480 4565 alieni
1492 4491 1630 4568 erroris
