3642 5294
910 421 1084 480 ...16-

379 811 383 816 ,
464 711 698 818 Expliciunt
717 711 1005 818 opitulationi
1018 713 1151 816 primi.
1259 713 1463 817 Incipiunt
1478 715 1522 832 Il.

383 1008 435 1079 De
457 1005 632 1100 gradibus
649 1006 869 1082 Clericorum
889 1009 1055 1080 Romenae
1072 1005 1252 1081 Ecclesiae.
1271 1007 1355 1103 Cap.
1374 1009 1572 1086 Lxxvuu.

371 1116 545 1230 'Qualiter
567 1122 787 1196 ordinentur.
806 1123 890 1218 Cap.
907 1123 1006 1196 XVI.
1024 1120 1118 1194 XCI.

384 1237 462 1322 Quo
482 1229 639 1332 tempore
657 1235 877 1310 ordinentur.
896 1235 980 1331 Cap.
997 1235 1222 1307 XXXVIIII.
1240 1244 1276 1309 ct
1294 1237 1401 1308 XLII.
1426 1236 1607 1310 LXXXV.

455 1351 690 1424 LXXXVIII.

385 1463 437 1538 De
455 1465 524 1536 VII
544 1464 778 1538 Subdieconis
795 1475 831 1538 et
848 1467 918 1537 VII
931 1461 1081 1537 notariis
1100 1459 1206 1536 Urbis
1222 1465 1319 1535 Rom.
1337 1471 1511 1536 eteorum
1536 1460 1609 1533 offi-

454 1577 519 1651 cie.
537 1577 621 1674 Cap.
639 1579 812 1650 XXVIII.
829 1579 975 1649 LXXV.
993 1577 1176 1649 LXXXII.

387 1689 438 1764 De
448 1689 517 1762 VII
526 1689 769 1764 defensoribus
783 1689 891 1764 Urbis
904 1693 1001 1762 Rom.
1011 1698 1047 1762 et
1060 1711 1181 1762 eorum
1197 1688 1607 1784 p1·ivilegio.Oap.LXV.

383 1919 434 1990 De
452 1805 660 1992 dulitlddibus
678 1918 949 2015 sepulchrorum
971 1916 1227 2014 Apostolorum.
1246 1917 1330 2014 Cap.
1349 1915 1564 1988 LXXXIIII.

384 2033 435 2105 De
453 2029 557 2105 initio
575 2035 644 2105 VII
663 2033 910 2107 Diaconorum.
930 2033 1015 2128 Cap.
1033 2033 1077 2103 II.

382 2143 481 2231 Quod
496 2148 564 2218 VII
579 2147 728 2221 Diaconi
741 2145 870 2221 debent
883 2169 960 2220 esse
983 2146 1020 2216 in
1043 2144 1150 2219 Urbe.
1172 2145 1260 2242 Cap.
1282 2147 1436 2218 XXVII.
1454 2143 1607 2218 XXXII.

383 2262 779 2450 IternLdbllllllliaconis
790 2399 852 2472 per
862 2377 930 2447 VII
940 2369 1105 2467 regiones
1115 2369 1329 2446 UrbisRom.
1339 2370 1424 2467 cap.
1433 2361 1608 2444 XXVIII.

381 2487 716 2700 Quodddilpuaeque
729 2601 916 2699 parrochia
931 2587 1039 2676 Urbis
1053 2603 1151 2673 Rom.
1165 2597 1254 2672 duos
1268 2597 1372 2672 debet
1385 2597 1515 2672 habere
1529 2589 1610 2671 Die-

354 2789 359 2801 ·
454 2735 570 2787 conos
589 2715 673 2812 Cep.
691 2717 845 2790 XXXII.

382 2825 483 2910 Quod
492 2825 641 2901 Diaconi
651 2837 737 2900 sunt
746 2825 840 2902 oculi
852 2825 1043 2900 Pontificis.
1053 2827 1138 2921 Cap.
1147 2827 1283 2898 XXIII.
1294 2827 1446 2898 XXIIII.
1456 2823 1609 2897 XXV-Il.

384 2937 483 3023 Quod
500 2938 568 3036 ipsi
582 2940 705 3015 docere
723 2939 875 3015 debeant
893 2939 1074 3037 populum.
1093 2937 1178 3036 Cep.
1196 2941 1332 3011 XXIII.

382 3051 483 3137 Quod
501 3051 653 3126 debeant
669 3076 869 3148 suggerere
887 3053 1065 3128 Pontifici.
1083 3055 1173 3127 Item
1193 3077 1269 3150 cap.
1287 3051 1418 3126 eodem.

384 3165 483 3250 Quod
501 3165 650 3240 Diaconi
669 3166 875 3241 ministrent
893 3165 1064 3264 Episcopo
1078 3163 1116 3238 in
1139 3163 1372 3239 sollemnibus
1387 3163 1523 3253 diebus,
1535 3189 1610 3262 cap.

385 3393 434 3464 Ut
451 3279 609 3465 ullllldll
626 3391 836 3488 Apostolicae
861 3390 974 3481 Sedis,
999 3400 1145 3466 cantare
1170 3415 1240 3464 non
1266 3401 1510 3487 praesumant,
1535 3414 1610 3488 cap.

385 3615 437 3688 De
454 3504 592 3713 pffl
610 3618 748 3714 proveri
767 3618 844 3716 (sic)
861 3617 998 3691 nolunt.
1017 3617 1101 3713 Cap.
1118 3619 1228 3690 XLII.

383 3729 435 3802 De
453 3729 595 3804 nomine
612 3739 649 3806 et
665 3730 769 3806 initio
787 3731 1080 3807 Presbitcrorum.
1098 3729 1183 3827 Cep.
1200 3731 1318 3804 XXV.

382 3845 461 3928 Qua
478 3853 573 3919 etate
590 3844 812 3920 ordinentur.
831 3846 915 3944 Cep.
933 3847 1032 3919 XXI.

384 3953 533 4029 Eosdem
552 3981 629 4031 esse
655 3957 887 4056 presbyteros
912 3981 999 4056 quos
1020 3957 1222 4054 Episcopos‚
1239 3957 1444 4032 testimonio
1462 3958 1559 4032 Petri
1577 3969 1613 4032 et

413 4109 419 4122 ·
455 4067 559 4141 Pauli
577 4069 809 4146 et-Iolrannis.
826 4073 911 4168 Cap.
929 4071 1076 4146 CXIIII.

382 4180 483 4267 Quod
501 4181 665 4280 Episcopi
683 4184 800 4280 magis
817 4209 861 4259 ex
877 4181 1134 4260 consuetudine
1152 4207 1258 4281 quem
1276 4183 1454 4259 dominica
1472 4179 1612 4280 dispen-
1771 4188 1776 4198 '

454 4294 590 4371 satione
608 4297 816 4395 Presbyteri
835 4299 910 4373 sint
926 4299 1087 4372 maiores,
1106 4296 1190 4393 Cap.
1208 4297 1374 4372 CXVIII.

384 4404 484 4490 Quod
502 4405 659 4504 Apostoli
679 4407 974 4506 Presbyterorum
992 4409 1048 4484 usi
1066 4419 1154 4484 sunt
1169 4411 1318 4487 oonsilio
1330 4421 1365 4487 et
1379 4411 1471 4509 quod
1486 4411 1523 4494 in
1537 4411 1614 4484 suis

454 4517 611 4615 epistolis
628 4542 687 4594 eos
703 4543 804 4616 posse
816 4522 1060 4618 ascripserint.
1079 4523 1164 4620 Cep.
1182 4526 1209 4598 Ι.
1226 4534 1261 4598 et
1279 4526 1341 4598 III.
