3582 5288
891 453 930 468 ..
958 421 1000 486 98
1024 457 1065 469 ..

363 534 614 629 (literraneam,
631 540 800 639 Mysiam,
815 538 1031 615 Dardaniam
1045 551 1080 617 et
1093 542 1283 616 Praebalim
1300 545 1403 620 beato
1420 547 1524 620 Petro
1541 553 1587 622 A·

363 652 579 748 postolorum
598 653 757 752 Principi
775 655 1018 731 contradicere
1035 656 1158 730 nullus
1175 669 1377 754 praesumat.
1390 663 1588 748 111111111-

362 785 543 840 sessorum
561 777 763 842 nostrorum
780 768 998 865 temporibus
1016 769 1587 862 11111111Β111111,8111111111·

361 877 482 968 centii,
499 879 682 970 Bonifatii,
708 881 891 970 Celestini,
915 882 1024 973 Xisti,
1050 884 1187 974 Leonis,
1213 885 1369 984 Hylarii,
1397 887 1586 986 Simplicii,

360 992 502 1078 Felicis,
515 1003 622 1092 atque
636 993 822 1090 Hormisde
843 1004 1048 1070 sanctorum
1067 997 1282 1072 Pontificum
1296 997 1586 1096 dispositionibus

360 1108 545 1204 agebatur.
563 1112 722 1196 Quorum
739 1108 891 1208 denique
909 1109 1195 1184 institutionibus
1212 1111 1256 1185 ab
1274 1111 1326 1186 eis
1339 1112 1411 1188 illis
1424 1114 1461 1187 in
1476 1117 1584 1212 parti-

361 1221 428 1296 bus
444 1222 642 1298 destinatas
659 1247 721 1322 per
738 1233 876 1298 nostros
894 1223 1022 1298 missos
1039 1235 1080 1299 ut
1098 1225 1149 1299 rei
1167 1225 1356 1300 veritatem
1370 1251 1584 1323 cognoscere

360 1337 501 1434 queatis
518 1347 647 1412 vestrae
669 1337 854 1433 augustali
872 1338 1039 1434 potentia
1056 1338 1212 1434 dirigere
1230 1340 1449 1416 curavimus.
1467 1346 1585 1417 Prete-

361 1475 420 1525 rea
439 1439 711 1526 calabritanum
730 1451 991 1525 Patrimonium
1009 1453 1270 1552 Syeulumque,
1284 1479 1364 1552 quar
1376 1459 1585 1530 1111111111-

359 1565 476 1640 elesiae
493 1589 660 1650 concessa
677 1565 776 1640 suere
793 1575 829 1639 11
847 1591 888 1639 ea
905 1589 984 1663 quae
1001 1567 1046 1639 ad
1064 1567 1272 1670 possidenda
1298 1568 1454 1666 optinuit
1477 1579 1513 1642 et
1534 1569 1584 1642 di·

358 1680 578 1777 sponendum
597 1703 659 1777 per
676 1702 758 1752 suos
775 1679 971 1753 familiares
989 1705 1114 1776 regere
1133 1681 1272 1755 studuit
1289 1683 1420 1756 uostris
1445 1707 1584 1758 conoes-

358 1793 517 1868 sionibus
534 1779 737 1868 reddantur.
755 1793 930 1880 Quoniam
949 1793 1190 1868 irrationabile
1208 1803 1263 1869 est
1279 1805 1321 1870 ut
1337 1797 1583 1871 ecclesiastica

357 1908 530 2008 possessio
547 1909 641 1982 unde
658 1906 852 1981 luminaria
869 1917 905 1982 et
922 1906 1212 1983 concinnationes
1229 1908 1398 1983 aecclesiae
1417 1909 1480 1983 Dei
1506 1909 1582 1984 fieri

355 2025 636 2100 debentterrena
646 2021 837 2120 quominus
850 2030 1022 2117 potestate
1037 2019 1307 2109 subtrahantur,
1317 2021 1377 2095 sed
1386 2021 1506 2095 domui
1518 2021 1582 2096 Dei

305 2139 307 2144 ’
357 2137 525 2213 restituta
543 2136 711 2211 meritum
731 2133 916 2208 redditoris
938 2131 1190 2230 multiplicent,
1212 2141 1248 2206 et
1268 2132 1503 2229 suscipientes
1523 2156 1583 2206 vo·

355 2261 434 2327 tum
445 2249 645 2348 spiritualis
658 2247 822 2323 desiderii
835 2247 948 2323 lucris
961 2257 1179 2322 exerceatur.
1188 2247 1365 2320 Interista
1373 2257 1409 2320 et
1417 2247 1581 2345 superius

355 2365 452 2441 dieta
469 2364 637 2439 volumus
655 2371 697 2436 ut
708 2363 928 2438 consecratio
941 2361 1157 2436 Siracusano
1171 2359 1445 2458 Arehiepiscopo
1458 2371 1578 2436 nostra

356 2477 473 2554 asede
485 2476 724 2575 impendatur,
733 2485 775 2549 ut
787 2474 931 2549 traditio
940 2475 983 2550 ab
993 2467 1172 2573 Apostolis
1184 2473 1362 2564 instituta,
1371 2474 1578 2550 nullatenus

353 2591 485 2675 vestris
502 2589 721 2689 temporibus
737 2588 902 2665 violetur.

892 2815 1045 2900 CXXXI.

446 3045 580 3115 Vnnvn
597 3052 633 3117 et
654 3042 747 3116 inter
767 3042 888 3117 beatos
914 3041 1098 3139 Apostolos
1123 3041 1218 3118 sieut
1242 3052 1277 3118 et
1303 3043 1402 3141 prius
1428 3051 1575 3118 sanctus

351 3159 421 3232 ΡΡ.
437 3155 553 3230 lulius
570 3165 605 3230 et
623 3163 742 3258 postea
755 3154 818 3230 ille
831 3179 988 3251 magnus
1005 3167 1040 3231 et
1057 3168 1204 3232 sanctus
1217 3161 1286 3232 Leo
1298 3157 1467 3232 describit
1480 3156 1516 3229 in
1531 3155 1576 3229 11-

351 3269 554 3344 militudine
571 3269 713 3343 honoris
730 3269 803 3343 fuit
828 3270 987 3370 quaedam
1015 3271 1181 3348 diseretio
1206 3271 1399 3372 potestatis.
1425 3275 1575 3346 Etcum

350 3383 511 3474 omnium
528 3407 592 3481 par
608 3395 702 3459 esset
718 3383 845 3459 electio
862 3383 927 3457 uni
945 3391 1066 3460 tamen
1084 3386 1207 3460 datum
1225 3396 1280 3460 est
1293 3395 1334 3460 ut
1346 3385 1475 3462 ceteris
1488 3407 1574 3480 prae

348 3485 510 3586 11111111.
528 3501 579 3573 Ι)1
596 3522 666 3596 qua
679 3498 792 3572 forma
807 3497 1060 3595 Episcoporum
1074 3523 1223 3597 quaeque
1231 3509 1290 3574 est
1302 3508 1379 3572 orta
1392 3495 1573 3574 distinctio

349 3619 385 3684 11
402 3634 537 3706 magna
553 3611 774 3686 ordinatione
792 3610 974 3713 provisum
992 3623 1057 3700 est,
1074 3637 1120 3687 ne
1137 3636 1262 3686 omnes
1277 3611 1345 3684 sibi
1358 3606 1476 3684 omnia
1489 3633 1574 3683 ven-

348 3724 520 3814 dicarent.
547 3725 616 3800 Sed
637 3736 757 3800 essent
781 3724 820 3797 in
846 3723 1003 3824 singulis
1028 3723 1223 3822 provinciis
1248 3723 1397 3821 singuli,
1421 3747 1571 3821 quorum

347 3836 442 3911 inter
460 3837 590 3912 fratres
607 3837 798 3913 haberetur
815 3835 930 3934 prima
949 3839 1137 3913 sententia.
1154 3842 1201 3913 Et
1219 3859 1346 3912 rursus
1363 3836 1507 3934 quidam
1532 3835 1571 3908 in

344 3950 547 4046 maioribus¹
556 3950 706 4026 urbibus
718 3949 917 4039 constituti,
930 3949 1208 4026 sollicitudinem
1222 3949 1571 4047 eisnsoiperantama

346 4061 494 4161 pliorem
512 4090 575 4162 per
591 4089 679 4163 qnos
695 4065 740 4140 ad
757 4090 868 4140 unam
895 4065 993 4138 Petri
1019 4064 1137 4140 sedem
1163 4062 1380 4138 universalis
1400 4059 1571 4138 aeoelesiae

343 4189 434 4251 ’11111
451 4177 657 4274 conflueret,
670 4189 705 4254 11
718 4177 833 4253 nichil
850 4202 1010 4275 unquam
1024 4202 1045 4250 a
1058 4199 1122 4250 suo
1135 4176 1250 4274 eapite
1262 4174 1458 4250 dissideret.
1470 4173 1570 4260 Quod

340 4291 375 4364 ¹si
385 4291 530 4388 quidam
541 4317 585 4366 ex
594 4291 695 4366 vobis
707 4291 868 4367 interiori
878 4289 1228 4388 comprehendissent
1236 4289 1567 4385 obtutu,nunquam

344 4397 570 4480 Rothandum
585 4393 798 4506 Episcopum
813 4403 1037 4480 Suessionioe
1052 4405 1159 4480 Urbis
1172 4403 1249 4478 sine
1262 4425 1437 4478 consensu
1450 4411 1568 4474 nostro

344 4517 571 4620 deponerent,
588 4520 877 4617 depredarentur,
894 4518 984 4594 etin
1002 4516 1152 4592 exilium
1166 4517 1309 4613 pulsum
1324 4512 1566 4589 monasteriali
