3646 5292
899 379 1096 446 -224-

381 498 471 576 duce
480 499 635 575 stultitia
648 508 684 575 et
696 498 856 575 civitatis
865 501 1021 575 Romane
1030 499 1212 591 iactantia,
1221 500 1352 576 levitas
1361 497 1605 574 sacerdotibus

382 625 419 690 et
435 615 573 690 diaconi
591 614 812 713 presbyteris
829 636 1001 712 coequarc
1025 615 1218 704 contendit,
1238 639 1307 690 non
1330 615 1447 689 dicam
1465 613 1607 710 praefer-

386 754 435 818 re,
452 731 536 828 quia
555 729 689 804 stultus
706 737 760 803 est
777 737 813 804 et
830 729 919 804 forte
936 728 1145 804 incredibile
1158 729 1333 820 videatur,
1349 737 1388 804 et
1400 750 1464 801 nos
1477 749 1547 801 non
1571 751 1607 802 e·

380 845 614 933 mandatores,
624 842 685 918 sed
693 841 968 919 calumniatores
981 841 1164 916 habeatur.
1175 845 1254 928 Qua
1262 841 1479 938 igiturlege,
1488 864 1605 938 quave

382 957 650 1044 consuetudine,
667 979 819 1052 quonam
838 955 997 1053 exemplo
1013 954 1079 1030 hoc
1094 955 1247 1052 aggredi
1264 965 1329 1029 aut
1344 954 1487 1029 nullum
1512 953 1605 1028 scire

380 1069 544 1160 arbitror,
567 1079 609 1144 ut
625 1069 712 1144 istos
729 1069 857 1168 quibus
874 1092 1068 1146 consensus
1084 1069 1122 1142 in
1144 1070 1304 1145 oecclesia
1328 1069 1477 1144 minime
1501 1068 1606 1142 datus

383 1193 449 1272 est,
465 1182 523 1258 his
540 1193 698 1282 coequet,
714 1183 776 1281 qui
793 1193 934 1282 propter
951 1185 1043 1282 quod
1060 1184 1240 1260 antistites
1257 1185 1323 1261 Dei
1340 1194 1437 1275 sunt,
1453 1185 1491 1256 in
1504 1184 1605 1258 domo

380 1295 446 1371 Dei
456 1307 491 1372 et
505 1295 544 1370 in
556 1295 687 1371 honore
701 1295 837 1372 Christi
850 1298 1043 1373 confidunt.
1057 1303 1143 1386 Quae
1155 1298 1305 1373 audacia
1315 1307 1370 1373 est
1382 1295 1604 1397 presbyteris

382 1409 564 1485 ministros
581 1409 736 1507 ipsorum
755 1433 857 1507 pares
881 1411 1026 1486 facere?
1050 1413 1137 1498 Quae
1160 1411 1375 1488 temeritatis
1399 1435 1494 1484 vana
1516 1435 1602 1508 prae·

380 1523 546 1621 sumptio,
563 1523 806 1598 sacerdotibus
823 1523 960 1598 baiulos
973 1525 1195 1601 tabernaculi
1210 1535 1245 1600 et
1258 1525 1418 1599 omnium
1432 1547 1600 1598 vasorum

379 1638 469 1728 eius,
486 1647 521 1713 at
538 1637 719 1730 lignorum
733 1637 943 1727 concisores,
960 1647 996 1713 et
1012 1638 1198 1736 portitores
1214 1663 1316 1737 aquae
1332 1637 1521 1712 conferre?
1534 1635 1602 1709 hoc

381 1751 477 1826 enim
494 1751 564 1825 fuit
580 1751 737 1825 officium
754 1750 959 1825 levitarum.
984 1751 1069 1826 Tale
1085 1761 1140 1827 est
1164 1752 1194 1826 si
1220 1751 1397 1850 praefectis
1421 1749 1601 1838 officiales,

383 1864 536 1938 dominis
552 1864 647 1939 servi
665 1874 863 1962 aequantur,
875 1863 942 1940 hoc
959 1873 1014 1938 est
1030 1864 1216 1963 scriptum,
1232 1865 1373 1940 dicente
1391 1864 1539 1937 Domino
1555 1862 1601 1936 ad

378 1981 540 2075 Moysen.
558 1977 691 2076 Accipe
704 1977 836 2052 tribum
850 1978 937 2052 Levi
950 1978 993 2053 de
1007 1979 1119 2054 medio
1133 1979 1287 2052 filiorum
1300 1977 1420 2065 Israel,
1433 1985 1469 2051 ct
1482 1985 1599 2050 statue

375 2090 455 2164 illos
471 2101 554 2166 ante
573 2098 692 2166 Aaron
710 2093 938 2183 sacerdotem,
954 2103 991 2167 et
1007 2091 1211 2167 deservient
1227 2091 1271 2166 ei.
1289 2091 1383 2178 Quid
1399 2089 1466 2165 hoo
1482 2115 1599 2164 exem·

377 2204 433 2302 plo
449 2205 620 2302 apertius,
637 2206 853 2304 quodetiam
871 2231 968 2281 nunc
985 2206 1022 2278 in
1048 2205 1209 2280 aecclcsia
1234 2205 1460 2280 custoditur?
1477 2228 1600 2300 quarn-

377 2341 484 2414 quam
502 2321 670 2392 Romana
687 2317 857 2394 Ecclesia
873 2317 1012 2394 diaconi
1038 2319 1173 2393 modice
1199 2319 1440 2392 inverecundo
1466 2342 1522 2391 res
1546 2317 1600 2388 vi-

375 2431 539 2521 deantur,
556 2433 698 2507 sedendi
715 2441 835 2512 tamen
852 2433 1029 2528 dignitate
1046 2432 1085 2505 in
1102 2432 1253 2506 statione
1271 2455 1342 2504 non
1364 2438 1598 2528 praesumunt,

373 2553 551 2619 utentem
569 2569 639 2620 non
656 2545 774 2619 omnia
794 2543 990 2621 ministeria
1011 2543 1259 2640 obsequiorum
1286 2567 1351 2640 par
1376 2543 1535 2617 ordinem
1560 2565 1598 2612 a·

374 2667 475 2752 gant,
494 2658 685 2732 multitudo
702 2658 790 2733 facit
806 2657 1029 2734 clericorum.
1045 2661 1139 2732 Nam
1156 2658 1281 2754 utique
1302 2666 1338 2731 et
1354 2657 1467 2730 altare
1484 2664 1598 2752 porta·

372 2780 465 2861 rent,
482 2781 518 2846 et
535 2796 622 2844 vasa
640 2772 729 2863 eius,
743 2781 779 2847 et
791 2795 903 2870 aquas
920 2772 958 2846 in
976 2797 1105 2845 manus
1122 2771 1312 2846 funderent
1332 2770 1535 2857 sacerdotis,
1551 2767 1597 2841 si·

372 2895 436 2959 cut
453 2884 617 2960 videmus
634 2909 695 2984 per
713 2909 834 2961 omnes
855 2885 1036 2974 ecclesias,
1060 2893 1097 2959 et
1113 2883 1208 2960 sicut
1232 2884 1466 2959 constitutum
1493 2892 1548 2956 est
1571 2906 1593 2952 a

371 2995 520 3071 Domino
536 3021 599 3094 per
615 3000 776 3096 Moysen.
791 3004 866 3072 Aut
883 2997 1056 3096 numquid
1075 2995 1238 3072 meliores
1260 2997 1402 3072 Heliseo
1418 3003 1514 3084 sunt,
1533 2993 1595 3092 qui

371 3132 502 3206 aquam
515 3107 686 3184 fundebat
698 3109 736 3182 in
751 3134 882 3184 manus
897 3110 1033 3186 Heliae‘l
1043 3111 1102 3186 Sic
1115 3121 1235 3186 autem
1249 3111 1414 3186 diaconos
1425 3109 1594 3182 adversos
1713 3123 1716 3128 '

373 3221 603 3320 presbyteros
615 3223 766 3313 defendi,
780 3223 882 3322 quasi
895 3225 1171 3324 expresbyteris
1184 3225 1382 3314 diaconi,et
1395 3247 1465 3299 non
1478 3247 1595 3298 exau·

370 3334 578 3410 diaconibus
596 3337 816 3434 presbyteris
833 3337 1049 3414 ordinentur.
1064 3339 1131 3413 Sed
1149 3338 1233 3436 quia
1245 3341 1412 3411 Romanae
1425 3335 1594 3411 aecclesiae

370 3449 526 3523 ministri
551 3461 647 3539 sunt,
672 3451 802 3527 iccirco
834 3451 1110 3526 honorabiliores
1136 3457 1341 3548 putantur?
1366 3476 1473 3549 quarn
1492 3449 1592 3550 ⁵apud

369 3572 516 3638 caeteras
545 3563 727 3638 oecclesias
757 3575 900 3662 propter
932 3565 1240 3660 magnificentiam
1270 3565 1430 3639 civitatis
1463 3566 1592 3652 Romae,

369 3699 449 3770 quae
474 3677 583 3772 caput
600 3701 677 3752 csse
694 3677 863 3752 videntur
881 3677 1043 3751 omnium
1067 3676 1270 3751 civitatum.
1296 3677 1334 3748 Si
1359 3676 1410 3750 ita
1435 3687 1500 3764 cst,
1525 3675 1592 3750 hoo

374 3787 503 3862 debent
519 3797 555 3862 et
572 3789 812 3865 sacerdotibus
830 3791 906 3865 suis
922 3789 1116 3878 vindicare,
1133 3789 1216 3886 quia
1235 3789 1302 3862 sibi
1325 3789 1386 3886 qui
1406 3785 1592 3862 inferiores

369 3909 456 3974 sunt
480 3912 576 3977 certe
599 3903 721 3978 sciunt
749 3911 891 4002 propter
921 3902 1227 3998 magnificentiam
1257 3901 1430 3990 civitatis,
1455 3912 1589 3999 quanto

373 4012 492 4108 magis
521 4015 581 4110 qui
607 4017 759 4112 potiores
788 4025 875 4090 sunt
902 4015 1118 4090 sublimandi
1148 4020 1261 4090 sunt?
1291 4016 1469 4114 Quicquid
1493 4019 1589 4092 enirn

368 4123 580 4200 officialibus
604 4135 832 4226 proestnntur,
854 4137 1091 4225 augmentum
1118 4128 1159 4202 lit
1175 4129 1351 4225 potestati,
1368 4130 1462 4204 sicut
1478 4129 1590 4204 honor

367 4235 463 4310 servi
482 4237 526 4311 ad
544 4237 685 4312 laudern
703 4240 842 4337 proficit
855 4240 1002 4331 domini,
1014 4265 1230 4338 quamquam
1245 4243 1339 4340 apud
1351 4243 1486 4318 iustum
1500 4243 1591 4316 iudi·

367 4371 445 4422 cem
466 4349 593 4440 Deum,
610 4350 807 4448 unicuique
824 4350 884 4427 hic
901 4351 1011 4426 honor
1029 4363 1171 4428 maneat
1187 4355 1249 4452 qui
1270 4355 1435 4431 decretus
1449 4367 1503 4431 est
1519 4357 1590 4430 sin-

367 4458 467 4554 gulis
479 4459 714 4537 ecclesiarum
727 4463 863 4554 officiis
877 4465 992 4562 utqui
1006 4465 1176 4564 diaconus
1188 4467 1404 4564 est,diaconi
1418 4469 1588 4544 honorem
