3638 5294
732 405 926 470 *467-

181 575 188 589 ·
216 526 323 601 stolas
339 535 522 624 tamquam
540 527 649 624 impie
665 535 796 622 agente
810 527 1040 623 redarguens,
1052 534 1089 602 et
1101 528 1249 601 Romam
1262 549 1346 600 cum
1362 531 1436 598 tota

214 640 319 714 Italia
335 641 379 716 ab
397 641 495 714 illius
513 640 662 738 imperio
679 639 843 714 recedere
859 640 1005 715 faciens.
1022 641 1209 716 Insaniens
1226 663 1312 735 ergo
1325 638 1436 713 tiran-

214 777 284 826 nus
301 762 424 828 contra
441 753 664 829 venerabiles
680 754 875 852 ymagines
900 754 1180 851 persecutionem
1206 753 1374 840 extendit,
1400 758 1436 825 et

215 875 338 941 contra
348 870 609 965 Papam‚atque
619 891 799 942 recessum
810 869 929 941 Romae
938 891 980 942 ac
990 864 1436 941 Italiaeseviebat.Eevero

215 1003 293 1076 quas
309 979 480 1056 dicuntur
497 979 709 1080 patrimonia
727 981 761 1054 S.
781 978 1027 1078 Apostolorum
1041 979 1080 1052 in
1094 977 1229 1067 Sicilia,
1246 1002 1326 1076 quae
1343 975 1387 1050 ab
1396 997 1435 1082 o-

215 1091 279 1166 lim
296 1092 470 1169 Ecclesiis
485 1095 565 1168 auri
583 1093 771 1178 dimidium
789 1101 825 1168 et
840 1093 911 1168 tria
929 1091 1157 1168 conferebant
1172 1089 1308 1166 talenta
1321 1087 1436 1186 publi-

217 1229 268 1280 cae
285 1207 413 1281 rationi
430 1207 545 1282 exolvi
563 1199 741 1306 praecepit.

716 1365 943 1483 orrrun

689 1603 772 1654 Item
789 1603 821 1653 in
840 1599 966 1654 eadent.

313 1763 501 1840 Prodictus
514 1762 635 1862 itaque
645 1765 741 1860 Papa
751 1761 954 1860 Stephanus
965 1760 1003 1834 vi
1017 1779 1171 1857 pressus,
1179 1768 1216 1834 et
1225 1757 1438 1834 crudelitate

216 1870 385 1950 Haistulfi
396 1885 552 1966 coactus,
561 1875 669 1950 simul
678 1885 714 1950 et
723 1875 794 1948 iam
804 1875 848 1949 ab
857 1875 932 1972 ipso
940 1873 1149 1949 adhortatus
1157 1873 1272 1949 estire
1281 1873 1319 1946 in
1329 1875 1440 1947 Fran·

218 1989 323 2080 ciam,
337 1999 373 2064 et
385 1990 502 2066 facere
516 2013 750 2088 quacumque
767 1997 892 2086 posset.
902 1986 1061 2062 Veniens
1077 2011 1163 2061 vero
1176 1985 1345 2084 Pipinum
1362 2008 1439 2083 pro-

217 2103 329 2193 vehit,
341 2105 460 2178 virum
475 2105 513 2178 in
526 2105 690 2180 omnibus
704 2101 1074 2205 probatissimum‚qui
1088 2111 1238 2199 praeerat
1250 2110 1339 2176 tunc
1352 2123 1436 2198 quo·

218 2241 286 2315 que
302 2218 407 2292 rebus
421 2229 498 2316 post
511 2243 646 2315 regem,
659 2227 694 2293 et
707 2217 948 2293 debellaverat
962 2215 1105 2288 Arabae.
1119 2219 1164 2287 Et
1181 2213 1312 2289 occidit
1328 2212 1437 2288 etiam

217 2331 414 2430 principem
432 2357 553 2407 eorum
573 2332 856 2419 Abderachmsm
874 2340 910 2404 et
932 2328 1199 2402 multitudinem
1216 2327 1314 2402 haud
1331 2327 1438 2402 facile

217 2443 627 2520 innumerabilemiusta
648 2444 858 2519 Rhodanum
882 2442 1047 2530 fluvium,
1067 2451 1103 2516 et
1127 2451 1307 2516 amatura
1329 2448 1438 2537 gente

216 2579 287 2630 non
304 2555 419 2630 solum
438 2567 578 2655 propter
594 2557 672 2647 hoc,
689 2557 749 2631 sed
767 2565 803 2632 et
819 2566 960 2655 propter
981 2556 1052 2629 alia
1069 2557 1248 2656 praecipua
1274 2565 1378 2651 gesta
1404 2565 1440 2631 et

216 2670 411 2766 praeficitur
427 2672 530 2767 genti
548 2695 618 2745 non
636 2670 844 2767 ignobiliter
861 2670 1184 2768 primusSolvente
1198 2669 1337 2756 scilicet
1354 2694 1438 2744 eum

216 2807 238 2856 a
256 2783 393 2880 peiurio
410 2784 448 2864 in
466 2809 588 2881 regem
606 2785 794 2860 commisso
811 2785 930 2858 eodem
945 2782 1133 2881 Stephano.
1147 2783 1216 2869 Qui
1233 2791 1269 2856 et
1285 2779 1437 2856 totondit

218 2897 437 2973 decessorem
450 2900 528 2975 eius
542 2923 676 2996 regem,
689 2907 724 2974 et
738 2899 774 2971 in
789 2896 1002 2972 monasterio
1019 2921 1102 2972 oum
1115 2895 1246 2987 honore
1264 2905 1300 2970 et
1316 2895 1439 2993 requie

219 3010 496 3108 circumscripsi.

704 3136 944 3221 oxxxvssu.
1008 3207 1010 3210 ,

217 3328 267 3378 Ex
285 3329 426 3394 epistola
444 3343 544 3397 quam
562 3330 716 3395 Episcopi
733 3330 916 3396 Antiochiae
935 3327 1126 3394 congregati
1145 3327 1350 3394 scripserunt
1366 3327 1438 3378 Dio-

287 3427 367 3478 ulsto
386 3427 475 3480 urbis
493 3429 607 3480 Romae
627 3430 661 3480 et
678 3429 819 3480 Maximo
837 3427 1065 3482 Alexandrinae
1084 3424 1255 3490 Episcopis
1273 3425 1439 3491 sumptum

290 3531 332 3572 ex
348 3521 486 3576 historia
503 3523 618 3576 Rufini.
976 3517 980 3524 '

311 3675 559 3750 Necessarium
578 3675 679 3750 nobis
695 3675 813 3749 visum
838 3684 892 3750 est
909 3675 1063 3750 Paulum
1081 3675 1296 3774 Episcopum
1316 3674 1439 3748 Antio-

215 3785 371 3861 chenum
384 3789 608 3865 resistentem
625 3792 708 3879 Dee,
721 3813 788 3864 neo
800 3787 1086 3886 acquiescentem
1099 3815 1185 3865 vere
1199 3787 1280 3863 fidei
1293 3787 1386 3863 abici
1402 3797 1439 3862 et

216 3899 384 3975 abiurari.
399 3901 519 3975 Alium
535 3926 618 3977 vero
631 3925 693 4000 pro
706 3903 780 3999 ipso
794 3901 964 4005 aepclesiae
977 3901 1161 3977 catholicoe
1178 3901 1349 3977 constitui
1366 3901 1439 3998 epi-

218 4036 362 4110 scopum
378 4016 545 4087 Donnnm
559 4015 700 4088 nomine
718 4014 837 4087 virum
850 4014 1015 4088 omnibus
1031 4015 1145 4090 boniis
1167 4015 1244 4115 (sic)
1261 4026 1438 4089 ornatum.

216 4126 460 4200 Indicavimus
469 4136 589 4201 autern
600 4127 710 4216 vobis,
719 4135 760 4200 ut
769 4125 892 4202 sciatis
904 4127 949 4202 ad
962 4128 1079 4226 ipsum
1093 4151 1156 4203 ros
1169 4127 1325 4204 scribere
1338 4126 1439 4201 debe·

218 4261 266 4325 re,
275 4249 310 4312 et
319 4239 447 4335 abipso
455 4238 713 4313 communionis
724 4239 856 4336 scripta
865 4239 1055 4337 suscipere.
1065 4241 1188 4315 Donno
1197 4239 1313 4336 igitur
1321 4240 1359 4313 in
1369 4239 1440 4338 epi-

217 4361 363 4450 scopatu
376 4351 585 4447 subrogatu,
597 4351 752 4426 etPaulo
766 4352 959 4426 sacerdotio
972 4353 1120 4440 absciso,
1133 4363 1169 4428 et
1181 4354 1440 4442 communione,

219 4487 303 4548 cum
316 4464 359 4539 de
373 4463 473 4539 domo
490 4463 658 4540 aecclesiae
671 4463 781 4540 nollet
794 4463 889 4540 exire
903 4463 1152 4565 interpellatus
1165 4465 1355 4564 imperator
1369 4471 1442 4542 Au·
