3654 5302
748 397 947 460 -373-

234 512 355 589 fusio?
372 515 474 602 Quod
490 514 558 592 hac
574 514 820 592 observatione
838 516 1053 607 servabitur,
1073 518 1104 590 si
1126 517 1179 590 nil
1195 517 1372 612 potestati,
1396 520 1459 596 sed

236 636 351 702 totum
367 627 549 703 tribuatur
566 628 738 726 aequitati.
755 630 1001 726 Hieronymus
1017 651 1124 726 snper
1141 627 1364 704 Matthaeum.
1378 631 1459 729 Epi-

236 763 365 837 scopus
377 749 414 816 et
429 740 624 840 Presbyter
641 764 711 816 non
724 765 783 818 eos
800 741 861 841 qui
879 742 1038 816 insontes
1053 750 1150 832 sunt,
1165 741 1224 817 vel
1236 741 1383 832 innoxii,
1397 744 1460 819 sed

236 875 298 950 pro
311 853 426 930 officio
438 879 503 930 suo
516 879 599 930 oum
613 867 839 954 peecatorum
854 854 1036 928 audierint
1047 853 1250 944 varietates,
1263 855 1384 930 sciunt
1396 857 1459 954 qui

236 967 406 1063 ligandus
423 969 483 1058 sit,
499 970 561 1066 qui
578 970 780 1044 solvendus.
798 967 1030 1064 Augustinus
1047 966 1092 1041 ad
1112 967 1299 1042 Auxilium
1317 969 1461 1067 11111111ὲ

236 1105 321 1178 pum
334 1081 428 1156 inter
441 1091 580 1158 caetera.
593 1083 688 1158 lllud
702 1083 806 1184 plane
819 1107 890 1158 non
903 1092 1038 1157 temere
1050 1080 1200 1156 dixerim
1218 1082 1310 1180 quod
1322 1083 1354 1156 si
1366 1084 1461 1181 quis·

236 1219 343 1293 quam
362 1195 522 1271 fidelium
539 1196 649 1272 fuerit
665 1195 991 1272 anathematizatus
1007 1193 1152 1284 iniuste,
1169 1193 1202 1269 ei
1214 1195 1332 1292 potius
1348 1197 1461 1273 oberit

238 1309 300 1406 qui
317 1309 415 1398 facit,
432 1333 540 1407 quam
557 1311 590 1385 ei
607 1310 669 1408 qui
694 1310 788 1386 hanc
813 1309 948 1409 patitur
972 1308 1155 1383 iniuriam.
1180 1308 1337 1408 Spiritus
1362 1310 1459 1386 euim

236 1429 385 1497 sanctus
401 1423 566 1498 habitans
583 1424 622 1498 in
639 1424 774 1500 sanctis
790 1448 853 1522 per
865 1448 972 1522 quem
990 1423 1140 1521 quisque
1157 1422 1301 1520 legatur
1314 1433 1378 1498 aut
1394 1423 1461 1499 sol·

237 1533 349 1623 uitur,
366 1534 571 1610 inmeritam
588 1535 680 1609 nulli
694 1535 831 1632 ingerit
844 1563 992 1636 paenam.
1009 1538 1079 1611 Per
1091 1560 1174 1611 eum
1187 1535 1317 1635 quippe
1334 1535 1461 1612 diffun-

237 1647 334 1722 ditur
351 1649 484 1723 caritas
501 1649 539 1722 in
556 1650 720 1725 cordibus
733 1650 874 1741 vostris,
888 1674 967 1748 quae
979 1671 1049 1723 non
1063 1647 1143 1744 agit
1156 1672 1351 1748 perperam.
1364 1649 1462 1724 Idem

237 1762 276 1836 in
289 1761 379 1838 libro
392 1762 434 1837 de
448 1763 697 1838 summobono.
710 1765 914 1840 Secundum
931 1761 1153 1838 Catholicam
1167 1761 1274 1837 fidem
1287 1771 1323 1836 et
1335 1786 1461 1836 sanam

238 1875 448 1965 doctrinam,
461 1900 528 1952 nec
541 1887 680 1952 naturae
693 1877 758 1952 Dei
772 1901 898 1954 nocere
913 1886 1027 1977 potest
1040 1875 1240 1974 quisquam,
1253 1899 1319 1950 nec
1331 1883 1462 1950 natura

238 1985 303 2062 Dei
321 1987 454 2062 iniuste
471 2011 599 2064 nocere
616 1989 797 2086 cuiquam,
814 2015 882 2065 neo
894 2013 1022 2065 nocere
1034 1989 1182 2087 impune
1194 1988 1330 2086 patitur
1343 2012 1463 2086 quem-

239 2125 356 2200 quam.
369 2101 439 2188 Qui
458 2109 562 2177 nocet
580 2101 674 2177 enim
689 2103 740 2176 ait
754 2103 943 2202 Apostolus
956 2102 1104 2200 recipiet
1117 2101 1209 2200 quod
1221 2100 1353 2177 nocuit.
1371 2102 1462 2176 Item

238 2216 333 2292 idem
346 2215 384 2289 in
401 2215 491 2291 libro
504 2217 547 2291 de
560 2216 744 2314 baptismo.
763 2219 838 2292 Pax
855 2215 1026 2292 aecclesiae
1039 2214 1188 2289 dimittit
1200 2223 1357 2312 peecata,
1369 2224 1406 2289 et
1417 2214 1462 2289 ab

167 2387 169 2394 .
239 2328 682 2427 aecolesiaepacenlienatio
695 2328 1256 2428 tenetpeccata.Nonsecundum
1269 2327 1459 2403 arbitrium

238 2443 435 2533 hominum,
448 2445 509 2519 sed
521 2443 719 2519 secundum
733 2443 923 2520 arbitrium
937 2441 1011 2517 Dei.
1025 2445 1131 2518 Petra
1143 2451 1252 2531 tenet,
1265 2442 1395 2516 Petrus
1411 2441 1463 2515 di·

239 2559 361 2635 mittit.
380 2558 552 2636 Columba
566 2568 675 2645 tenet,
687 2559 851 2635 columba
864 2555 1023 2646 dimittit,
1035 2555 1121 2629 foris
1134 2555 1262 2655 quippe
1275 2579 1342 2631 nec
1354 2554 1464 2651 ligari

239 2675 331 2773 quod
348 2683 477 2775 potest,
493 2698 561 2749 neo
577 2673 679 2764 solvi,
696 2674 837 2772 quando
853 2670 891 2743 in
916 2667 1068 2744 ecclesie
1085 2691 1156 2743 non
1181 2677 1236 2744 est
1260 2668 1322 2767 qui
1346 2667 1463 2764 ligare

241 2787 350 2885 possit
367 2797 431 2862 aut
447 2786 593 2862 solvere.
610 2786 707 2860 Idem
724 2788 769 2860 ad
787 2785 974 2861 Auxilium
999 2785 1225 2882 Episcopum,
1246 2782 1308 2881 qui
1326 2804 1464 2857 excom·

240 2900 492 2977 municaverat
513 2900 727 2976 Cassianum
752 2925 836 2974 cum
854 2898 992 2974 familia
1015 2923 1092 2973 sua.
1117 2897 1262 2972 Audisti
1286 2896 1375 2972 forte
1399 2894 1464 2969 ali·

240 3038 328 3114 quos
342 3015 468 3111 magni
480 3013 636 3089 nominis
653 3014 852 3091 sacerdotes
865 3039 946 3089 cum
962 3013 1061 3088 domo
1069 3038 1146 3103 sua,
1154 3035 1369 3111 quemquam
1381 3035 1465 3084 ana·

244 3126 497 3203 thematizasse
510 3127 762 3227 peccantium?
774 3127 836 3203 sed
848 3128 879 3202 si
892 3127 1105 3224 interrogati
1118 3135 1236 3203 essent
1248 3125 1465 3226 repperiren-

241 3252 312 3332 tur,
322 3241 403 3316 inde
414 3241 564 3317 forsitan
582 3241 743 3317 idoneam
758 3243 903 3319 reddere
917 3240 1325 3337 rationemEgoautem
1339 3239 1465 3338 siquis

241 3381 335 3432 ame
353 3358 482 3454 quaerit
504 3366 627 3430 utrum
641 3366 736 3433 reete
750 3359 822 3448 fiat,
835 3355 921 3456 quid
933 3355 966 3431 11
984 3355 1213 3454 respondeam
1226 3378 1296 3429 non
1310 3353 1465 3430 invenio.

241 3470 347 3545 Idem.
365 3470 501 3568 Cepisti
518 3469 647 3546 habore
665 3471 813 3546 fratrem
832 3480 936 3546 tuum
954 3479 1138 3567 tamquam
1156 3467 1399 3566 publicanum,
1423 3465 1465 3540 li-

241 3611 308 3682 gas
326 3585 486 3660 illumin
504 3596 610 3676 terra,
628 3586 689 3661 sed
705 3596 747 3661 ut
764 3587 858 3670 iuste
875 3583 987 3659 facias
1005 3583 1097 3658 vide.
1114 3586 1207 3657 Nam
1234 3581 1368 3656 iniusta
1386 3581 1465 3656 vin·

241 3699 324 3776 cula
345 3700 518 3798 dirumpit
534 3699 682 3775 iustitia.
700 3700 797 3775 Idem
814 3700 853 3773 in
869 3721 1030 3774 sermone
1048 3697 1190 3771 Domini
1203 3697 1241 3769 in
1259 3704 1388 3771 monte.
1401 3699 1464 3772 Te-

242 3814 433 3890 merarium
444 3812 618 3889 iudicium
632 3811 842 3911 plerumque
856 3811 970 3887 nichil
983 3821 1087 3888 nocet
1099 3810 1133 3886 ei
1145 3811 1188 3886 de
1198 3833 1267 3909 quo
1276 3809 1464 3886 temeraria

240 3928 431 4004 iudicatur.
448 3926 492 4002 Ei
509 3935 630 4002 autem
649 3926 710 4025 qui
727 3934 862 4002 temere
875 3925 1020 4013 iudicat,
1033 3924 1110 4022 ipsa
1122 3923 1306 4000 temeritas
1319 3946 1465 4000 necessa

241 4054 296 4118 est
312 4053 354 4118 ut
370 4051 503 4118 noceat.
520 4041 618 4116 Idem
636 4040 675 4114 in
692 4040 781 4116 libro
797 4039 840 4116 de
865 4039 1081 4139 penitentia.
1097 4041 1152 4113 Tu
1169 4036 1295 4136 inquid
1320 4043 1466 4136 Aposto-

242 4155 301 4231 lus
318 4156 399 4255 quis
425 4181 462 4231 11
487 4155 549 4254 qui
567 4155 704 4230 iudicas
721 4154 879 4229 alienum
897 4157 1071 4228 servum?
1088 4151 1213 4229 Noluit
1234 4152 1330 4228 enim
1354 4151 1466 4228 homi·

244 4295 326 4345 nem
344 4269 389 4344 ab
406 4269 549 4344 homino
566 4268 718 4344 iudicari
736 4293 781 4343 ex
797 4265 1008 4365 suspicione,
1025 4265 1086 4340 vel
1110 4264 1389 4341 extraordinario
1412 4265 1467 4340 iu·

243 4384 346 4474 dicio,
360 4384 478 4460 sodex
495 4385 578 4481 lege
595 4385 672 4474 Dei,
689 4383 885 4458 secundum
903 4381 1062 4456 ordinem
1080 4381 1260 4471 aecclesias,
1277 4381 1355 4456 sive
1371 4379 1467 4456 ultro
1486 4381 1492 4396 '

245 4497 461 4590 confessum,
474 4497 550 4574 sive
564 4507 774 4574 accusatum
787 4506 895 4596 atquo
904 4495 1122 4589 convictum,
1131 4496 1228 4573 Idem
1241 4496 1279 4572 in
1288 4494 1467 4596 espositio
