3646 5292
754 401 949 468 -187-

236 525 309 600 lere
327 523 488 614 voluisti,
504 549 588 601 cum
605 547 728 602 omnes
745 523 916 600 aecclesiae
933 533 1064 600 nostrae
1077 525 1172 600 intra
1185 525 1371 601 civitatem
1389 528 1463 602 siut

236 638 439 714 constitute.
449 643 608 728 Quarum
623 639 822 738 presbyteri
837 638 920 738 quia
934 639 990 714 die
1003 639 1079 737 ipso
1088 647 1228 736 propter
1241 639 1378 738 plebem
1392 639 1460 714 sibi

236 753 407 829 creditam
424 753 610 830 nobiscum
627 753 819 831 convenire
837 777 907 828 non
925 762 1084 850 possunt,
1096 751 1228 827 iccirco
1241 752 1459 828 fermentum

236 867 373 942 anobis
390 867 592 943 consectum
611 893 673 967 per
691 867 836 944 acolitos
853 865 1048 964 accipiunt,
1066 875 1107 942 ut
1134 891 1171 942 se
1192 891 1213 940 a
1234 875 1354 942 nostra
1369 891 1464 944 corn-

236 982 404 1058 munione
418 981 571 1057 maxime
584 982 647 1058 illo
663 982 720 1058 die
733 1006 804 1057 nou
817 980 977 1056 iudicent
990 989 1179 1080 separatos.
1193 982 1293 1069 Quod
1307 1005 1368 1079 per
1381 1006 1459 1079 par-

238 1098 386 1174 raecbias
403 1097 480 1172 fieri
497 1097 624 1173 debere
641 1121 711 1172 nou
730 1105 825 1195 puto,
842 1096 927 1195 quia
953 1119 1023 1170 non
1049 1096 1155 1192 longe
1180 1096 1352 1194 portanda
1376 1103 1462 1170 sunt

238 1217 471 1286 sacramenta.
484 1213 559 1286 Nec
578 1233 641 1284 nos
654 1233 716 1308 per
729 1209 921 1308 cymiteria
934 1211 1074 1286 diversa
1090 1211 1296 1286 constitutis
1310 1210 1463 1309 Presby-

239 1325 325 1400 teris
342 1323 575 1414 destinamus,
598 1332 638 1398 ut
655 1332 690 1398 et
707 1323 909 1423 presbyteri
933 1349 1054 1401 eorum
1081 1325 1381 1401 conficiendorum
1403 1323 1462 1398 ius

237 1438 391 1515 habeant
407 1447 514 1536 atque
531 1436 725 1514 licentiam.

767 1603 927 1690 XXXVL

567 1764 617 1814 Ex
637 1763 740 1828 gestis
758 1761 845 1814 xisti
864 1761 994 1814 iunioris
1013 1764 1125 1826 Papae.

331 1899 460 1973 Xistus
477 1897 673 1997 Episcopus
692 1897 837 1993 rogavit
854 1897 1079 1996 presbyteros
1105 1897 1203 1972 urbis
1221 1900 1351 1973 Romae
1375 1907 1412 1972 et
1428 1921 1462 1972 o-

237 2037 356 2088 mnem
369 2012 518 2102 clerum,
530 2020 566 2088 et
583 2012 704 2088 sedere
718 2011 756 2084 in
771 2033 841 2084 uno
854 2011 1021 2086 conflictu
1037 2011 1074 2084 in
1088 2011 1235 2086 basilica
1249 2009 1461 2100 Heleniana‚

236 2152 315 2225 quae
324 2125 457 2200 dicitur
471 2125 680 2201 Sessorium.
689 2129 736 2199 Et
744 2124 849 2198 infra.
862 2127 977 2199 Erant
989 2134 1109 2200 autom
1120 2124 1169 2198 ibi
1183 2148 1305 2200 omnes
1318 2123 1461 2222 patricii

236 2249 272 2317 et
285 2239 461 2328 consules,
473 2249 510 2316 et
525 2263 647 2316 omnes
661 2239 868 2337 Presbyteri
882 2238 981 2313 urbis
994 2243 1114 2314 Romae
1126 2241 1192 2313 XL
1205 2249 1241 2315 et
1254 2238 1402 2314 Diaconi
1416 2242 1461 2314 V.

236 2357 325 2430 Item
344 2363 561 2453 postpauca.
580 2353 662 2427 Alia
680 2361 801 2427 autem
814 2351 870 2426 die
884 2351 970 2426 fecit
982 2351 1107 2448 colligi
1124 2375 1245 2428 omnes
1258 2351 1460 2451 presbyteri

235 2468 334 2542 urbis
350 2471 470 2543 Rornae
488 2477 525 2544 et
542 2467 632 2542 sedit
649 2465 688 2539 in
705 2466 827 2541 eodem
845 2464 930 2554 loce,
947 2474 983 2540 et
1000 2465 1086 2540 fecit
1103 2490 1185 2541 cum
1203 2464 1367 2540 omuibus
1381 2487 1461 2540 cou-

236 2581 371 2674 cilium‚
389 2591 425 2658 et
442 2580 629 2656 damnavit
644 2583 795 2654 Bassum
815 2587 851 2654 et
869 2580 1083 2655 Marianum.

741 2808 920 2893 XXXVH.

329 3043 402 3114 ero
421 3063 605 3114 nrrscorvs
622 3035 813 3112 Diosclroro
832 3035 1071 3112 Alexandrino
1089 3036 1261 3135 Episcopo
1278 3036 1372 3111 inter
1391 3061 1458 3112 cae

237 3163 321 3229 tera.
337 3157 418 3228 Non
435 3153 569 3250 passim
586 3151 710 3226 diebus
727 3149 892 3226 omnibus
908 3150 1138 3226 sacerdotalis
1154 3149 1214 3226 vel
1236 3149 1382 3226 levitica
1406 3172 1460 3224 or·

235 3265 369 3342 dinatio
386 3265 598 3354 celebretur,
615 3265 675 3340 sed
689 3272 767 3362 post
779 3263 872 3338 diem
892 3263 1028 3337 sabbati
1046 3264 1195 3361 eiusque
1212 3273 1364 3352 noctem,
1380 3287 1460 3362 quae

235 3379 274 3454 in
298 3380 414 3478 prima
439 3379 576 3454 sabbati
602 3377 753 3455 lucescit
777 3377 919 3452 exordia
945 3377 1176 3453 consecrandi
1200 3377 1397 3474 eligantur,
1421 3377 1460 3450 in

236 3491 365 3591 quibus
374 3492 505 3567 ieiunis
519 3490 796 3567 aieiunantibus
808 3515 911 3566 sacra
924 3490 1121 3567 benedictio
1133 3491 1347 3567 conseratur.
1360 3491 1460 3578 Quod

235 3605 393 3680 eiusdem
404 3603 642 3680 observantie
654 3603 734 3694 erit,
745 3601 774 3678 si
789 3627 893 3680 mane
910 3603 986 3702 ipso
999 3603 1056 3680 die
1069 3604 1246 3680 dominico
1253 3604 1460 3680 continuato

236 3718 372 3793 sabbati
383 3717 515 3793 ieiunio
528 3717 730 3794 celebretur
742 3741 763 3789 a
776 3738 845 3814 quo
858 3724 1015 3816 tempore
1025 3716 1382 3813 praecedentisnoctis
1394 3716 1461 3790 ini·

235 3833 286 3907 tia
303 3857 372 3908 nou
391 3833 570 3908 recedunt.
589 3832 687 3919 Quod
705 3831 749 3905 ad
766 3830 859 3905 diem
879 3829 1150 3904 resurrectionis
1174 3829 1269 3905 sicut
1286 3829 1395 3906 etiam
1421 3829 1459 3903 in

234 3948 365 4046 pascha
382 3946 523 4023 Domini
540 3945 745 4022 declaratur·
761 3945 939 4044 pertinere
956 3968 1027 4019 nou
1044 3943 1191 4019 dubium
1210 3952 1274 4020 est.

749 4170 946 4259 XXXVHL

305 4447 307 4452 ,
331 4397 402 4470 Lao
416 4395 606 4470 Anastasio
622 4395 794 4494 Episcopo
807 4393 1126 4470 Thessalonicensi.
1141 4393 1179 4467 Si
1193 4401 1248 4469 est
1260 4391 1459 4468 adhibenda

237 4510 420 4600 correctio,
433 4517 475 4583 ut
488 4533 627 4610 semper
640 4509 687 4584 sit
700 4507 800 4587 salva
814 4507 966 4586 dilectio.
980 4507 1080 4584 Licet
1091 4508 1187 4584 enim
1201 4505 1367 4583 accidant
1380 4529 1460 4604 quae
