3618 5316
925 409 1118 474 -296-

412 527 572 603 tudinem
591 527 740 603 nimiam
759 541 928 627 gerentes
941 531 1210 630 prospecutione
1224 533 1325 608 nobis
1337 531 1483 624 credita,
1496 533 1581 632 quia
1594 533 1631 608 in

411 641 537 716 umbra
557 642 679 718 mortis
696 643 835 742 aliquas
852 653 980 740 gentes
997 645 1035 718 in
1061 645 1254 722 Germania
1279 646 1441 745 partibus
1466 655 1502 722 et
1522 647 1631 747 plaga

410 755 574 831 orientali
587 755 701 831 Rbeni
711 757 872 832 fluminis
885 759 1032 857 antiquo
1045 758 1144 835 hoste
1158 760 1330 836 suadente
1343 785 1475 850 errare,
1483 771 1520 836 et
1528 761 1630 860 quasi

411 871 478 945 sub
492 870 665 968 religione
675 859 872 948 christiana
879 872 1069 972 ydolorum
1083 873 1218 949 servire
1231 874 1373 951 ¹culture
1386 875 1634 970 cognovimns,

409 983 549 1083 aliquos
566 1009 650 1060 vero
667 985 729 1085 qui
747 1011 814 1062 nec
830 985 1055 1084 baptismatis
1073 987 1168 1061 unda
1185 996 1272 1062 sunt
1288 987 1363 1078 loti,
1375 988 1436 1065 sed
1453 1012 1634 1086 compara·

412 1099 507 1174 tione
519 1099 706 1174 brutorum
728 1099 939 1174 animalium
962 1101 1095 1198 pagani
1110 1101 1279 1177 factorem
1292 1127 1399 1176 suum
1418 1125 1488 1177 non
1506 1125 1636 1199 cogno·

412 1221 528 1288 scunt.
536 1215 605 1287 Pro
613 1221 845 1312 utrorumque
863 1213 1137 1304 illuminatione,
1147 1213 1192 1289 ad
1203 1213 1468 1312 predicandum
1478 1229 1585 1292 rectae
1599 1216 1636 1289 fi-

412 1325 469 1401 dei
484 1325 647 1416 verbum,
663 1325 793 1400 harum
812 1326 1014 1402 litterarum
1033 1327 1236 1426 portitorem
1251 1328 1470 1404 Bonifatium
1485 1331 1634 1405 fratrem

413 1449 449 1517 et
466 1439 708 1538 coepiscopum
724 1450 885 1516 nostrum
899 1442 944 1516 ad
962 1441 1100 1517 easdem
1117 1452 1234 1540 partes
1248 1441 1405 1539 dirigere
1418 1443 1635 1532 studuimus,

413 1563 455 1628 ut
467 1578 525 1630 eos
542 1553 587 1629 ad
604 1555 701 1628 viam
720 1553 848 1629 salutis
861 1555 1040 1646 informet,
1053 1566 1089 1631 et
1102 1556 1140 1629 in
1154 1555 1221 1631 fide
1235 1555 1410 1631 catholica
1423 1555 1547 1631 doceat
1560 1579 1636 1652 per-

414 1695 567 1746 manere.
581 1673 775 1746 Hortamur
788 1670 905 1767 igitur
917 1671 960 1745 ob
972 1695 1130 1746 amorem
1145 1669 1288 1745 Domini
1298 1669 1408 1745 nostri
1418 1669 1525 1745 Ihesu
1536 1670 1637 1746 Chri·

413 1783 459 1858 sti
474 1793 510 1858 et
523 1784 769 1883 Apostolorum
784 1785 862 1860 eius
880 1785 1129 1874 reverentiam,
1142 1795 1183 1858 ut
1196 1784 1228 1859 ei
1242 1785 1279 1858 iu
1293 1783 1459 1859 omnibus
1471 1784 1634 1860 solaciari

413 1897 553 1972 nisibus
570 1897 655 1973 totis
672 1897 839 1989 debeatis,
857 1923 1009 1997 eumque
1027 1899 1065 1972 in
1091 1898 1234 1974 nomine
1259 1897 1367 1973 Ihesu
1392 1897 1526 1973 Christi
1550 1897 1637 1973 roci·

414 2011 531 2112 piatis,
545 2010 640 2087 sieut
653 2011 728 2110 ipse
741 2012 784 2088 dc
797 2011 930 2088 talibus
943 2013 1004 2088 ait.
1018 2012 1088 2101 Qui
1103 2036 1165 2086 vos
1179 2011 1316 2110 recipit,
1329 2036 1385 2086 me
1404 2011 1540 2110 recipit.
1557 2015 1637 2084 Pro-

414 2125 577 2201 videntes
593 2125 626 2201 ei
644 2151 724 2225 quar
741 2127 941 2203 necessaria
959 2137 1055 2217 sunt,
1072 2136 1108 2202 et
1124 2125 1271 2203 comites
1289 2124 1441 2215 itineris,
1462 2123 1583 2200 cibum
1605 2149 1637 2199 c-

415 2239 501 2316 tiam
519 2265 561 2315 ac
579 2249 713 2338 potum,
729 2240 789 2315 vel
807 2241 837 2315 si
855 2264 924 2339 quo
941 2240 1150 2338 indiguerit,
1167 2248 1209 2314 ut
1225 2265 1308 2316 cum
1327 2261 1367 2314 eo
1385 2239 1530 2337 praemia
1543 2237 1637 2312 labo

415 2355 465 2429 ris
489 2353 567 2429 cius
592 2355 773 2454 percipere
800 2355 1020 2444 mereamini,
1045 2355 1158 2453 deque
1184 2352 1415 2429 conversione
1436 2353 1636 2428 errantium

416 2494 552 2545 merces
569 2469 669 2544 vobis
686 2469 895 2567 acquiratur
912 2469 950 2544 in
967 2469 1075 2545 caelis.
1094 2469 1132 2544 si
1150 2469 1230 2568 quis
1247 2468 1367 2566 itaque
1385 2467 1472 2542 huic
1488 2468 1533 2542 ad
1558 2467 1638 2541 illu·

416 2580 646 2657 minationem
665 2581 829 2678 geutium
843 2580 888 2656 ab
900 2581 967 2657 hac
981 2583 1172 2682 apostolica
1186 2592 1293 2680 atque
1312 2581 1487 2657 catholica
1506 2580 1570 2656 Dei
1585 2606 1639 2657 ec·

415 2695 525 2771 olesia
550 2695 725 2771 destinato
750 2695 926 2770 auxilium
952 2697 1153 2795 proeb'uerit,
1178 2696 1363 2770 orantibus
1390 2695 1636 2796 Apostolorum

416 2807 646 2907 Principibus
662 2809 839 2884 consortia
855 2820 1060 2885 sanctorum
1080 2810 1143 2886 Dei
1163 2835 1373 2885 mereamur.
1393 2809 1431 2882 Si
1449 2809 1531 2908 quis
1554 2834 1639 2884 vero

417 2923 509 3022 quod
526 2946 595 2997 non
612 2931 782 3023 putamus
795 2923 1016 2999 adversando
1029 2923 1107 2998 eius
1119 2921 1291 3021 impedire
1305 2931 1456 2997 conatus
1468 2922 1580 2998 suerit
1591 2922 1640 2994 la·

417 3038 547 3126 bovem,
563 3045 628 3110 aut
643 3038 845 3112 contrarius
862 3037 1021 3112 extiterit
1039 3037 1235 3113 ministerio
1252 3038 1480 3113 anathemate
1506 3037 1638 3134 percel-

418 3151 524 3238 latur,
541 3177 583 3227 ac
601 3162 780 3249 perpetum
796 3151 1014 3228 damnationi
1033 3150 1102 3225 nisi
1116 3151 1226 3248 digno
1239 3150 1433 3249 penituerit
1446 3149 1637 3226 subiaceat.

418 3268 497 3340 Dat.
514 3264 679 3340 kalendis
697 3264 901 3341 Decembris
919 3265 1112 3341 indictione
1129 3267 1199 3339 IIII
1216 3287 1309 3339 anno
1328 3263 1468 3338 Domini
1487 3263 1537 3338 ill.

972 3431 1091 3516 CXXI.

514 3607 689 3683 Iohannes
705 3608 890 3706 episcopus
909 3604 1137 3702 Angelbertae
1155 3604 1386 3702 imperatrici.
1400 3607 1498 3680 luter
1512 3613 1640 3680 cetera.

419 3723 476 3797 Ad
493 3722 559 3798 hoc
576 3747 700 3821 usqum
718 3722 851 3796 malum
877 3721 994 3797 crevit
1018 3728 1054 3794 et
1077 3718 1316 3794 incrassatum
1339 3726 1404 3807 est,
1422 3727 1463 3792 ut
1487 3717 1640 3792 factione

419 3835 640 3910 Ravennatis
654 3834 932 3932 Archiepiscopi,
943 3832 1131 3906 llaurinus
1143 3857 1227 3907 curn
1242 3831 1319 3904 suis
1332 3829 1567 3930 complicibus
1579 3830 1641 3928 qui

419 3950 717 4025 excommunicati
732 3959 768 4023 et
780 3948 1072 4022 anathematizati
1086 3972 1107 4018 a
1121 3945 1222 4020 nobis
1235 3945 1306 4018 iam
1322 3955 1418 4032 sunt,
1432 3948 1640 4020 Ravennam

420 4063 681 4159 ingrederetur,
698 4071 734 4137 et
750 4061 908 4136 fidelium
927 4071 1127 4135 nostrorum
1147 4084 1204 4134 res
1223 4085 1305 4135 cunr
1332 4059 1384 4134 eis
1406 4058 1573 4134 funditus
1590 4085 1642 4132 ra·

420 4185 521 4276 peret
537 4199 580 4250 ac
597 4176 808 4251 devastaret.
828 4174 968 4250 Adeout
987 4173 1109 4250 claves
1126 4173 1286 4248 civitatis
1302 4177 1482 4248 Ravrennae
1494 4199 1516 4246 a
1529 4182 1643 4248 vesta·

422 4290 530 4366 riario
546 4298 665 4364 nostro
683 4288 856 4364 violenter
876 4289 1112 4376 subtraheret,
1129 4298 1165 4362 et
1183 4311 1244 4386 pro
1262 4287 1362 4362 libito
1379 4309 1443 4360 suo
1460 4287 1641 4361 nescimus

421 4405 526 4480 cuius
538 4403 751 4479 auctoritate
765 4405 831 4502 ipsi
846 4403 1108 4502 archiepiscopo
1121 4401 1211 4500 quod
1226 4426 1409 4501 nunquam
1426 4401 1545 4476 lactus
1559 4401 1642 4476 fuis·

421 4527 476 4594 set
496 4517 662 4594 recolitur
680 4517 891 4618 potestative
909 4517 1128 4594 concederet.
