3646 5292
768 354 963 420 -197··

748 589 873 674 LVIII.
890 589 968 690 (sic)

345 823 542 920 Gregorius
559 819 795 900 Clementinae
811 819 987 895 Patriciae.
1009 823 1093 896 Post
1115 823 1246 920 aliqua.
1272 793 1471 900 Diabonum

250 960 335 1012 vero
349 937 580 1012 Anatbolium
594 960 700 1034 quem
713 934 758 1008 ad
771 957 834 1007 nos
847 933 956 1030 dirigi
971 934 1187 1032 poposcistis,
1203 935 1269 1011 boc
1282 961 1345 1011 nos
1357 937 1474 1014 facere

250 1073 320 1124 ncn
337 1073 448 1148 posse,
461 1075 570 1125 causa
589 1048 707 1144 magis
721 1048 876 1136 modum,
893 1071 1001 1144 quam
1020 1048 1151 1144 rigoris
1168 1051 1360 1126 austeritas
1376 1052 1474 1128 facit.

251 1163 522 1238 Vicedcminum
543 1163 640 1238 enim
660 1187 744 1237 eum
764 1159 1030 1250 constituimus,
1049 1161 1155 1236 cuius
1174 1161 1321 1238 arbitrio
1342 1164 1474 1262 episco-

249 1298 335 1373 pum
351 1275 595 1351 commisimus
612 1273 878 1372 disponendum.

343 1386 575 1483 Temporibus
584 1389 689 1482 Papae
703 1385 871 1481 Gregorii
884 1411 978 1462 anno
986 1388 1218 1464 ordinationis
1231 1389 1310 1465 eius
1319 1391 1474 1466 secundo

248 1498 429 1596 depositus
446 1509 501 1574 est
518 1500 733 1574 Laurentius
750 1499 812 1596 qui
831 1499 968 1596 primus
985 1501 1024 1575 in
1041 1500 1163 1577 ordine
1179 1502 1334 1578 diaconii
1351 1503 1470 1579 fuerat

170 1712 171 1715 Ἴ
250 1612 345 1687 sedis
363 1612 575 1710 Apostolicae
593 1622 734 1712 propter
751 1611 954 1710 superbiam
972 1623 1008 1688 et
1025 1614 1118 1687 mala
1136 1641 1201 1689 sua
1219 1639 1299 1714 quae
1322 1617 1473 1692 tacenda

249 1725 428 1798 duximus.
445 1727 492 1798 ut
508 1723 627 1799 factus
643 1735 698 1800 est
711 1724 995 1801 Archidiaconus
1009 1730 1212 1803 Honoratus
1229 1753 1349 1805 coram
1362 1729 1474 1804 omni·

248 1838 316 1912 bns
333 1839 564 1937 presbyteris,
585 1837 756 1928 diaconis,
780 1839 1019 1930 subdiaconis,
1040 1841 1259 1940 notariisque
1283 1850 1319 1917 et
1342 1851 1473 1919 cuncto

247 1951 342 2027 clerc
359 1952 396 2026 in
413 1951 562 2027 basilica
579 1975 697 2026 aurea.

781 2177 924 2262 LVIIH.

338 2395 536 2493 Gregorius
553 2395 719 2470 Ianuario
737 2393 944 2471 Galaritano
971 2396 1154 2495 Episcopo.
1180 2397 1369 2474 Liberatus
1393 2399 1424 2473 si
1448 2425 1471 2473 a

243 2511 424 2588 decessore
441 2521 503 2586 tuo
515 2535 585 2598 non
602 2520 657 2585 est
673 2509 791 2584 factus
808 2507 1002 2584 cardinalis
1018 2509 1201 2596 diaconus,
1214 2511 1387 2586 ordinetis
1399 2536 1420 2584 a
1433 2523 1470 2589 te

245 2625 453 2700 diaconibus
469 2648 540 2699 non
558 2623 661 2702 debet
677 2623 843 2722 praeponi,
859 2623 920 2697 sed
938 2621 1090 2696 ultimus
1106 2623 1201 2699 inter
1213 2623 1377 2700 diacones
1389 2647 1471 2700 con·

243 2737 357 2828 stitui,
371 2763 416 2814 ne
429 2762 487 2815 eos
500 2761 588 2836 quos
601 2735 839 2813 consecrando
852 2735 1017 2834 probasse
1030 2737 1268 2832 cognosceris,
1283 2737 1470 2836 reprobare

245 2853 472 2950 supponendo
489 2849 742 2950 quodammodo
758 2849 923 2924 videaris.
940 2850 1038 2925 Idem
1056 2849 1209 2946 Eulogio
1226 2851 1398 2951 Episcopo
1422 2857 1470 2926 A·

245 2967 462 3041 lexandrino.
472 2965 564 3042 Cum
579 2965 789 3064 praedicatcr
801 2963 974 3060 egregius
988 2963 1094 3053 dicat,
1107 2964 1277 3062 quamdiu
1289 2990 1370 3038 sum
1382 2987 1471 3061 gen·

242 3081 335 3155 tium
347 3081 536 3178 Apostolus
549 3079 790 3155 ministerium
806 3103 925 3153 meum
939 3076 1186 3166 honorificabo
1196 3077 1396 3174 exemplum
1409 3100 1469 3152 uo·

242 3191 297 3268 bis
314 3193 477 3282 ostendit,
499 3201 541 3266 ut
557 3203 593 3269 et
609 3191 851 3267 bumilitatem
870 3200 1057 3267 teneamus
1081 3191 1119 3264 in
1144 3200 1264 3266 mente
1287 3199 1324 3266 et
1347 3199 1468 3266 tamen

241 3307 374 3382 ordinis
391 3307 503 3382 nostri
522 3307 738 3404 dignitatem
756 3330 956 3394 servemus,
973 3305 1010 3376 in
1028 3304 1168 3393 honore,
1181 3302 1273 3378 utin
1287 3302 1388 3378 nobis
1400 3327 1467 3379 nec

240 3419 427 3495 humilitas
443 3420 569 3494 timida
587 3445 652 3496 nec
669 3419 801 3495 erectio
827 3421 875 3496 sit
901 3418 1064 3518 superba.
1088 3421 1136 3493 Et
1160 3417 1264 3491 inira.
1289 3420 1467 3492 Honorem

244 3557 349 3632 quem
364 3557 426 3632 pro
439 3534 663 3632 praedicanda
675 3533 827 3608 veritate
841 3533 1074 3630 suscepimus,
1084 3531 1113 3604 si
1127 3529 1321 3606 necessitas
1332 3529 1466 3626 exigat,

240 3649 408 3728 ,securius
425 3671 488 3746 pro
506 3649 628 3725 eadem
646 3647 799 3723 veritate
817 3647 1055 3746 relinquimus
1072 3667 1179 3743 qnam
1197 3651 1370 3718 tenemus.

817 3871 887 3956 LX.

335 4099 533 4197 Gregorius
551 4097 730 4175 universis
746 4097 930 4198 Episcopis
942 4121 1005 4195 per
1017 4095 1234 4172 Dalmatiam
1248 4094 1463 4172 constitutis.

239 4215 337 4288 Inter
354 4224 483 4290 cetera.
500 4217 626 4288 Frater
642 4212 764 4310 itaque
781 4223 899 4286 vester
912 4211 1055 4286 Natalis
1072 4210 1287 4285 Salonitanae
1303 4207 1464 4284 civitatis

240 4327 447 4426 Episcopus,
463 4326 548 4402 cum
562 4329 783 4401 Honoratum
801 4322 1091 4399 archidiaconum
1109 4323 1202 4399 sedis
1219 4347 1293 4397 suae
1309 4320 1354 4395 ad
1373 4320 1464 4394 ordi·
1524 4321 1548 4344 '⁹

244 4461 326 4514 nem
345 4440 614 4538 presbyteratus
631 4439 742 4516 vellet
759 4437 965 4537 provehere,
980 4464 1023 4514 ac
1039 4438 1205 4538 deinceps
1221 4436 1282 4513 ille
1298 4435 1342 4511 ad
1355 4433 1463 4511 subli-
