3582 5288
903 413 943 428 -
971 381 1099 444 136-

926 539 1078 625 oovlll.

483 741 702 819 Benedictus
725 743 778 815 III
794 741 938 815 natione
955 743 1136 815 Romanus
1153 741 1353 830 constituit,
1371 749 1412 816 ut
1429 765 1514 817 cum
1531 741 1613 840 Epi·

389 881 527 958 scopus,
540 853 744 953 Presbyter,
761 863 826 928 aut
843 853 1032 942 Diaconus,
1047 875 1185 928 necnon
1203 861 1239 928 et
1252 853 1382 952 reliqui
1402 854 1525 930 clerici
1542 880 1613 930 mo-

388 980 563 1058 rerentur,
581 967 746 1042 Pontifex
761 993 834 1041 una
852 992 937 1042 cum
954 967 1120 1042 omnibus
1133 968 1319 1067 Episcopis
1336 977 1373 1043 et
1385 968 1611 1066 Presbyteris

388 1093 496 1182 atque
513 1081 681 1156 Diaconis
706 1103 845 1156 necnon
863 1079 1011 1178 reliquis
1036 1081 1179 1157 clericis
1203 1081 1344 1156 adeius
1368 1082 1611 1182 sepeliendum

389 1221 519 1296 corpus
530 1205 566 1271 et
579 1193 894 1270 commendandam
912 1194 1071 1268 animam
1084 1195 1302 1270 conveniret.
1315 1194 1489 1270 Similiter
1502 1196 1610 1270 etiam

389 1311 458 1411 ipsi
475 1311 638 1386 facerent
653 1333 737 1384 cum
763 1309 929 1384 Pontifex
948 1307 993 1383 ab
1009 1307 1078 1382 hac
1103 1307 1184 1383 luce
1210 1308 1413 1404 migrasset.
1439 1308 1508 1383 Hic
1525 1307 1611 1382 dum

389 1433 484 1502 esset
499 1425 635 1500 electus
653 1422 807 1498 factione
820 1423 1078 1522 Episcopornm
1091 1421 1259 1497 Radoaldi
1274 1423 1480 1527 Portnensis
1493 1431 1529 1498 et
1545 1426 1612 1496 Ar·

390 1539 482 1614 senii
499 1537 687 1612 Hortensis
702 1545 824 1613 actum
843 1545 952 1611 estut
967 1561 989 1610 a
1002 1536 1135 1633 legatis
1148 1539 1406 1636 Imperatorum
1420 1535 1611 1611 Hludovici

390 1661 427 1726 ct
452 1649 610 1726 Lotharii
635 1648 846 1725 Cardinales
870 1659 1087 1746 cogerentur
1104 1649 1230 1724 multis
1246 1650 1391 1724 iniuriis
1415 1659 1452 1724 et
1467 1650 1613 1725 commi·

390 1763 596 1840 nationibus
612 1763 684 1838 imo
701 1772 737 1838 et
749 1762 952 1858 gladiorum
965 1787 1072 1861 super
1085 1787 1123 1837 se
1135 1762 1448 1859 evaginationibus
1462 1767 1612 1837 Anasta-

391 1880 485 1953 sium
504 1901 609 1976 quem
627 1878 697 1950 IlII
713 1879 782 1952 Leo
794 1877 1004 1976 deposuerat
1017 1875 1086 1950 sibi
1098 1899 1302 1974 promovere
1315 1875 1612 1950 Pontificem.Sed

391 1994 465 2067 Deo
481 1999 648 2090 operante
665 1991 717 2064 ita
734 1991 907 2089 patientia
923 2001 960 2067 et
976 1990 1216 2064 unanimitate
1232 1989 1290 2063 sui
1314 1989 1452 2064 eosdem
1469 2013 1613 2087 supera-

390 2112 523 2178 verunt
546 2101 642 2177 utin
663 2101 756 2178 facie
776 2103 983 2178 eorumdem
1009 2103 1231 2202 prephatum
1258 2103 1491 2179 Benedictum
1516 2103 1612 2204 apud

389 2215 535 2293 beatum
559 2219 707 2292 Petrum
734 2217 942 2292 Pontificem
975 2229 1237 2308 consecrarent,
1262 2227 1308 2306 ct,
1333 2241 1467 2314 magua
1492 2217 1611 2317 populi

389 2331 620 2406 commitante
637 2341 784 2407 caterva
795 2331 840 2405 ad
854 2333 1093 2408 Lateranense
1107 2331 1373 2408 Patriarchium
1386 2332 1610 2408 deducerent

920 2558 1089 2644 oovffll.

484 2773 682 2851 Nicholans
699 2777 839 2876 primus
855 2777 1014 2876 suscepit
1030 2780 1281 2854 Ravennatum
1298 2787 1335 2853 et
1347 2777 1488 2853 Emiliae
1500 2782 1611 2877 [nga-

390 2891 534 2980 tionem‚
551 2890 613 2989 qui
629 2915 651 2962 a
668 2889 825 2965 Iohanne
842 2889 1002 2966 ciusdem
1028 2892 1129 2968 urbis
1154 2891 1417 2992 archiepiscopo
1441 2892 1480 2968 in
1506 2894 1611 2970 rebus

390 3015 427 3082 et
443 3006 535 3080 iuris
550 3005 608 3079 sui
624 3005 898 3105 proprietatibus
915 3005 1137 3080 incommoda
1155 3004 1389 3094 sustinebant,
1406 3015 1448 3080 ut
1462 3031 1484 3080 a
1500 3007 1611 3082 tantis

389 3117 674 3220 oppressionibus
683 3128 906 3193 eruerentur.
916 3123 1074 3207 Quorum
1083 3121 1141 3221 pie
1150 3119 1323 3195 clamores
1331 3120 1480 3195 audiens
1493 3122 1610 3221 ipsum

390 3233 522 3330 legatis
539 3232 617 3306 suis
630 3239 666 3305 et
679 3232 795 3308 literis
807 3233 928 3332 sepius
942 3234 1258 3333 Archiepiscopum
1271 3244 1313 3309 ut
1325 3235 1457 3311 talibus
1470 3236 1611 3311 cederet

390 3347 539 3422 monuit.
564 3346 678 3422 Ouins
700 3356 874 3446 praecepta
899 3371 983 3422 cum
1005 3349 1200 3424 declinaret
1225 3359 1261 3425 et
1285 3349 1330 3424 ad
1353 3349 1518 3424 sinodum
1535 3349 1611 3424 suis

390 3485 473 3536 enm
497 3459 614 3536 literis
634 3460 788 3549 vocavit,
806 3469 843 3534 et
858 3461 1000 3536 veniret
1025 3471 1347 3560 contempnentem,
1363 3463 1610 3542 communione

390 3574 559 3676 privavit.
576 3573 672 3650 Idem
689 3597 774 3648 vero
791 3573 1089 3674 Archiepiscopus
1106 3577 1253 3674 Papiam
1275 3567 1440 3673 pergens,
1457 3579 1612 3676 Impera·

390 3689 478 3764 toris
495 3687 688 3764 Hludovici
704 3687 852 3762 auribus
870 3687 1070 3763 molestiam
1087 3689 1223 3779 intulit,
1247 3689 1494 3788 auxiliumque
1510 3714 1612 3763 mun·
1665 3765 1669 3772 ,

390 3802 523 3877 danum
537 3801 713 3899 quesivit,
726 3811 762 3877 et
774 3801 931 3899 acceptis
944 3801 989 3875 ab
1001 3805 1217 3901 Imperatore
1230 3802 1363 3900 legatis
1376 3806 1522 3878 Romam
1536 3827 1611 3902 per-

391 3917 501 3993 venit.
514 3917 680 3992 Pontifex
691 3925 825 4007 autern,
838 3919 923 4016 quia
936 3927 1061 3992 contra
1075 3939 1193 3992 sacros
1206 3938 1360 3991 canones
1372 3915 1612 3990 excommuni-

393 4041 472 4108 cato
484 4032 850 4122 communicaverant,
858 4031 996 4128 legatos
1005 4031 1162 4127 benigne
1171 4029 1367 4126 redarguit,
1375 4038 1412 4104 et
1423 4028 1537 4104 eidem
1547 4033 1612 4102 Ar·

391 4143 615 4244 chiepiscopo
627 4153 669 4218 ut
684 4144 729 4218 ad
745 4145 909 4220 sinodum
927 4147 1123 4220 Romanam
1140 4144 1392 4220 satisfacturus
1410 4150 1611 4242 properaret

391 4259 585 4334 mandavit.
595 4261 642 4332 Et
654 4258 759 4332 infra.
768 4259 839 4345 Qui
852 4283 936 4333 curn
949 4259 1074 4333 venire
1089 4257 1262 4332 noluisset
1273 4256 1503 4332 beatissimus
1515 4257 1611 4354 Papa

392 4375 601 4450 Ravennam
615 4374 784 4469 perrexit.
798 4373 913 4449 Cuius
930 4373 1126 4447 adventum
1144 4397 1228 4447 cum
1242 4369 1543 4470 Archiepiscopus
1559 4391 1612 4443 co

391 4489 588 4584 gnovisset‚
605 4487 736 4562 iterum
755 4486 902 4585 Papiam
919 4485 965 4561 ad
978 4489 1231 4586 Imperatorem
1245 4484 1343 4559 adiit.
1357 4485 1517 4560 Domnus
1529 4504 1612 4558 vero
