3618 5316
913 363 1109 432 -2'18-

399 491 485 566 dum
498 499 564 579 est,
577 496 614 564 ct
629 486 755 564 modus
770 486 1254 590 penitentimtemperandus.
1279 487 1319 562 Si
1343 488 1459 584 igitur
1483 485 1542 563 his
1556 484 1628 586 qui

403 599 563 700 praedicti
581 599 752 698 Stephani
769 599 889 677 locum
907 600 1043 676 invasit
1059 601 1209 678 fortasse
1225 601 1417 678 defunctus
1434 611 1500 690 est,
1511 610 1629 700 atque

399 713 494 788 alius
511 713 551 786 in
567 711 719 790 ecclesia
735 712 814 788 eius
831 713 1016 811 episcopus
1033 715 1335 806 ordinatus,'illud
1348 715 1391 791 de
1404 738 1445 790 eo
1463 723 1630 790 statuen-

398 827 485 902 dum
498 835 563 914 est,
575 825 667 924 quod
683 825 848 924 superius
860 826 903 902 de
919 852 1029 904 causa
1042 829 1165 904 fratris
1178 838 1214 905 et
1226 828 1421 928 coepiscopi
1439 827 1552 903 nostri
1567 831 1628 901 la·

399 938 518 1014 nuarii
534 937 700 1012 diximus,
717 938 817 1025 Quod
833 938 923 1014 forte
939 939 1059 1038 aliqua
1076 942 1118 1016 de
1135 941 1283 1017 obiectis
1303 949 1426 1015 contra
1452 962 1631 1015 memora-

400 1062 480 1127 tum
497 1049 720 1150 Stephanum
739 1050 942 1150 episcopum
961 1053 1106 1150 probata
1131 1062 1227 1142 sunt,
1251 1051 1373 1151 aliqua
1398 1074 1483 1127 vcro
1504 1051 1630 1127 doceri

401 1165 551 1240 minime
568 1173 771 1264 potuerunt,
796 1175 904 1240 cauta
928 1166 1070 1240 omnino
1094 1165 1375 1241 consideratione
1400 1164 1629 1262 pensandum

400 1289 465 1368 est,
479 1288 600 1353 utrum
614 1277 748 1353 leviora
765 1279 934 1377 capitula,
946 1289 1010 1354 aut
1022 1297 1118 1356 certe
1132 1279 1300 1376 graviora
1312 1279 1459 1377 probata
1471 1286 1568 1368 suut,
1580 1285 1631 1351 ut

402 1417 448 1468 ex
464 1392 516 1468 eis
533 1391 686 1490 qualiter
702 1391 945 1469 definitionem
961 1404 1059 1468 tuam
1079 1394 1232 1468 formare
1248 1393 1376 1468 debeas
1393 1390 1506 1489 possis
1522 1390 1631 1466 scire.

403 1504 587 1580 Gloriosus
604 1527 688 1580 vero
707 1505 966 1596 Commitiolus,
984 1507 1013 1581 si
1031 1507 1299 1604 suprascriptus
1315 1506 1514 1604 Episcopus
1525 1504 1630 1576 iuno·

401 1641 486 1693 cens
499 1641 576 1691 esse
588 1615 771 1706 claruerit,
788 1617 959 1716 quicquid
971 1619 1013 1695 de
1032 1620 1137 1696 rebus
1150 1620 1238 1710 eius,
1251 1620 1310 1696 vel
1328 1619 1499 1695 aecclesiae
1512 1617 1631 1716 ipsius

403 1729 501 1820 tulit,
517 1729 550 1804 ei
568 1729 646 1805 sine
662 1729 784 1828 aliqua
800 1730 970 1807 dilatione
987 1733 1163 1809 restituat.
1181 1734 1250 1809 Sed
1274 1743 1311 1809 et
1327 1757 1563 1831 quaecumque
1586 1757 1631 1807 se

403 1843 443 1918 in
460 1843 742 1941 persecutionem
761 1868 805 1918 ac
822 1843 1027 1920 violentiam
1047 1846 1126 1922 eius
1141 1846 1361 1946 expendisse,
1377 1845 1437 1920 vel
1454 1846 1630 1918 damnum

402 1957 497 2032 idern
511 1956 695 2056 episcopus
710 1982 747 2032 se
760 1958 950 2058 pertulisse
963 1959 1168 2048 asseruerit,
1181 1961 1267 2035 item
1281 1967 1498 2035 memoratus
1511 1957 1632 2032 Comi·

402 2069 512 2146 tiolus
524 2069 658 2160 reddat,
669 2095 713 2146 ac
726 2071 934 2147 satisfaciat.
944 2072 982 2147 si
992 2083 1111 2150 autem
1126 2073 1234 2148 talem
1248 2071 1392 2169 culpam
1405 2070 1629 2146 antedictum

403 2185 608 2283 episcopum
627 2186 719 2283 quod
736 2185 830 2260 absit
854 2189 1073 2263 commisisse
1098 2187 1309 2277 constiterit,
1326 2194 1368 2261 ut
1385 2193 1524 2260 constet
1544 2208 1629 2258 eum

407 2323 478 2374 non
496 2297 795 2374 inrationabiliter
811 2325 887 2375 esse
904 2300 1113 2399 depositum,
1129 2299 1252 2375 eadem
1269 2298 1348 2376 eius
1364 2297 1534 2396 depositio
1546 2321 1631 2371 con-

405 2413 580 2500 firmetur,
596 2419 633 2486 et
649 2433 772 2488 omnes
789 2437 846 2488 res
858 2439 933 2488 suaa
945 2413 1106 2489 ecclesiae
1122 2439 1202 2512 quae
1218 2412 1345 2488 ablatae
1361 2411 1559 2487 claruerint
1575 2433 1630 2484 re-

403 2526 613 2613 stituantur,
630 2545 670 2598 eo
686 2525 779 2622 quod
791 2525 961 2601 delictum
975 2551 1122 2627 persona
1135 2529 1172 2601 iu
1186 2528 1357 2602 damnum
1371 2524 1543 2601 aecclesias
1556 2546 1628 2598 non

405 2649 461 2717 est
475 2637 767 2714 convertendum.
785 2639 822 2712 Si
841 2649 962 2716 autem
981 2641 1114 2717 dicitur
1130 2642 1222 2740 quod
1240 2639 1489 2717 Commitiolus
1505 2637 1629 2713 defun-

405 2763 488 2831 ctus
501 2762 565 2842 est,
578 2753 623 2826 ab
635 2751 763 2828 herede
779 2753 858 2828 eius
875 2777 943 2852 que
960 2755 1005 2829 ab
1021 2753 1083 2832 illo
1098 2755 1232 2831 iniuste
1249 2755 1344 2830 tulta
1360 2763 1457 2843 suut,
1473 2753 1550 2827 sine
1567 2775 1625 2827 ex·

409 2865 593 2943 cusatioue
609 2865 812 2942 reddantur.
829 2869 882 2943 De
898 2892 1047 2966 persona
1064 2869 1265 2969 presbyteri
1280 2869 1348 2946 hoc
1372 2867 1627 2944 attendendum

404 2990 470 3070 est,
483 2980 567 3078 quia
580 2978 612 3053 si
626 3003 732 3078 quam
746 2979 872 3057 habuit
884 3005 954 3057 non
967 2982 1012 3056 ab
1024 2983 1094 3058 alio
1106 2984 1231 3073 teneri,
1243 2985 1304 3059 sed
1317 2983 1504 3081 episcopus
1515 2979 1628 3078 ipsius

405 3092 521 3168 adbiri
535 3091 669 3180 debuit,
681 3091 776 3167 sicut
784 3091 851 3169 hoc
860 3093 1084 3170 novellarum
1097 3097 1305 3172 constitutio
1318 3095 1536 3183 manifestat,
1548 3117 1627 3191 quoe

407 3207 458 3281 ita
475 3203 643 3302 loquitur.
660 3205 711 3279 De
729 3207 965 3282 sanctissimis
983 3218 1019 3282 et
1036 3210 1108 3284 Deo
1124 3208 1337 3284 amabilibus
1353 3233 1396 3282 ac
1418 3205 1629 3282 reverentis·

407 3317 511 3395 simis
520 3317 715 3415 Episcopis,
724 3327 760 3394 et
770 3319 930 3410 Clericis,
943 3332 978 3397 et
991 3323 1187 3398 Monachis.
1200 3326 1394 3421 Imperator
1405 3319 1628 3395 lastinianus

408 3439 603 3532 perpetuus
616 3434 1629 3535 Augustus,Petrogloriosissimopraeiectopraetorii,cap.

406 3548 498 3621 LlII.
511 3543 549 3620 Si
563 3543 645 3643 quis
658 3553 782 3619 contra
795 3545 953 3643 aliquem
966 3548 1151 3640 clericum,
1164 3561 1229 3624 aut
1241 3549 1468 3638 monachum,
1481 3547 1629 3622 autdia·

408 3657 596 3748 comissam,
608 3666 672 3732 aut
686 3658 911 3749 monasteria,
924 3672 988 3736 aut
1000 3661 1196 3760 ascytriam
1210 3661 1346 3751 babuit,
1355 3661 1513 3760 aliquam
1523 3660 1630 3735 actio

408 3797 491 3848 nem
509 3771 632 3846 doceat
650 3770 749 3868 prius
767 3772 1035 3848 sanctissimum
1054 3776 1258 3873 episcopum
1285 3777 1344 3850 cui
1369 3775 1496 3849 horum
1522 3799 1630 3848 unus·

408 3885 559 3984 quisque
576 3883 747 3960 subiacet.
764 3884 830 3960 Ille
847 3910 934 3961 varo
951 3913 1097 3962 causam
1119 3890 1215 3965 inter
1240 3913 1299 3964 eos
1322 3888 1489 3964 diudicct.
1514 3891 1560 3962 Et
1584 3887 1629 3960 si-

408 3996 551 4096 quidem
569 4008 722 4096 utraque
740 4021 821 4094 pars
838 3997 894 4072 his
911 4022 990 4096 quae
1007 4000 1165 4078 iudicata
1184 4012 1269 4078 sunt
1285 4002 1517 4101 acquieverit,
1534 4001 1630 4076 iube-

409 4137 492 4184 mus
509 4135 571 4208 per
588 4109 657 4185 loci
674 4110 829 4186 iudicem
847 4113 1046 4187 executioni
1073 4116 1227 4214 perfecte
1251 4117 1420 4192 contradi.
1438 4119 1485 4190 Et
1501 4126 1628 4192 cetera.

409 4225 564 4300 Novaro
581 4224 756 4300 obiciatur
768 4226 861 4324 quod
873 4225 940 4300 hec
955 4226 998 4301 de
1015 4229 1111 4304 clero
1128 4229 1297 4328 loquitur,
1309 4253 1379 4303 non
1393 4229 1436 4303 dc
1448 4229 1630 4327 presbytc-

409 4363 459 4431 ro,
475 4340 659 4416 sciendum
675 4341 833 4439 estquod
851 4343 1015 4439 superius
1032 4345 1069 4418 in
1088 4344 1209 4420 eadem
1227 4343 1479 4421 constitutione
1496 4346 1542 4418 LI
1554 4367 1628 4441 cap.

408 4453 553 4554 legitur.
573 4453 817 4558 Appellatione
834 4454 1046 4532 clericorum
1066 4455 1173 4534 otiam
1193 4455 1424 4559 Presbyteros
1444 4465 1481 4532 et
1507 4455 1629 4533 Diaco
