3642 5294
925 461 964 477 ..
990 427 1033 492 55

398 561 492 625 recte
510 549 704 638 credentes,
723 550 780 625 vel
803 560 1009 626 sanctorum
1036 561 1178 649 patrum
1204 550 1421 624 iussionibus
1445 551 1622 650 obtempe-

397 675 518 740 rantes
535 664 777 762 permittimus
795 663 879 763 quia
897 665 992 738 inter
1010 663 1131 740 fideles
1144 674 1181 739 et
1194 662 1354 738 infideles
1368 687 1500 760 magna
1517 663 1621 739 debet

401 803 478 852 esse
504 777 681 853 discretio

983 1008 1071 1136 rvr.

496 1233 623 1328 lginus
639 1234 677 1306 in
696 1233 830 1308 Christi
851 1233 994 1308 nomine
1011 1235 1116 1308 alruae
1142 1235 1249 1310 Urbis
1275 1239 1393 1310 Romae
1420 1235 1623 1334 Episcopus.

401 1347 508 1421 Salvo
525 1347 565 1420 in
579 1346 744 1421 omnibus
762 1351 928 1421 Romanae
947 1349 1118 1424 Ecclesiae
1136 1349 1339 1446 privilegio,
1357 1349 1480 1423 nullus
1500 1361 1624 1424 metro·

401 1460 580 1558 politanus
589 1460 721 1558 absque
731 1471 940 1536 caeterorum
955 1463 1114 1536 omnium
1128 1463 1485 1562 comprovincialium
1495 1463 1625 1561 episco

401 1599 527 1674 porum
545 1575 719 1650 instantia
736 1576 939 1674 aliquorum
965 1576 1089 1650 audiat
1111 1603 1250 1666 causas,
1277 1578 1362 1675 quia
1388 1577 1498 1652 irritae
1518 1589 1625 1652 eruut

400 1688 506 1764 aliter
522 1699 611 1765 actae
628 1714 736 1788 quam
755 1691 792 1762 in
818 1699 1011 1787 conspectu
1037 1715 1158 1766 eorum
1184 1693 1343 1767 omnium
1371 1692 1552 1767 ventilata.
1578 1696 1624 1766 Et

402 1804 478 1902 ipse
494 1804 525 1879 si
543 1804 668 1880 fecerit
685 1795 891 1880 coerceatur
908 1828 929 1876 a
947 1793 1128 1879 fratribus.

957 2035 1064 2119 LVII.

498 2259 729 2334 Eleutherius
748 2261 952 2357 Episcopus.
972 2261 1065 2347 Quia
1091 2284 1213 2334 omnes
1240 2261 1460 2336 Clericorum
1480 2286 1624 2335 accusa-

402 2372 517 2447 tiones
536 2372 680 2448 difficile
697 2383 751 2448 est
767 2373 946 2448 adsedem
967 2373 1207 2471 apostolicam
1221 2374 1362 2462 deferri,
1376 2375 1527 2448 finitima
1547 2373 1625 2470 Epi-

402 2509 588 2584 scoporum
606 2497 748 2562 tantum
765 2489 900 2564 iudicia
917 2488 989 2562 huc
1007 2489 1228 2575 deferantur,
1246 2498 1281 2562 et
1298 2487 1408 2562 huius
1426 2497 1558 2562 sanctae
1575 2512 1626 2560 sc·

340 2633 343 2640 ·
402 2600 457 2674 dis
474 2601 687 2676 auctoritate
705 2601 890 2692 finiantur,
907 2601 1003 2677 sicut
1020 2599 1065 2673 ab
1084 2599 1260 2696 Apostolis
1278 2623 1470 2697 eorumque
1487 2623 1624 2672 succes

404 2712 542 2788 sonibus
560 2714 755 2788 multorum
774 2739 949 2790 consensu
968 2711 1221 2811 Episcoporum
1247 2711 1318 2784 iam
1344 2711 1537 2784 diffinitum
1563 2719 1625 2784 est.

403 2830 479 2902 Nec
496 2826 534 2899 in
559 2851 682 2901 eorum
700 2829 863 2904 ecclesiis
887 2827 949 2901 alii
975 2836 1040 2901 aut
1065 2833 1305 2922 proponantur
1330 2835 1394 2914 aut
1418 2824 1625 2899 ordinentur

401 2937 1625 3039 antequamhiceorumiusteterminenturnegotiaQuoniamqnam-

399 3054 460 3128 vis
476 3054 583 3129 liceat
599 3057 694 3152 apud
711 3056 949 3154 provinciales
966 3065 1001 3130 et
1019 3051 1306 3148 metropolitanos
1323 3061 1430 3148 atque
1453 3051 1624 3148 primates

404 3191 525 3243 eorum
544 3169 718 3244 ventilare
735 3171 980 3245 accusationes
999 3164 1056 3240 v'el
1073 3161 1341 3239 criminationes
1361 3174 1568 3239 nontamen
1587 3161 1626 3234 li·

403 3291 461 3356 cot
477 3281 624 3356 definire
640 3305 743 3356 secus
761 3306 868 3380 quam
886 3280 1095 3380 praedictum
1113 3289 1176 3354 est.

922 3449 926 3456 ¹
953 3508 1078 3594 nvru

503 3733 627 3809 Victor
645 3737 811 3809 Romanae
827 3760 870 3810 ac
888 3734 1104 3808 universalis
1122 3735 1292 3811 Ecclesiae
1315 3734 1625 3832 Archiepiscopua

406 3847 612 3946 Theophylo
623 3849 863 3924 Alexandrino
872 3847 1100 3923 Patriarchoe.
1114 3849 1165 3920 Ea
1178 3871 1241 3922 vos
1254 3847 1412 3922 iudicare
1424 3846 1470 3920 ad
1483 3851 1629 3944 Aposto-

407 3961 511 4036 licam
531 3963 689 4036 delatum
707 3972 762 4038 est
779 3964 896 4038 sedem
915 3962 1007 4061 quod
1021 3972 1162 4056 proptor
1175 3969 1333 4034 nostram
1347 3959 1446 4034 vobis
1459 3982 1528 4033 non
1543 3958 1628 4032 licet

407 4073 561 4149 diffinire
578 4075 839 4164 auctoritatem,
853 4076 944 4150 idest
958 4075 1210 4172 Episcoporum
1227 4099 1365 4163 causas,
1379 4073 1472 4148 unde
1485 4073 1629 4148 ita'con-

407 4186 575 4261 stitntum
592 4187 707 4286 liquet
723 4198 914 4286 atempore
929 4187 1178 4286 Apostolorum
1192 4199 1227 4266 et
1240 4187 1418 4286 deinceps.
1431 4187 1577 4262 Placuit
1587 4195 1629 4260 ut

406 4307 598 4374 accusatus
615 4300 674 4374 vel
692 4300 873 4376 iudicatus
891 4327 912 4374 a
929 4301 1288 4398 comprovincialibus
1313 4302 1351 4374 in
1376 4302 1498 4399 aliqua
1518 4325 1628 4376 causa

407 4414 614 4511 Episcopus,
631 4414 784 4490 licenter
801 4415 954 4513 appellet
971 4423 1007 4490 et
1023 4414 1128 4488 adeat
1143 4414 1345 4512 apostolica
1369 4414 1463 4489 sedis
1484 4413 1629 4486 Pontifi-

407 4550 497 4610 cem,
513 4525 575 4624 qui
592 4535 657 4601 aut
674 4552 735 4625 per
752 4552 790 4602 sa
808 4537 871 4600 aut
885 4552 946 4625 per
959 4529 1113 4603 vicarios
1125 4553 1208 4603 suos
1221 4530 1299 4604 eius
1314 4537 1507 4604 retractare
1522 4550 1628 4622 nego·
