3638 5294
729 419 777 439 ·-
799 385 868 451 '473
886 423 936 436 ..-

224 517 400 610 -perpetue
416 520 572 588 teneant.
589 511 695 586 Idem.
714 509 940 607 Quicumque
957 509 1081 584 literas
1103 483 1237 583 babens
1252 466 1338 584 'sire
1361 509 1448 609 peti-

230 638 285 700 tor
299 625 409 700 fuerit
422 625 480 700 vel
494 625 598 700 initio
610 625 696 712 litis,
706 624 765 699 rel
777 622 939 698 decursis
951 631 1149 718 temporum
1163 621 1357 697 curriculis
1369 623 1445 696 sive

229 763 312 813 cum
329 739 515 834 negotium
532 747 728 838 peroratur,
741 737 817 812 sive
834 761 917 810 eum
936 735 1007 808 iarn
1026 733 1160 831 ceperit
1177 735 1288 830 promi
1307 745 1447 810 senten·

228 852 290 942 tia,
303 849 523 926 si'iudicium
541 851 694 948 elegerit
707 858 941 926 sacrosanctae
955 847 1047 948 legis
1060 847 1243 936 antistitis,
1260 847 1357 924 illico
1369 849 1446 924 sine

227 966 349 1064 aliqua
366 965 587 1041 dubitatione
604 965 713 1040 etiam
730 965 761 1038 si
774 963 845 1036 alia
860 985 942 1059 pars
956 961 1196 1056 refrangatur,
1208 961 1252 1034 ad
1263 961 1447 1060 Episcopo·

230 1105 311 1154 rnrn
325 1078 501 1172 iudicium
514 1103 598 1153 cum
613 1099 773 1152 sermone
786 1074 1011 1171 litigantium
1024 1074 1212 1170 dirigatur.
1222 1073 1338 1147 Multa
1351 1075 1446 1148 enim

219 1184 1447 1291 ,quaeiniudiciocopiosaeproscriptionisvinculaprominonpat-iun·

227 1306 299 1394 tur,
312 1305 512 1400 investigat
528 1313 565 1378 et
577 1304 708 1401 promit
724 1307 959 1380 sacrosanctae
977 1298 1165 1394 religionis
1181 1299 1385 1374 auotoritas.
1403 1299 1447 1373 O·

229 1441 330 1492 mnes
343 1416 463 1515 itaque
476 1441 584 1492 cause
597 1441 677 1515 quae
689 1415 851 1514 praetorio
864 1415 944 1489 iure
957 1412 1016 1487 vel
1029 1412 1130 1488 civili
1143 1421 1356 1502 tractantur,
1365 1412 1448 1510 Epi·

227 1550 412 1626 scaporum
423 1528 611 1604 sententiis
621 1525 1227 1626 terminatae,perpetuostebilitatis
1240 1525 1318 1600 iure
1331 1524 1447 1600 firme-

228 1651 298 1716 tur.
308 1644 386 1716 Nee
401 1641 508 1716 liceat
520 1641 673 1716 ulterius
686 1649 837 1715 retracta
843 1665 880 1714 re
893 1639 1079 1734 negotium
1093 1639 1184 1736 qnod
1194 1639 1446 1736 Episcoporum

229 1755 405 1828 sententia
422 1752 601 1828 deciderit.
618 1751 876 1826 Testimonium
895 1753 1003 1827 etiam
1025 1752 1069 1825 ab
1086 1774 1158 1825 uno
1175 1751 1346 1850 Episcopo
1363 1751 1448 1826 lieet

140 1881 145 1962 j
218 1867 423 1966 peribitum
440 1889 563 1941 omnes
580 1864 716 1940 iudices
733 1864 977 1947 indubitanter
991 1865 1264 1962 accipiantNee
1277 1865 1370 1938 alius
1387 1890 1449 1938 au·

232 1981 364 2068 diatur,
380 2005 462 2055 cum
489 1979 731 2053 testimonium
750 1979 915 2077 Episcopi
932 2004 954 2051 a
975 1976 1134 2076 qnalibet
1153 1987 1252 2076 parte
1269 1977 1379 2052 luerit
1396 2002 1449 2052 re·

229 2094 456 2192 promissum.
472 2091 567 2166 Illud
592 2091 687 2166 enim
705 2101 759 2166 est
779 2093 944 2167 veritatis
961 2090 1174 2167 auctoritate
1198 2091 1392 2178 firmatum,
1409 2089 1450 2162 il·

228 2207 291 2282 lud
310 2207 568 2304 incorruptum,
582 2205 673 2302 quod
686 2231 708 2277 a
721 2215 945 2310 saprosancto
958 2203 1098 2278 homine
1117 2203 1333 2278 conscientia
1351 2226 1450 2276 men·

227 2319 277 2394 tis
293 2319 441 2394 illibatae
458 2317 655 2416 pertulerit,
668 2317 734 2394 hoc
751 2342 814 2393 nos
830 2317 946 2392 edicto
962 2315 1097 2392 salubri
1112 2317 1307 2406 firmamus,
1319 2325 1357 2390 et
1369 2339 1446 2413 per-

226 2444 334 2530 petua
352 2431 433 2528 lege
450 2430 643 2506 tenendum
662 2455 858 2506 censemur.

719 2661 720 2664 ‘
802 2629 866 2715 ol.

453 2835 502 2886 Ex
521 2833 632 2887 codice
652 2833 821 2886 Iustiniani
838 2831 1045 2899 tmperatorrs
1063 2835 1164 2887 conat.
1184 2836 1224 2886 11.

322 3008 530 3080 Inrnsrroe
554 3007 624 3078 Leo
649 3008 842 3100 Angustus
859 3003 1016 3080 Erithrio
1037 3007 1105 3079 ΡΡ.
1131 3007 1264 3080 Omnes
1288 3004 1350 3104 qni
1375 3004 1452 3080 ubi·

226 3143 295 3218 que
314 3127 409 3208 sunt,
427 3119 486 3193 vel
502 3117 649 3218 posthae
665 3119 802 3193 fuerint
817 3117 1004 3193 orthodoxe
1022 3117 1102 3193 fidei
1115 3118 1315 3196 sacerdotes
1331 3128 1366 3193 et
1382 3117 1452 3194 cle·

228 3231 306 3322 rici,
322 3231 486 3308 cuiusvis
503 3232 638 3328 gradus
662 3232 736 3307 sint
761 3231 997 3330 monachique
1015 3232 1052 3306 in
1074 3231 1194 3306 causis
1218 3231 1387 3308 civilibus
1408 3255 1452 3306 ex

229 3345 368 3421 nullius
395 3346 549 3444 paenitus
574 3345 717 3421 maioris
735 3345 927 3421 minorisve
944 3345 1123 3423 sententia
1138 3345 1268 3422 iudicis
1280 3346 1325 3419 ad
1338 3354 1452 3421 extra·

228 3485 296 3536 nea
313 3460 448 3535 indicia
465 3459 731 3560 pertrahantur,
748 3469 813 3534 aut
828 3459 1025 3558 provincia,
1042 3459 1101 3534 vel
1118 3459 1193 3534 loeo
1216 3468 1281 3533 aut
1305 3459 1451 3554 regione

229 3567 337 3673 quam
356 3573 519 3647 habitant
536 3571 632 3646 exire
650 3581 837 3666 cogantur.
854 3576 901 3647 Et
916 3572 1020 3648 infra.
1038 3576 1215 3671 Praeterea
1239 3571 1353 3646 nullis
1375 3595 1452 3647 exe·

228 3696 332 3762 enter
349 3710 481 3762 vexare
500 3685 726 3760 contumeliis
743 3684 891 3762 clericos
916 3685 1019 3776 ullos,
1043 3684 1154 3760 nullis
1178 3684 1452 3783 impulsionibus

227 3796 423 3890 molestare,
440 3799 552 3873 nullis
568 3798 756 3896 exprobare
770 3799 954 3890 conviciis,
971 3809 1035 3874 aut
1047 3799 1287 3896 corporalibus
1304 3797 1448 3872 iniuriis

229 3913 384 4009 fatigare
409 3920 567 3987 conetur.
585 3912 632 3984 Hi
654 3909 716 4008 qui
741 3909 942 3988 huiusmodi
967 3909 1103 4010 aliquid
1122 3911 1289 4008 aggressi
1307 3911 1452 4002 fuerint,

227 4036 306 4125 post
317 4026 545 4100 amissionem
558 4023 698 4120 cinguli
708 4033 744 4098 et
753 4025 970 4122 patrimonii,
979 4023 1107 4098 ultima
1121 4025 1283 4121 protinus
1296 4025 1453 4120 animad-

230 4140 391 4216 versione
422 4138 608 4238 plectendi.
635 4137 843 4234 Privilegiis
877 4163 962 4212 sane
987 4136 1143 4234 singulis
1168 4137 1452 4235 quibuscumque

228 4253 465 4330 sacrosanctis
487 4251 656 4328 aecclesiis
674 4250 861 4326 orthodoxe
878 4251 958 4326 fidei
977 4261 1013 4326 et
1030 4250 1269 4340 xenodochiis,
1286 4252 1364 4326 sive
1381 4247 1467 4348 pto-'

227 4369 319 4444 chiis
336 4377 410 4442 tam
428 4366 647 4462 generaliter
661 4390 766 4464 quam
781 4364 983 4462 specialiter
1000 4363 1185 4439 attributis
1198 4373 1365 4462 perpetuo
1379 4387 1456 4460 per-

228 4479 447 4571 reverendis,
461 4477 584 4590 nullus
595 4503 656 4556 eas
668 4501 863 4582 earumque
876 4477 1087 4570 sacerdotes,
1099 4485 1163 4552 aut
1174 4476 1323 4554 clericos
1336 4476 1454 4554 ouius·
