3646 5292
899 429 939 445 .-
964 333 1030 463 tto
1056 429 1096 446 .-

962 569 1038 654 XX.

658 727 695 778 in
712 728 846 781 concilio
865 728 1089 796 cartaginensi
1106 743 1179 800 cap.
1198 735 1341 788 xnvnr.

483 867 533 939 Ut
550 862 796 961 unusquisque
814 864 1002 964 presbyter
1020 891 1079 942 res
1096 890 1186 965 quas
1210 879 1288 966 post
1312 869 1407 946 diem
1429 894 1610 947 consecra-

388 975 496 1052 tionis
513 976 759 1075 acquisiverit,
776 979 926 1077 propriae
943 979 1112 1057 aecolosiae
1130 981 1319 1082 relinquat.

949 1172 1043 1257 XXI.

799 1377 836 1428 in
854 1373 1004 1430 Africano
1024 1391 1096 1445 cap.
1116 1379 1185 1432 XV.

484 1539 534 1612 Ut
550 1536 746 1637 Episcopus
772 1536 877 1613 rebus
902 1537 1062 1615 ecclesius
1086 1549 1257 1639 tanquam
1279 1542 1521 1632 commodatis,
1537 1566 1607 1617 non

384 1659 568 1749 tamquam
587 1650 738 1749 propriis
755 1659 890 1726 utatur.
901 1652 1009 1727 Irrita
1022 1678 1106 1730 vcro
1119 1657 1187 1730 erit
1202 1656 1367 1757 Episcopi
1384 1657 1442 1731 vel
1456 1656 1607 1747 donatio,

385 1763 444 1840 vel
458 1765 626 1856 venditio,
639 1764 697 1840 vel
711 1765 940 1841 commutatio
955 1766 1006 1842 rei
1021 1767 1192 1844 aecelesiae
1208 1769 1341 1868 absque
1358 1764 1606 1845 conuenientia

382 1877 442 1952 vol
459 1877 718 1977 subscriptione
736 1877 960 1954 clericorum.

953 2029 1064 2113 XXII.

661 2205 698 2257 In
716 2204 916 2258 Antiocheno
936 2205 1078 2259 Concilio
1098 2206 1325 2272 eap.xx1111.

478 2338 629 2416 Probata
642 2350 808 2418 autemst
816 2349 915 2417 certa
924 2341 1052 2417 debent
1060 2365 1136 2418 esse
1146 2365 1225 2440 quae
1233 2349 1319 2416 sunt
1327 2339 1508 2432 ecclesio,
1516 2365 1598 2417 oum

380 2454 506 2531 notitia
516 2455 819 2555 presbyterorum,
830 2455 1113 2546 etdiaconorum,
1123 2466 1159 2532 et
1171 2455 1291 2530 omnio
1303 2455 1472 2546 eossoire,
1485 2464 1520 2532 et
1529 2478 1599 2530 non

379 2569 557 2666 ignorare,
570 2593 649 2668 quae
662 2579 748 2645 sunt
760 2570 901 2668 propria
914 2571 1141 2662 sociassent
1154 2569 1246 2644 nihil
1260 2593 1317 2646 eos
1330 2569 1448 2646 lateat.
1461 2572 1601 2647 Utcum

379 2683 518 2758 venerit
534 2683 738 2784 episcopum
756 2683 856 2760 exire
872 2684 917 2758 da
934 2685 1074 2775 saecule,
1091 2684 1246 2760 scientes
1263 2709 1305 2760 ea
1322 2708 1402 2782 quae
1426 2693 1513 2759 sunt
1536 2707 1601 2758 aec·

383 2796 511 2887 olesiae,
528 2821 590 2895 per
608 2797 875 2894 neglegentiam
895 2798 1012 2896 perire
1030 2798 1178 2874 minime
1195 2797 1389 2897 patiantur.

928 2999 1058 3084 XXIII.

798 3205 836 3257 In
854 3203 971 3259 eodem
989 3215 1062 3270 cap.
1081 3205 1181 3256 XXV.

475 3368 680 3444 Secundum
695 3365 903 3466 Apostolum
918 3367 1106 3456 dicentem,
1119 3365 1289 3442 habentes
1304 3365 1441 3443 victum
1452 3373 1488 3442 ot
1497 3375 1600 3463 tegu-

377 3491 540 3558 mentum
553 3482 609 3558 his
622 3483 779 3559 contenti
793 3507 928 3556 sumus.
942 3482 980 3554 Si
994 3489 1115 3555 autem
1129 3481 1300 3578 Episcopo
1313 3479 1351 3553 in
1368 3479 1427 3554 his
1439 3503 1510 3556 non
1523 3479 1597 3554 suf-

377 3595 463 3687 ficit,
480 3605 515 3672 et
532 3605 718 3672 convertat
735 3620 792 3671 res
809 3594 979 3670 aeoolesiae
992 3595 1030 3668 in
1042 3618 1125 3670 suos
1138 3594 1346 3670 domesticos
1360 3620 1459 3686 usus,
1471 3595 1597 3671 eteius

375 3711 569 3800 commoda,
586 3719 622 3785 et
639 3708 899 3807 possessionum
917 3708 1043 3804 fruges
1056 3731 1127 3783 non
1140 3733 1223 3784 oum
1238 3708 1364 3784 notitia
1377 3709 1598 3809 presbytero

377 3849 456 3898 rum
476 3833 512 3901 et
528 3824 758 3900 diaconorum
775 3833 917 3914 tractat,
934 3823 995 3898 sed
1011 3831 1048 3896 et
1065 3821 1268 3898 domesticis
1286 3821 1363 3896 suis
1380 3833 1415 3899 et
1431 3823 1596 3898 affinibus

323 3967 328 3978 ⁸
376 3947 413 4013 et
429 3937 603 4012 fratribus
620 3947 683 4012 aut
700 3936 784 4012 filiis
801 3945 904 4038 parat
921 3945 1140 4035 potestatem,
1154 3945 1189 4013 et
1203 3961 1265 4035 per
1277 3959 1336 4013 eos
1350 3937 1440 4014 tales
1452 3938 1595 4014 abscon·

375 4075 414 4127 se
430 4050 546 4127 ledere
564 4061 678 4128 certrt
696 4077 753 4128 res
769 4051 950 4140 aeoclesioe,
966 4051 1064 4125 huno
1081 4050 1289 4126 convictum
1306 4051 1492 4127 subiacere
1505 4051 1596 4126 sino

374 4165 418 4240 do
436 4165 637 4262 provinciae.
655 4166 694 4240 Si
711 4175 832 4240 autem
849 4165 970 4240 taliter
987 4163 1173 4239 incusetur
1190 4163 1375 4262 episcopus
1392 4163 1436 4239 ab
1453 4163 1509 4239 his
1533 4164 1594 4264 qui

375 4304 456 4354 cum
476 4302 517 4355 eo
534 4287 619 4354 sunt
636 4279 865 4378 presbyteris,
882 4301 921 4355 eo
938 4279 1028 4376 quod
1047 4303 1126 4376 quae
1143 4280 1324 4377 pertinent
1344 4279 1387 4354 ad
1405 4279 1593 4356 ecclesiam

373 4392 450 4468 sive
468 4393 510 4468 do
527 4393 637 4490 agris,
654 4394 731 4469 sive
748 4394 792 4470 de
808 4393 928 4491 aliqua
945 4393 1146 4468 substantia
1163 4391 1333 4469 aecclesiae
1349 4394 1417 4470 sibi
1436 4407 1594 4494 usurpat,

374 4515 410 4584 et
426 4531 598 4606 pauperes
615 4507 833 4598 tribuantur,
846 4505 909 4582 hos
922 4516 1057 4610 oportet
1074 4507 1207 4606 corrigi
1225 4508 1263 4581 in
1280 4519 1406 4586 sancta
1421 4511 1566 4610 synodo.
