3642 5294
727 427 903 490 ..29-

204 547 254 619 Ut
271 544 348 618 eius
364 543 511 618 licentia
529 547 675 618 Romam
693 545 928 640 ingrediatur.
945 546 1031 643 Cap.
1048 547 1195 621 CXIIII.

202 658 255 728 De
273 656 471 730 differentia
488 659 630 753 Regum
648 665 684 731 et
701 660 849 731 Romani
867 661 1103 756 Imperatoris.
1122 662 1206 758 Cap.
1224 664 1333 737 LXII.

203 771 257 844 De
274 769 331 843 his
348 769 409 866 qui
426 771 472 844 ad
489 771 721 867 praesulatum
740 772 940 868 prosiliunt.
960 773 1044 871 Cap.
1061 775 1196 848 XXIII.

204 886 256 958 De
273 883 632 958 administratoribus.
650 885 734 982 Cap.
752 887 807 958 LI.

204 997 257 1070 De
276 996 486 1092 raptoribus.
504 998 588 1094 Cap.
605 999 741 1071 XXVI.
758 999 813 1070 LI.

203 1111 256 1183 De
272 1109 517 1184 defensoribus
534 1135 745 1207 pauperum.
763 1111 847 1206 Cap.
865 1112 983 1185 XXII.
999 1115 1162 1187 XLVIII.

204 1223 306 1310 Quod
322 1222 433 1298 honor
451 1225 688 1320 magistratus
704 1223 872 1298 annualis
885 1225 941 1297 sit.
959 1225 1042 1322 Cap.
1062 1227 1154 1300 CIII.

201 1337 254 1410 De
272 1345 444 1432 potestate
461 1337 538 1411 sive
555 1337 670 1412 officio
686 1337 922 1433 Imperatoris.
942 1337 1026 1435 Cap.
1046 1340 1236 1415 XXXIIII.
1250 1342 1322 1415 LII.
1336 1345 1427 1417 LXI.

276 1451 386 1524 LXII.
404 1451 533 1526 CVIII.
552 1451 663 1526 CXV.

203 1563 304 1648 Quod
328 1563 374 1636 ad
399 1564 597 1639 Ecclesiam
623 1585 694 1638 non
719 1563 908 1660 pertineat,
926 1563 987 1660 qui
1005 1563 1083 1639 illic
1101 1568 1339 1662 congruentia
1355 1593 1426 1643 non
1581 1625 1584 1632 .

275 1675 446 1771 providet.
463 1677 547 1774 Cap.
565 1677 657 1751 CIII.

202 1788 256 1861 De
272 1786 406 1883 legatis
422 1792 520 1863 Rom.
538 1789 710 1865 Ecclesia
726 1813 813 1886 quos
830 1789 898 1864 sibi
923 1793 1119 1888 Imperator
1145 1791 1239 1867 mitti
1260 1793 1426 1891 postulat.

275 1903 360 1999 Cap.
377 1905 475 1976 VIII.
493 1905 607 1977 VIIII.
624 1905 879 1977 LXXXVIIII.
897 1905 973 1980 CV.

201 2015 253 2088 De
276 2017 553 2113 Imperatoribus
570 2017 632 2114 qni
650 2019 748 2090 Rom.
766 2017 938 2094 Ecclesia
953 2018 1092 2116 legatos
1110 2020 1291 2118 suscipere
1305 2021 1436 2097 nolue·

273 2127 355 2202 rint.
374 2129 459 2228 Cap.
477 2131 551 2205 CII.
569 2131 715 2206 CVIllI.

200 2243 252 2315 De
270 2244 428 2338 peccatis
445 2243 690 2318 Praelatorum.
709 2244 793 2340 Cap.
812 2244 868 2318 CI.

199 2357 331 2429 Utrum
340 2357 535 2432 cedendum
545 2357 592 2432 sit
605 2355 940 2450 comminationibus
954 2365 990 2432 et
1002 2357 1186 2432 conviciis.
1196 2357 1280 2455 Cap.
1294 2359 1423 2434 CXVI.

200 2468 277 2552 Qua
294 2468 463 2542 scandala
476 2469 623 2543 vitanda
635 2469 709 2544 sint
721 2479 757 2544 et
770 2495 849 2568 quae
861 2493 933 2544 non
945 2470 1019 2544 sint
1032 2471 1188 2544 vitanda.
1199 2472 1283 2568 Cap.
1293 2474 1422 2546 LXVI.

272 2583 400 2656 LXXI.
437 2586 601 2659 LXXXI.
635 2584 799 2659 CXXIII.
826 2584 973 2660 CXXV.
1006 2585 1046 2658 in
1078 2587 1192 2682 primo
1230 2585 1320 2660 libro
1349 2610 1424 2684 cap.

200 2809 251 2882 De
268 2808 417 2904 regibus
433 2809 735 2906 contemptoribus
751 2833 939 2885 canonum.
957 2811 1042 2908 Cap.
1059 2814 1096 2885 L.

200 2921 257 2993 De.
270 2921 571 3018 contemptoribus
587 2922 836 2997 anathematis.
854 2924 938 3020 Cap.
956 2926 1065 2998 LXV.

200 3032 253 3107 De
270 3031 406 3108 virtute
427 3033 643 3111 obedientie.
660 3035 745 3132 Cap.
762 3037 908 3111 LXXX.

198 3145 248 3218 Ut
265 3145 436 3243 Princeps
448 3146 511 3244 qui
524 3146 686 3244 prohihet
697 3145 776 3221 fieri
788 3146 966 3244 synodum
981 3147 1320 3223 excommunicatur.
1335 3148 1420 3245 Cap.

197 3373 250 3447 De
267 3371 465 3448 rectoribus
482 3381 623 3471 propter
642 3381 777 3447 metum
802 3370 981 3445 iustitiam
1005 3371 1298 3468 neglegentibus,
1320 3381 1356 3447 et
1377 3373 1421 3448 de

270 3495 441 3582 peccante
458 3485 497 3558 in
513 3507 577 3558 nos
594 3493 630 3559 et
646 3485 684 3557 in
702 3486 828 3558 Deum.
842 3485 927 3582 Cap.
940 3488 1103 3561 XLVIII.
1115 3488 1297 3560 LXVIIII.
1310 3489 1421 3560 LXX.

270 3600 436 3672 LXXXI.
453 3599 653 3672 LXXXIII.
671 3599 892 3672 LXXXIIII.
909 3601 1093 3672 LXXXV.

197 3712 300 3799 Quod
318 3711 509 3786 manifesta
526 3721 672 3808 peccata
688 3721 894 3787 accusatore
911 3735 982 3785 non
995 3720 1137 3807 egeant.
1151 3711 1235 3808 Cap.
1255 3711 1294 3785 C.
1309 3711 1420 3786 CXX

199 3827 250 3899 De
267 3825 345 3899 zelo
360 3828 458 3900 Rom.
474 3824 659 3900 Pontificis
675 3848 764 3921 erga
781 3827 878 3898 Rom.
896 3823 1106 3899 Ecclesiam.
1130 3824 1214 3920 Cap.
1236 3825 1364 3897 LXIII.
1382 3823 1419 3895 in

270 3938 304 4009 1⁰
322 3935 382 4010 lib.
400 3928 612 4012 CLXXXII.

199 4050 251 4122 De
260 4048 469 4124 maturitate
477 4049 652 4123 sententie
664 4047 863 4145 Apostolice
874 4049 985 4123 Sedis.
993 4049 1229 4145 CapLXVlI.
1239 4048 1419 4122 LXXIIII.

270 4163 381 4236 LXV.
397 4163 579 4236 LXXVII.
596 4163 814 4236 LXXVIIII.
830 4162 1011 4234 LXXXII.
1029 4163 1071 4234 In
1089 4161 1121 4233 1⁰
1139 4159 1200 4234 lib.
1218 4159 1420 4234 CXXXIII.

272 4273 485 4348 CLXXVII.
504 4273 699 4348 CCXVIII.
718 4274 895 4366 CCXXII.
913 4273 1109 4348 CCXXIII.

202 4387 254 4459 De
270 4385 441 4483 qualitate
461 4385 586 4462 iudicii
612 4387 856 4461 ecclesiastici.
881 4387 966 4484 Cap.
991 4387 1175 4462 CXXVII.
1200 4387 1238 4460 in
1264 4385 1324 4460 lib.
1350 4389 1418 4460 III⁰

272 4522 346 4594 cap.
365 4500 565 4572 LXXXVI.
582 4501 801 4572 LXXXVII.
