3646 5292
879 389 1076 452 -184-

370 512 519 586 civitate
532 509 633 583 iusta
648 508 893 607 Apostolorum
911 506 1117 598 constituta,
1135 511 1205 582 VII
1222 508 1350 584 debent
1366 509 1517 606 assequi
1530 533 1593 585 cu-

372 624 527 700 stodiant
539 624 741 723 episcopum
757 624 1020 724 praedicantern,
1033 647 1079 698 ne
1092 623 1167 722 ipse
1181 623 1224 698 ab
1235 623 1500 699 insidiatoribus
1509 647 1592 722 quo-

371 738 541 837 quomodo
570 738 769 827 infestetur,
798 747 862 812 aut
886 737 995 813 verba
1020 737 1142 811 divina
1168 737 1393 828 detrahendo
1417 747 1483 813 aut
1506 737 1591 811 insi-

370 852 497 926 diando
514 850 719 950 polluantur
735 849 794 927 vel
811 849 1063 949 despiciantur.

911 1078 1038 1163 XXVI.

469 1307 661 1383 Fabianus.
674 1305 927 1383 Dilectissimis
940 1305 1070 1405 ubique
1085 1306 1245 1383 ecclesiae
1260 1305 1523 1383 comministris.
1532 1308 1593 1382 Se-

372 1433 468 1521 ptem
485 1445 572 1517 ergo
589 1421 763 1497 Diaconos
780 1421 817 1494 in
835 1421 931 1496 Urbe
948 1424 1058 1496 Roma
1075 1445 1137 1520 per
1154 1423 1224 1494 VII
1242 1421 1407 1517 regiones
1432 1419 1591 1496 civitatis

372 1563 393 1610 a
410 1535 571 1637 patribus
587 1535 801 1634 accepimus,
819 1534 880 1632 qui
898 1558 960 1633 per
977 1533 1143 1630 singulas
1160 1534 1370 1610 ebdomadas
1387 1543 1424 1608 et
1445 1533 1591 1608 domiui-

372 1673 431 1726 cos
448 1648 523 1724 dies
540 1657 647 1747 atque
664 1647 904 1722 festivitatum
922 1647 1142 1745 sollempnia,
1159 1671 1243 1722 cum
1265 1646 1540 1722 subdiaconibus
1556 1656 1592 1722 ot

372 1760 538 1836 acolithis
556 1785 599 1836 ac
615 1760 843 1858 sequentium
865 1760 1030 1835 ordinum
1057 1761 1232 1835 ministris
1256 1761 1420 1836 iniuncta
1445 1760 1511 1836 sibi
1536 1761 1593 1836 ob

374 1885 520 1950 servent
537 1874 747 1948 ministeria.
765 1878 810 1948 Et
827 1884 904 1974 post
921 1898 1046 1971 panca.
1064 1875 1225 1972 Denique
1242 1878 1312 1949 Vll
1329 1875 1496 1950 similiter
1513 1875 1593 1949 sub·

374 1988 538 2064 diaconos
555 1987 811 2076 ordinavimus,
828 1987 890 2084 qui
907 1990 978 2061 VII
995 1988 1143 2062 notariis
1165 1987 1404 2077 imminerent,
1428 1997 1464 2064 et
1488 1997 1593 2084 gesta

373 2111 576 2200 martyrum
594 2101 771 2176 veraciter
789 2099 826 2172 in
844 2100 987 2196 integro
1004 2102 1228 2198 colligerent,
1241 2103 1411 2201 nobisque
1431 2102 1593 2176 rimanda

372 2214 652 2289 manifestarent.
669 2213 764 2288 Idem
782 2212 820 2286 in
833 2216 895 2287 II'.
909 2216 1115 2292 Sacerdotes
1132 2240 1270 2314 quoque
1283 2215 1351 2290 sibi
1370 2217 1543 2291 Dominus
1559 2241 1595 2291 a·

371 2329 464 2426 legit
480 2337 522 2402 ut
538 2328 782 2405 sacrificarent
799 2327 831 2403 oi
850 2337 886 2403 et
898 2329 1046 2404 offerant
1058 2329 1252 2404 oblationes
1267 2330 1425 2405 Domino.
1438 2329 1593 2404 Laevitas

374 2465 460 2518 raro
476 2442 542 2518 sub
559 2441 611 2517 eis
628 2467 706 2518 esse
723 2441 830 2517 iussit
846 2442 884 2515 in
902 2441 1111 2517 ministeriis
1128 2467 1260 2518 eorum.

907 2669 1053 2754 XXVII.

467 2886 601 2962 Lucius
613 2886 817 2984 Episcopus
830 2886 1082 2964 Dilectissimis
1095 2886 1440 2962 fratribnsomuibus
1453 2887 1594 2988 Episco-

372 3004 437 3102 pis.
458 3002 627 3078 Iubemus
652 3001 854 3099 Apostolioa
884 3002 1097 3078 auctoritate
1116 3010 1157 3076 ut
1181 3026 1320 3100 semper
1345 3010 1454 3076 testes
1480 3001 1594 3077 vobis-

374 3143 458 3193 cum
475 3115 636 3191 habeatis
653 3114 852 3191 sacerdotes
870 3125 905 3191 et
922 3114 1061 3191 levitas.
1078 3119 1119 3190 Iu
1138 3117 1206 3191 hac
1231 3115 1328 3191 enim
1353 3125 1478 3193 sancta
1504 3117 1593 3191 Sede

373 3231 610 3307 constitutum
626 3229 813 3320 habemus,
831 3240 872 3305 ut
888 3232 923 3304 II
941 3230 1155 3330 presbyteri,
1172 3240 1208 3306 et
1225 3233 1277 3305 III
1294 3230 1432 3306 diaconi
1445 3230 1484 3303 in
1496 3231 1594 3306 omni

369 3343 446 3420 loco
470 3344 684 3442 Episcopum
709 3367 779 3419 non
803 3344 969 3419 deserant
993 3353 1134 3442 propter
1158 3344 1403 3422 testimouium
1428 3343 1594 3432 ecclesia-

373 3459 515 3535 sticum.

898 3593 1062 3678 XXVIII.
1130 3637 1133 3642 ·

422 3791 519 3856 Quod
537 3791 673 3856 singulae
692 3793 805 3843 Romae
824 3791 973 3844 ecclesius
993 3791 1128 3856 sing-ulis
1148 3789 1373 3845 cardinallbus
1393 3790 1436 3845 ab
1456 3791 1545 3844 initio

847 3878 1022 3930 commissa
1046 3875 1120 3929 sint.

469 4027 651 4106 Dionisius
667 4027 864 4126 Episcopus
882 4031 1013 4105 Severo
1030 4029 1211 4128 Episcopo.
1229 4029 1425 4105 AEcclesias
1437 4029 1594 4127 singulis

373 4141 593 4243 presbyteris
610 4141 783 4234 dedimus,
804 4142 1079 4243 parrochiasque
1104 4152 1141 4219 et
1164 4143 1374 4242 cymiterius
1399 4143 1451 4218 eis
1475 4143 1597 4218 divisi-

374 4283 466 4348 mus,
483 4267 520 4333 et
536 4257 732 4357 unicuique
750 4259 808 4335 ius
824 4259 1004 4360 proprium
1023 4257 1155 4334 habere
1177 4257 1380 4333 statuimus.
1396 4259 1451 4331 Ita
1475 4257 1598 4332 videli-

375 4383 445 4463 cet,
459 4383 500 4448 ut
513 4372 637 4448 nullus
649 4375 799 4450 alterius
812 4373 1014 4472 parraechiae
1027 4373 1199 4449 terminos
1215 4382 1279 4447 aut
1292 4372 1349 4446 ius
1361 4371 1519 4461 invadat,
1535 4371 1597 4448 sed

374 4485 623 4586 unusquisque
640 4487 804 4562 terminis
821 4486 897 4562 suis
913 4487 961 4563 sit
977 4495 1178 4578 contentus
1193 4494 1229 4562 et
1253 4484 1374 4562 taliter
1397 4483 1596 4562 aecclesiam
