3646 5292
762 393 959 460 -207-

248 512 368 612 pleuto
385 515 556 593 letaniam
572 523 608 591 et
624 515 824 606 introitum,
841 516 1006 592 Pontifex
1021 515 1109 592 dicit
1125 539 1277 608 oremus,
1294 524 1331 592 et
1344 515 1468 593 Diaco

245 652 316 702 uus
331 629 518 706 flectamus
534 654 664 725 genua.
682 633 765 705 Post
780 629 975 704 orationem
990 629 1152 706 ascendit
1170 630 1281 705 lector
1297 630 1335 704 iu
1349 629 1466 706 ambo·

247 765 340 833 uem,
349 753 385 818 et
397 742 643 840 brevemlegit
655 743 692 816 iu
705 742 854 818 auribus
868 741 986 839 populi
999 741 1052 818 sic
1064 742 1322 818 concinentem.
1332 744 1469 840 Cogno

246 863 324 929 scat
336 857 468 931 caritas
480 865 612 947 vestra,
627 856 711 954 quia
724 856 784 930 ille
795 866 831 931 et
843 855 905 929 ille
918 855 1138 930 advocantur
1150 857 1189 930 iu
1198 857 1262 930 tali
1271 856 1395 946 officio,
1408 855 1467 931 vel

245 965 283 1040 iu
296 967 369 1042 tali.
384 968 423 1042 Si
437 969 517 1067 quis
530 968 775 1044 habetcoutro
788 969 853 1044 hos
865 968 960 1042 viros
977 968 1135 1067 aliquam
1149 969 1351 1068 quaerelam,
1365 978 1468 1044 exeat

247 1082 464 1158 confidenter
477 1091 617 1181 propter
630 1084 745 1157 Deum
759 1093 794 1158 et
807 1082 1004 1158 secundum
1019 1084 1144 1173 Deum,
1157 1092 1193 1158 et
1209 1081 1314 1157 dicat.
1332 1085 1468 1157 Memor

244 1193 293 1268 sit
305 1203 425 1271 tamen
438 1196 552 1271 omnis
565 1195 825 1271 communionis
838 1221 921 1269 suae.
934 1196 1035 1283 Quod
1050 1195 1080 1268 si
1094 1195 1218 1269 nullus
1231 1194 1468 1270 contradictor

245 1311 419 1401 extiterit,
429 1311 592 1409 sequitur
604 1311 724 1386 lector.
733 1309 1110 1407 Responsorium.P0st
1121 1309 1198 1384 haec
1210 1317 1468 1384 vocantursur·

246 1445 337 1510 sum,
349 1431 385 1497 et
399 1431 610 1498 statuuntur
621 1422 661 1495 iu
674 1422 819 1497 sinistra
836 1430 936 1519 parte
954 1421 1101 1508 Altaris,
1119 1421 1330 1520 usquedum
1345 1421 1465 1495 Ponti-

246 1531 305 1607 fex
321 1533 469 1609 Missam
487 1533 671 1633 compleat.
688 1534 823 1610 Deinde
840 1535 1061 1612 advocantur
1078 1539 1131 1610 VI
1147 1535 1236 1610 feria
1253 1535 1298 1610 ad
1322 1544 1464 1611 sanctor

247 1645 432 1743 Apostolos
449 1671 490 1722 eo
506 1657 639 1737 tenore,
655 1671 724 1745 quo
741 1671 859 1746 supra.
877 1645 1029 1723 Sabbato
1046 1671 1131 1724 vero
1147 1647 1331 1744 egreditur
1344 1647 1464 1722 Ponti-

245 1757 304 1832 fex
319 1758 364 1832 ad
381 1770 547 1836 sanctum
567 1764 714 1836 Petrum
732 1768 768 1836 et
792 1761 972 1837 universae
997 1763 1161 1859 regiones
1185 1788 1268 1838 cum
1292 1788 1343 1853 eo,
1368 1762 1464 1838 laeta-

243 1869 341 1944 niam
360 1873 527 1948 eaueudo.
543 1873 773 1969 Ingrediente
790 1899 875 1950 vero
897 1879 993 1973 Papa
1018 1876 1249 1951 secretarium
1275 1875 1460 1950 ordinandi

242 1985 494 2079 prestolantur
510 1987 548 2060 in
569 1986 684 2062 choro.
699 1987 883 2085 Completo
900 1988 1060 2080 introitu,
1077 1989 1137 2064 dat
1153 1989 1316 2063 Pontifex
1336 1988 1461 2063 oratio

240 2119 323 2170 uem
336 2098 542 2174 subdiaconi
555 2100 685 2194 legunt
697 2100 899 2191 lectionem,
912 2111 948 2176 et
960 2111 1141 2176 canuntur
1154 2099 1353 2196 gradualia,
1366 2109 1402 2174 et
1414 2099 1462 2174 le-

246 2209 316 2283 ctio
334 2211 501 2308 Apostoli.
519 2212 653 2287 Deinde
672 2213 897 2310 Apostolicus
916 2214 1080 2289 Pontifex
1104 2213 1195 2310 legit
1218 2212 1461 2288 advocationis

240 2320 385 2397 brevem
402 2348 521 2399 coram
534 2325 661 2422 populo
674 2335 716 2400 ut
729 2351 848 2425 supra.
860 2329 906 2399 Et
919 2333 1016 2400 stant
1028 2327 1143 2422 parati
1156 2323 1382 2420 singulorum
1397 2325 1462 2397 mi-

238 2433 344 2509 nistri
358 2459 441 2510 cum
454 2437 676 2512 indumentis
687 2439 797 2513 donec
810 2435 1095 2511 Archidiacouus
1107 2435 1239 2524 veniat,
1253 2445 1289 2510 et
1303 2433 1460 2531 singulis

238 2547 386 2642 singula
403 2575 469 2623 sua
482 2575 590 2623 manu
606 2549 750 2624 tribuat.
763 2554 848 2625 Post
860 2549 938 2638 hoc,
951 2548 1123 2624 innuente
1136 2548 1318 2635 Pontifice,
1334 2547 1395 2622 dat
1407 2570 1462 2618 ar-

238 2658 469 2735 chidiaconus
482 2687 627 2736 manum
642 2663 706 2736 uui
719 2686 765 2737 ex
778 2663 874 2760 ipsis.
888 2662 1017 2738 Oaeteri
1031 2685 1115 2736 vero
1132 2669 1305 2736 secuntur
1318 2684 1413 2750 eum,
1425 2668 1462 2734 et

236 2775 397 2852 ascendit
412 2776 458 2850 ad
475 2776 608 2852 Altare.
626 2781 673 2853 ut
689 2777 881 2874 prosternit
895 2801 933 2852 se
951 2777 1116 2851 Pontifex
1128 2801 1211 2852 cum
1229 2775 1316 2874 ipsis
1334 2775 1373 2852 iu
1386 2797 1463 2849 ora-

236 2885 599 2976 tioneeleroiuterim
613 2900 764 2965 canente
777 2889 967 2963 laetaniam.
980 2889 1222 2986 Surgeutibus
1234 2888 1457 2979 eboratioue‚

237 3007 309 3074 stat
317 3001 481 3077 Pontifex
488 3001 527 3076 in
540 3003 620 3078 sede
631 3013 752 3092 suaet
764 3003 947 3077 ducuntur
959 3009 1042 3077 aute
1055 3025 1137 3076 eum
1151 3002 1213 3100 qui
1227 3001 1366 3078 diaconi
1380 3025 1457 3078 esse

235 3111 372 3188 debent.
387 3117 432 3188 Et
446 3114 661 3210 singillatim
675 3116 774 3214 pouit
791 3140 937 3190 manum
952 3138 1059 3212 super
1076 3115 1193 3212 capita
1207 3137 1340 3205 eorum,
1352 3113 1456 3190 bene·

236 3221 359 3299 diceus
375 3247 435 3300 eos
451 3227 564 3301 dando
588 3228 792 3303 orationem.
819 3226 1002 3302 Accedere
1026 3235 1148 3302 autem
1173 3227 1459 3302 Archidiaconus

235 3335 329 3410 tollit
345 3338 461 3412 oraria
478 3338 521 3415 de
538 3339 758 3416 confessione
775 3340 813 3414 iu
834 3362 905 3437 qua
921 3339 1088 3414 hesterna
1105 3339 1161 3414 die
1183 3339 1336 3441 reposita
1361 3349 1459 3428 suut,

235 3458 271 3522 et
283 3447 344 3523 dat
355 3451 530 3542 Pontifici,
543 3460 579 3526 et
591 3452 757 3527 Pontifex
769 3451 842 3526 illis
854 3451 1001 3527 dicendo
1014 3453 1178 3552 Accipite
1196 3452 1304 3527 stolas
1317 3461 1458 3528 vestras

235 3568 272 3636 et
284 3571 422 3637 cetera.
432 3566 478 3637 Et
487 3563 683 3662 completur
695 3563 892 3641 benedictio
904 3590 1037 3656 eorum,
1050 3579 1086 3644 et
1097 3567 1185 3644 dant
1192 3566 1355 3644 osculum
1369 3570 1459 3642 Pon·

234 3673 334 3764 tilioi,
347 3685 383 3748 et
396 3677 646 3752 Sacerdotibus
658 3685 695 3753 et
713 3677 863 3752 redeunt
878 3679 924 3752 ad
937 3678 1072 3756 Altare.
1087 3679 1158 3768 Qui
1170 3689 1292 3755 autem
1305 3679 1457 3778 Presby-

232 3785 301 3859 teri
317 3787 504 3863 ordinaudi
522 3799 608 3864 sunt
625 3789 759 3888 paratis
775 3789 827 3864 eis
844 3789 985 3866 diaconi
1003 3814 1110 3882 more,
1136 3791 1319 3868 ducuntur
1343 3815 1364 3864 a
1381 3815 1458 3888 pre·

232 3897 389 3999 sbyteris
401 3901 446 3976 ad
457 3901 576 3978 sedem
590 3903 784 3978 Pontificio.
798 3905 900 3977 Tunc
912 3902 986 3976 illis
999 3903 1184 3980 inclinatis
1195 3905 1295 4004 pouit
1307 3929 1456 3979 manum

233 4035 339 4110 super
352 4013 469 4112 capita
482 4025 659 4104 eorumet
671 4037 793 4090 omues
807 4015 1454 4114 presbyteriquiassuutmanussuas

232 4121 333 4198 iuxta
354 4150 500 4199 manum
525 4126 710 4201 Pontificio
731 4151 837 4224 super
862 4128 980 4226 capita
1005 4151 1128 4204 eorum
1153 4139 1309 4219 teneant,
1333 4139 1369 4204 et
1393 4128 1454 4204 ille

231 4237 500 4314 datorationem
518 4264 625 4336 super
638 4240 756 4340 capita
773 4265 908 4330 eorum,
924 4239 1019 4315 sicut
1031 4239 1069 4313 iu
1087 4240 1363 4316 sacramentorio
1375 4265 1456 4316 con·

230 4347 376 4424 tinctur.
388 4353 435 4424 Et
451 4350 600 4448 expletis
617 4351 685 4426 rite
702 4352 877 4442 omuibus,
895 4351 1040 4428 canitur
1052 4363 1200 4429 tractus.
1215 4352 1373 4427 Laudato
1388 4355 1454 4428 Do

230 4459 379 4538 minum.
392 4465 439 4538 Et
447 4486 543 4538 unus
555 4487 602 4538 ex
615 4463 763 4540 novitiis
775 4465 935 4543 diaconis
947 4467 1048 4564 leget
1060 4465 1314 4564 Evangelium.
1327 4469 1454 4543 Postea
