3618 5316
719 433 915 498 -271-

200 551 397 627 adhibendo
414 552 544 652 quibus
562 554 693 630 valetis
711 555 923 644 succurrite,
938 563 980 630 ut
996 564 1032 631 et
1049 556 1103 630 illi
1121 579 1221 657 opem
1244 556 1368 631 feratis
1393 562 1429 631 et

202 665 402 765 opinionem
421 676 554 743 sauctae
572 668 742 744 aecclesiae
759 692 830 743 non
847 669 1053 768 inquinetis.
1071 674 1162 747 Item
1180 670 1331 745 Iohanni
1346 671 1428 771 Epi·

203 802 306 879 scopo
324 789 402 879 post
419 781 550 880 aliqua.
568 782 606 855 Si
624 783 706 880 quis
723 805 845 858 eorum
863 784 906 858 de
924 783 1053 882 quibus
1071 794 1125 859 est
1136 783 1258 882 aliqua
1271 785 1339 884 ipsi
1356 784 1429 860 vio·

202 892 351 968 lentiam
369 895 565 993 patiantur,
582 921 649 972 nec
665 896 704 970 hi
722 897 783 994 qui
801 897 973 972 dicuntur
990 899 1147 996 oppressi
1172 898 1302 973 damna
1323 899 1431 974 susti·

202 1018 321 1083 aeaut.
340 1009 446 1084 Crrrae
463 1033 548 1107 ergo
566 1020 695 1086 vestrae
712 1012 770 1100 sit,
788 1021 829 1086 ut
845 1011 897 1086 eis
915 1022 1178 1087 sacramentum
1197 1013 1241 1087 ab
1262 1012 1320 1086 his
1345 1037 1428 1112 quo·

203 1146 284 1194 rum
302 1121 452 1198 interest
469 1127 512 1200 de
537 1125 712 1200 servanda
729 1125 811 1222 lege
829 1133 865 1200 et
881 1124 1019 1200 iustitia
1038 1127 1278 1224 promittatur,
1304 1136 1340 1202 et
1366 1150 1428 1224 per

203 1236 322 1310 omnia
339 1248 631 1314 commoneantur
649 1239 781 1329 exhi-rc,
806 1249 912 1338 atque
939 1263 1083 1314 suorum
1110 1249 1256 1315 actuum
1284 1241 1429 1316 reddero

202 1351 386 1428 rationem.
403 1353 541 1441 Quibus
558 1353 666 1429 etiam
685 1355 856 1430 aecclesiae
873 1362 1001 1428 vestrae
1018 1353 1237 1430 defensorem
1251 1355 1422 1452 deputare
1482 1391 1484 1394 ·

203 1487 266 1538 vos
282 1467 461 1558 convenit,
478 1467 584 1543 cuius
601 1467 851 1560 sollicitudine,
869 1493 909 1543 ea
927 1468 1096 1567 quasillis
1115 1469 1263 1544 fuerunt
1281 1465 1429 1566 promis-

205 1603 244 1651 sa
262 1589 462 1656 serventur.

736 1725 893 1810 LXXIII.

302 1923 499 2020 Gregorius
517 1924 673 1999 Maximo
690 1919 859 2024 episcopo,
873 1927 914 1998 In
928 1923 1104 2022 quantum
1119 1925 1288 2022 praevalet
1302 1925 1428 2000 frater·

203 2035 299 2110 nitas
315 2045 379 2110 tua
395 2060 568 2135 opponere
585 2035 702 2138 se'pro
719 2038 895 2138 oppressis
920 2038 1034 2129 debet,
1056 2063 1135 2138 quae
1160 2039 1268 2114 etiarn
1295 2039 1325 2113 si
1351 2063 1430 2137 pro·

203 2149 303 2228 desse
320 2150 468 2225 minime
486 2151 652 2241 valuerit,
674 2152 751 2250 ipsa
775 2153 1006 2250 omnipotenti
1033 2155 1106 2228 Deo
1130 2153 1261 2228 mentis
1287 2153 1428 2234 devotio

204 2265 347 2354 sufficit,
365 2290 472 2364 quam
489 2266 594 2341 dedit.
613 2269 796 2365 Scriptum
815 2277 869 2342 est
887 2267 992 2343 euim.
1010 2266 1117 2364 Eripe
1135 2266 1274 2364 eosqui
1292 2267 1429 2342 ducun-

203 2387 264 2452 tur
281 2380 324 2454 ad
342 2390 500 2455 mortem.
519 2382 619 2468 Quod
635 2382 666 2455 si
684 2381 816 2456 dixeris
837 2380 934 2455 vires
958 2404 1028 2456 non
1054 2389 1260 2478 suppetunt,
1286 2381 1348 2478 qai
1375 2380 1428 2453 in-

204 2505 343 2594 spector
360 2504 414 2570 est
430 2496 546 2571 cordis
563 2496 637 2593 ipse
654 2495 839 2591 intelligit.
856 2499 898 2569 ln
916 2519 1020 2571 omne
1037 2517 1124 2591 ergo
1149 2495 1241 2592 quod
1266 2494 1348 2590 agis
1374 2495 1427 2566 in-

203 2618 398 2706 spectorem
415 2609 530 2685 cordis
546 2618 671 2708 appete
688 2609 818 2684 habere
836 2608 1027 2706 placatum.
1045 2610 1225 2708 Quicquid
1250 2619 1305 2685 est
1330 2609 1425 2683 unde

204 2721 256 2795 illi
270 2722 420 2820 placeas,
433 2722 549 2798 facere
560 2747 630 2797 noa
643 2721 797 2800 omittas.
810 2727 901 2798 Nam
916 2723 1066 2798 humani
1080 2734 1233 2799 terrores
1248 2735 1285 2798 et
1296 2725 1428 2820 gratie,

206 2835 304 2910 fumo
325 2845 411 2911 sunt
429 2836 576 2927 similes,
594 2836 655 2935 qui
672 2835 745 2911 levi
763 2862 851 2911 aura
868 2847 993 2936 raptus
1009 2840 1203 2930 evanescit,
1218 2838 1286 2912 hoc
1306 2838 1430 2914 certis·

205 2951 294 3026 simo
311 2951 410 3041 scito,
427 2951 511 3050 quia
528 2951 669 3050 placere
687 2953 759 3026 Deo
775 2951 853 3027 sine
870 2952 991 3050 pravis
1007 2951 1210 3026 hominibus
1227 2950 1352 3025 nullus
1369 2974 1426 3049 po·

203 3074 283 3140 test.
300 3068 342 3140 In
359 3075 501 3140 tantum
519 3091 556 3140 se
574 3064 716 3140 estimet
732 3065 939 3142 fraternitas
956 3077 1019 3142 tua
1038 3069 1110 3141 Deo
1123 3066 1274 3164 placere,
1296 3073 1430 3163 quanto

205 3203 243 3254 se
260 3179 439 3278 perversis
455 3178 658 3253 homiuibus
675 3178 848 3276 dispicere
874 3179 1093 3282 cognoverit.
1118 3184 1199 3278 Ipsa
1223 3188 1345 3254 tamen
1370 3179 1429 3253 de·

204 3292 318 3368 fensio
336 3317 533 3390 pauperum
551 3292 729 3367 moderata
748 3301 783 3367 et
800 3293 926 3388 gravis
943 3293 1001 3383 sit,
1018 3319 1063 3368 ue
1077 3293 1107 3368 si
1121 3294 1207 3392 quid
1221 3292 1337 3389 rigide
1351 3292 1429 3389 agi·

205 3407 262 3496 tis,
271 3431 314 3482 ex
327 3407 515 3480 iuventute
526 3429 588 3480 ros
598 3405 818 3479 arbitrentur
828 3405 1020 3506 superbire.
1034 3407 1104 3481 Sed
1117 3405 1201 3480 talis
1214 3429 1358 3481 necesse
1373 3415 1428 3481 est

206 3527 247 3593 ut
264 3519 470 3594 inveniatur
488 3543 550 3616 pro
566 3517 741 3619 oppressis
759 3530 879 3594 nostra
897 3519 1064 3609 defensio
1082 3528 1123 3593 ut
1139 3519 1295 3595 humiles
1317 3529 1430 3617 prote·

205 3633 357 3710 ctionem
375 3633 542 3724 sentiant,
560 3649 595 3710 et
612 3657 833 3732 oppressores
850 3657 921 3708 non
939 3632 1046 3707 facile
1063 3631 1253 3708 inveniant
1277 3631 1369 3730 quod
1386 3656 1431 3706 ex

207 3747 377 3822 malivola
394 3757 514 3824 mente
531 3748 803 3847 reprehendant.

736 3913 912 3998 Lllllllll.

303 4087 500 4185 Gregorius
518 4087 727 4162 Pantaleoui
744 4083 890 4160 notaria.
907 4083 1137 4182 Experientia
1153 4093 1229 4174 tua,
1254 4083 1346 4182 quod
1371 4084 1430 4158 rel

207 4200 312 4298 quale
324 4201 419 4299 apud
432 4201 701 4276 sanctissimum
715 4223 844 4298 corpus
855 4197 950 4274 beati
965 4197 1061 4274 Petri
1077 4198 1235 4296 Apostoli
1253 4198 1433 4272 iusiuran-

206 4314 290 4388 dum
308 4314 471 4414 preebuit,
488 4337 623 4389 memor
640 4323 702 4389 est.
716 4313 818 4389 Unde
832 4334 896 4385 nos
910 4334 1049 4409 quoque
1062 4311 1181 4386 securi
1198 4310 1432 4386 discussionis

206 4451 315 4501 causa
328 4425 393 4500 tibi
407 4427 446 4500 in
460 4425 670 4524 patrimonio
683 4425 794 4524 partis
807 4449 1039 4524 syracusanae
1053 4425 1311 4500 commisimus.
1325 4427 1431 4523 Op'or·

207 4546 259 4613 tet
275 4563 362 4634 ergo
378 4548 413 4614 te
430 4539 534 4614 iidem
552 4548 664 4630 tuam,
682 4547 718 4613 et
735 4539 894 4614 eiusdem
914 4539 1008 4615 beati
1027 4539 1124 4614 Petri
1151 4538 1307 4637 Apostoli
1333 4538 1434 4613 timo-
