3642 5294
889 409 1065 474 ...12-

364 534 465 620 oneo
490 529 665 608 uiolenter
690 527 906 602 translatum
932 527 969 602 in
996 529 1148 626 priorem
1174 528 1292 604 locum
1309 527 1474 604 reducat.
1500 529 1585 629 Cap]

436 649 558 726 CLXI.
635 715 637 720 ,
1108 655 1110 660 -
1184 653 1189 660 -
1566 661 1568 668 ,

364 764 465 852 Quod
490 749 624 838 iniusto
649 761 898 836 communione
927 758 1112 857 privatum
1142 755 1383 832 communioni
1409 757 1585 832 restituat:

437 877 521 974 Cap.
541 876 771 950 CLXXXIII.
789 875 1039 949 CLXXXIIII.

364 991 466 1079 Quod
483 1013 545 1088 pro
561 987 698 1063 civium
714 997 859 1084 peccato
871 985 1107 1084 episcopalem
1122 984 1241 1059 sedem
1254 983 1373 1058 aufert
1390 984 1498 1060 aloco
1511 1006 1584 1060 suo.

437 1105 521 1203 Cap.
539 1104 644 1179 CXL.
1579 1107 1585 1114 “

366 1219 466 1306 ouod
483 1217 616 1315 absque
632 1239 673 1292 eo
690 1215 887 1314 Episcopus
904 1237 975 1289 non
995 1213 1160 1288 mittatur
1172 1239 1194 1286 a
1207 1213 1288 1288 sede
1301 1213 1344 1288 ad
1359 1211 1488 1288 sedem.
1501 1212 1585 1310 Cap.

436 1335 508 1406 LII.
525 1334 598 1405 LX.
616 1332 724 1404 LXII.
743 1330 959 1405 CCXXXV.

368 1447 468 1534 Quod
486 1444 636 1520 mutatio
653 1468 723 1519 non
742 1445 805 1520 fiat
818 1443 896 1518 sinc
911 1465 1087 1518 consensu
1103 1441 1199 1516 Cleri
1213 1441 1306 1516 sedis
1319 1440 1418 1515 illius
1430 1439 1467 1514 in
1481 1465 1587 1538 quam

439 1559 590 1634 mutatio
607 1558 657 1633 fit.
674 1558 760 1655 Cap.
779 1559 909 1633 XCIII.
926 1567 962 1632 et
981 1557 1198 1632 CCXXXV.

367 1672 466 1760 Quod
484 1697 545 1770 per
562 1673 747 1748 inferiores
765 1671 900 1747 ordinis
913 1671 1062 1747 clericos
1080 1670 1173 1745 mele
1191 1669 1355 1746 viventes
1368 1680 1529 1746 coerceat
1542 1674 1585 1744 ot

437 1786 605 1884 piscopos.
623 1788 707 1884 Cap.
724 1788 829 1862 CLX.
847 1789 884 1860 in
902 1788 988 1861 IIII⁰
1007 1786 1066 1861 lib.
1084 1789 1193 1862 LXII.
1373 1795 1377 1798 ’

369 1900 470 1987 Quod
486 1901 594 1976 etiam
611 1901 761 1976 cuilibet
778 1899 1022 1976 ecclesiastice
1039 1923 1186 1998 persone
1198 1899 1398 1976 committat
1411 1901 1586 1976 executio-

437 2037 519 2088 nem
537 2013 689 2090 Consilii
706 2013 906 2090 celebrandi
926 2013 965 2086 in
982 2040 1048 2088 sua
1065 2014 1260 2112 provincia.
1279 2015 1368 2112 Cap:
1389 2015 1573 2089 CLXVIII

408 2136 475 2202 ot
492 2128 688 2205 CXCVIII.
1556 2141 1559 2146 '

367 2241 467 2328 Quod
484 2241 593 2318 etiam
611 2242 791 2318 inferioris
807 2243 943 2318 ordinis
962 2268 1111 2341 persone
1124 2245 1325 2320 committat
1342 2243 1459 2319 vicem
1484 2267 1584 2317 suam

439 2356 476 2429 in
496 2357 689 2453 provincia.
707 2359 791 2456 Cap.
809 2359 949 2433 CLXII.
968 2360 1218 2434 CCXXVIIII.

369 2470 552 2546 Ile'Pallio
574 2471 670 2546 intra
688 2496 828 2548 menses
845 2476 897 2546 III
914 2497 935 2544 a
961 2475 1119 2546 Romana
1137 2473 1226 2547 Sede
1251 2471 1485 2570 suscipiendo.
1503 2470 1586 2566 Cap.

440 2587 659 2659 LXXVIIII.
677 2586 862 2662 CXXXV.

369 2699 421 2773 De
438 2697 572 2794 pagina
590 2698 671 2773 fidei
688 2723 767 2796 quae
786 2701 997 2798 Apostolicae
1014 2700 1098 2776 Sedi
1118 2700 1274 2775 mittitur
1287 2723 1349 2797 pro
1366 2697 1489 2772 Pallio.
1502 2698 1586 2793 Cap.

439 2815 575 2886 LXXV
578 2815 657 2890 IIII.
676 2814 800 2888 CXCI.
818 2815 914 2891 etde
932 2843 1000 2891 usu
1018 2815 1096 2891 eius
1114 2815 1325 2890 CLXVIIII.

369 2925 507 3014 Quibus
523 2928 560 2999 in
578 2927 666 3002 Iocis
683 2927 1010 3004 Thessalonicensis
1027 2930 1223 3027 Episcopus
1236 2927 1385 3004 Romani
1405 2925 1501 3002 vices
1526 2925 1587 2998 ha·

439 3039 530 3115 beat.
548 3041 633 3138 Cap.
651 3041 800 3116 CXXX.
817 3043 856 3116 in
873 3043 933 3117 lib.
950 3045 1037 3118 ΙΙΙΙο
1055 3044 1258 3118 CXXXVI.

368 3157 419 3228 Do
429 3153 542 3228 Pallio
553 3154 820 3253 Archiepiscopi
830 3155 942 3254 prime
956 3156 1167 3236 Iustiniana
1180 3155 1316 3230 Illirioi.
1330 3156 1415 3252 Cap.
1429 3154 1586 3229 CLXVI.

376 3333 379 3340 λ
440 3275 476 3343 et
492 3267 622 3366 quibus
639 3269 677 3342 iu
695 3268 782 3344 locis
799 3269 929 3346 habeat
948 3271 1044 3346 vices
1062 3271 1212 3345 Romani
1230 3268 1423 3344 Pontificis.
1442 3265 1587 3365 Capitu-

439 3381 475 3454 la
493 3382 627 3457 CCXL.

369 3499 422 3571 De
439 3495 550 3570 simili
568 3498 647 3572 iure
666 3498 938 3594 Cartaginensis
956 3499 1234 3598 Archiepiscopi.
1252 3499 1337 3595 Cap.
1350 3497 1422 3572 eod.
1434 3505 1471 3571 et
1483 3495 1590 3572 CCII.

367 3613 420 3687 De
437 3611 551 3686 Pallio
569 3611 837 3710 Archiepiscopi
857 3613 1134 3688 Corinthiorum.
1153 3614 1237 3710 Cap.
1255 3613 1468 3688 CXLVIIII.

369 3729 421 3802 De
438 3725 552 3800 Pallio
570 3725 839 3823 Archiepiscopi
859 3726 1107 3824 Nicopolitani.
1126 3729 1211 3823 Cap.
1225 3727 1491 3801 CLXXXVIII.
1527 3794 1528 3798 ,

369 3843 421 3916 De
438 3838 551 3912 Pallio
570 3839 838 3938 Archiepiscopi
856 3839 1155 3915 Nicomediorum.
1174 3841 1259 3937 Cap.
1277 3840 1453 3914 CLXVII.

369 3957 421 4030 De
437 3953 554 4051 prisca
571 3953 829 4029 consuetudine
847 3952 963 4026 Pallii.
982 3955 1066 4052 Cap.
1084 3955 1278 4029 CLXVIII.

370 4069 470 4155 Quod
483 4066 575 4140 nulli
588 4066 697 4142 liceat
710 4066 763 4140 uti
776 4066 969 4142 dalmatica
983 4068 1054 4141 nisi
1069 4067 1216 4142 licentia
1233 4066 1381 4141 Romani
1396 4063 1587 4140 Pontifiois.

357 4200 366 4215 ·
442 4184 527 4280 Cap.
546 4182 722 4257 CXLVII.

371 4301 422 4372 De
452 4295 717 4373 consecratione
744 4306 783 4370 ct
812 4296 1038 4372 cautionibus
1067 4296 1289 4372 Ravennatis
1315 4291 1589 4391 Archiepiscopi.

443 4413 529 4509 Cap.
551 4413 693 4488 CCIIII.
716 4412 894 4488 CCVIIII.
916 4412 954 4486 in
976 4413 1131 4487 secundo
1151 4412 1240 4486 libro
1261 4412 1373 4486 XCV.
1398 4409 1527 4483 XCVI.
1553 4405 1595 4478 in·

443 4527 530 4602 IIII⁰
548 4525 637 4601 libro
654 4527 739 4624 Cap.
756 4527 894 4601 CLXII.
