3654 5302
729 378 927 440 -439-

218 497 320 587 Quod
336 496 479 595 quidem
496 497 610 578 nostri
623 495 822 594 presbytcri
844 503 880 570 et
901 493 1039 570 diaconi
1061 507 1203 571 monere
1228 493 1439 592 debuerunt,

217 621 259 686 ιιι
288 609 554 686 commendatas
582 608 651 684 sibi
675 632 760 684 oves
784 609 829 684 ad
854 609 952 682 viam
977 609 1208 707 deprecandae
1232 608 1361 684 salutis
1385 611 1439 683 in·

217 733 407 800 struerent

751 829 915 916 oxvffl.

522 1025 615 1080 Idem
635 1027 667 1080 ln
687 1025 828 1094 epistola
842 983 890 1080 ad
908 1026 1120 1092 Stephanum.

301 1181 341 1256 Si
350 1181 413 1280 qui
422 1181 622 1281 presbyteri
632 1180 691 1256 val
701 1179 919 1271 diaconi,vel
929 1181 968 1254 in
977 1179 1138 1256 ecclesia
1148 1179 1325 1258 catholica
1335 1183 1437 1282 prius

213 1295 366 1372 ordinati
383 1296 529 1386 fuerint,
542 1305 578 1372 et
591 1295 812 1394 postmodum
825 1295 981 1394 perfidis
994 1294 1142 1372 rebelles
1153 1295 1339 1371 extiterint
1355 1319 1437 1372 con-

212 1419 268 1483 tra
281 1410 479 1486 ecclesiam
493 1410 551 1485 vel
564 1409 658 1508 apud
666 1409 1200 1510 haereticosapseudoepiscopis
1213 1418 1249 1484 ct
1261 1410 1435 1485 antichri-

212 1523 259 1597 sti
277 1533 402 1599 contra
419 1522 556 1600 christi
573 1523 835 1622 dispositionem
856 1523 1037 1622 prophana
1051 1521 1271 1597 ordinatione
1285 1523 1437 1621 promoti

211 1645 308 1724 sunt,
332 1645 369 1711 et
393 1647 518 1711 contra
543 1636 656 1711 altare
683 1661 795 1710 unum
820 1645 929 1734 atque
955 1636 1118 1710 divinum
1145 1635 1322 1710 sacrificia
1348 1635 1435 1711 foris

211 1747 302 1822 falsa
319 1757 355 1824 et
372 1748 551 1846 sacrilega
567 1749 691 1824 offerre
708 1749 826 1824 conati
844 1758 940 1837 sunt,
957 1771 1016 1824 eos
1029 1771 1168 1846 quoque
1181 1747 1249 1824 hac
1261 1748 1437 1824 condicio-

211 1887 256 1938 ne
273 1863 408 1962 suscipi
430 1887 514 1938 cum
540 1871 784 1951 revertuntur,
808 1871 850 1937 ut
874 1862 1141 1938 communicent
1165 1861 1261 1950 laici,
1286 1873 1322 1936 et
1346 1862 1435 1938 satis

209 1975 365 2052 habeant
377 1977 470 2075 quod
482 1976 724 2050 admittuntur
736 1975 781 2050 ad
793 1999 916 2076 pacem
929 1975 991 2073 qui
1008 1974 1117 2050 bostis
1129 1976 1228 2072 pacis
1241 1975 1436 2051 extiterint.

208 2091 289 2165 Nec
303 2089 429 2165 debere
445 2113 504 2165 eos
522 2099 744 2166 revertentes
761 2115 802 2164 ea
814 2091 909 2189 apud
921 2114 986 2165 nos
998 2089 1230 2166 ordinationis
1243 2102 1279 2167 et
1291 2091 1435 2166 honoris

210 2229 310 2278 arma
328 2204 494 2293 retinere,
510 2204 641 2302 quibus
658 2215 781 2280 contra
799 2228 863 2279 nos
881 2204 1143 2280 rebellaverint.
1161 2208 1208 2279 Et
1225 2205 1330 2303 paulo
1346 2223 1433 2304 post.

207 2318 300 2404 Quia
317 2326 353 2392 et
369 2317 399 2392 si
414 2318 482 2415 ipsi
495 2319 717 2416 postmodum
731 2320 775 2392 ad
789 2319 986 2395 ecclesiam
1002 2317 1163 2406 redeunt,
1176 2318 1365 2394 restituere
1382 2327 1434 2392 ta·

207 2453 288 2504 men
306 2454 366 2504 eos
382 2453 487 2506 secus
500 2453 569 2504 non
584 2454 694 2528 posse,
711 2431 772 2528 qui
789 2432 835 2507 ab
848 2433 900 2507 eis
911 2432 1062 2522 seducti,
1075 2441 1111 2506 et
1123 2431 1209 2506 foris
1223 2441 1333 2506 morte
1346 2457 1434 2530 prae·

205 2543 316 2636 venti,
333 2554 369 2620 et
386 2555 485 2620 extra
502 2545 700 2621 aecclesiam
718 2545 796 2620 sine
813 2546 1135 2622 communicatione
1152 2556 1188 2621 et
1211 2571 1296 2644 pace
1322 2547 1433 2644 perie-

191 2667 302 2747 runt,
319 2682 469 2756 quorum
486 2659 616 2732 anima
632 2658 670 2732 in
689 2659 745 2733 die
764 2659 889 2734 iudicii
907 2660 949 2734 da
966 2659 1124 2758 ipsorum
1142 2659 1308 2736 manibus
1329 2685 1431 2759 expe·

205 2781 350 2846 otentur
366 2773 427 2871 qui
445 2772 654 2871 perditionis
670 2782 834 2848 auctores
851 2781 887 2848 et
900 2773 1009 2849 duces
1022 2775 1227 2850 extiterunt.
1241 2779 1289 2850 Et
1300 2775 1432 2851 iccirco

68 2961 72 2968 ,
101 2974 103 2978 v
203 2885 293 2958 satis
310 2895 364 2960 est
381 2885 513 2960 talibus
531 2887 778 2961 reverentibus
795 2889 892 2960 viam
910 2888 999 2977 dari,
1025 2910 1094 2961 nou
1120 2898 1239 2963 tamen
1264 2889 1368 2970 debet
1391 2890 1430 2964 iu

204 2999 307 3073 domo
323 2999 402 3074 fidei
420 2999 566 3100 perfidia
584 3000 793 3098 promoveri.
806 3005 898 3075 Nam
913 3001 1004 3099 quod
1018 3000 1119 3076 bouis
1132 3010 1167 3076 et
1180 3001 1430 3078 innocentibus

203 3121 311 3210 atque
328 3112 373 3188 ab
389 3112 551 3189 aeclesia
568 3135 638 3187 non
657 3113 904 3190 recedentibus
921 3138 1121 3206 servamus,
1138 3116 1170 3189 si
1187 3139 1244 3190 eos
1257 3116 1353 3215 quia
1369 3141 1429 3192 no

203 3223 258 3300 bis
275 3225 499 3317 recesserint,
514 3226 738 3302 honoramus

729 3418 906 3504 Ollllllll.

268 3625 317 3676 Ex
335 3624 419 3678 ltbro
439 3623 602 3678 Ambrosii
620 3622 664 3676 de
682 3622 817 3688 regibus
836 3623 941 3688 gestis
961 3625 994 3676 ln
1010 3623 1195 3678 Mediolano,
1214 3627 1360 3681 ecclesia

297 3794 553 3870 Convenerunt
570 3819 626 3870 me
643 3793 821 3893 principes
838 3793 1030 3886 virtutum,
1043 3795 1192 3872 comites
1204 3797 1427 3874 consistoria-

200 3911 251 4001 ni,
267 3917 309 3984 ut
325 3909 511 3986 basilicam
529 3910 704 3986 traderem
724 3907 898 3998 Arrianis
915 3919 951 3984 et
968 3933 1195 4008 procurarem
1209 3912 1354 4010 nequid
1371 3937 1428 4012 po-

199 4023 307 4122 pulus
319 4022 508 4098 turbarum
521 4033 688 4099 moveret.
701 4022 875 4120 Respondi
890 4024 984 4121 quod
995 4033 1073 4100 erat
1083 4024 1227 4100 ordinis.
1237 4026 1427 4126 Templum

198 4137 263 4212 Dei
279 4161 301 4209 a
319 4135 506 4212 sacerdote
516 4135 611 4210 tradi
629 4158 698 4209 non
716 4157 826 4233 posse.
840 4137 1092 4214 Acclamatum
1106 4148 1170 4214 est.
1184 4140 1355 4238 Sequenti
1368 4141 1425 4218 die

197 4251 236 4325 in
262 4249 424 4326 ecclesia
449 4249 558 4325 etiam
584 4251 774 4348 praefectus
796 4251 975 4327 convenit.
993 4253 1107 4350 Coepit
1123 4253 1272 4330 suadere
1289 4263 1331 4329 ut
1348 4279 1426 4354 por-

198 4361 322 4439 cinam'
337 4363 521 4440 basilicam
540 4364 712 4440 cederem.
730 4365 889 4462 Populus
907 4365 1126 4441 reclamavit.
1152 4370 1207 4440 Ita
1232 4378 1354 4443 tamen
1375 4367 1426 4443 di-

198 4502 357 4555 scessum
376 4488 441 4571 ast,
458 4487 500 4554 ut
516 4478 771 4556 intimaturum
788 4503 827 4556 se
844 4479 1054 4578 Imperatori
1079 4479 1223 4556 dicaret.
1249 4483 1296 4557 Et
1319 4479 1378 4556 inf
1416 4537 1425 4557 .
