3582 5288
898 423 1071 484 ..94-

899 671 1054 756 ‹rrxur

469 903 507 976 Si
521 903 602 1000 quis
620 901 870 977 Sacerdotibus
887 925 951 975 seu
969 897 1183 997 primatibus
1196 896 1373 971 nobilibus
1386 921 1450 972 seu
1464 909 1595 973 cuncto

372 1017 522 1093 concilio
539 1017 648 1090 huius
675 1027 809 1091 sanctae
834 1018 1002 1089 Romanae
1027 1013 1195 1088 ecclcsiae‘
1213 1011 1421 1088 electionem
1443 1011 1594 1085 Romani

373 1131 556 1206 Pontificis
572 1130 813 1204 contradicere
831 1127 1109 1227 praesumpserit,
1127 1129 1222 1203 sicut
1239 1127 1276 1200 in
1299 1125 1450 1203 concilio
1465 1127 1595 1201 beatis·

371 1245 451 1317 simi
471 1243 641 1340 Stephani
660 1246 728 1317 ΡΡ.
746 1253 924 1317 statutum
943 1253 1008 1332 cst,
1026 1241 1216 1316 anathema
1235 1241 1290 1314 sit.

894 1467 1069 1552 GXXHH.

475 1689 512 1764 Si
535 1687 615 1787 quis
633 1689 812 1784 dogmata,
831 1687 1010 1775 mandata,
1027 1685 1228 1778 interdicta,
1245 1687 1447 1760 sanctiones
1464 1684 1522 1759 vel
1540 1685 1597 1758 de·

373 1813 471 1878 creta
488 1826 550 1903 pro
567 1801 743 1878 catholica
762 1799 840 1890 fide,
853 1823 915 1897 pro
933 1799 1177 1875 ecclesiastica
1194 1799 1393 1898 disciplina,
1406 1822 1468 1898 pro
1484 1821 1597 1874 corre·

372 1913 1595 2012 ctionefidelium,proemendationesceleratorum,velinterdictione

373 2030 547 2104 malorum
561 2027 828 2103 imminentium
843 2027 901 2102 vel
914 2027 1119 2102 futurorum
1132 2054 1153 2102 a
1167 2027 1260 2102 sedis
1275 2026 1487 2124 Apostolicae
1502 2027 1594 2098 Prae·

376 2141 453 2217 sule
468 2141 659 2216 salubriter
677 2142 904 2239 promulgata
922 2141 1187 2240 contempserit,
1204 2141 1395 2217 anathema
1412 2141 1468 2214 sit.

915 2368 1049 2452 CXXV.

472 2587 685 2684 Episcopum
712 2585 912 2662 consecrari
931 2608 1000 2658 non
1020 2598 1156 2682 oportet
1174 2587 1244 2661 uisi
1263 2587 1403 2662 aOlero
1418 2597 1454 2661 et
1470 2585 1595 2684 populo

374 2700 482 2774 fuerit
507 2700 716 2797 postulatus
739 2699 841 2774 Unde
868 2697 1071 2774 Celestinus
1096 2703 1165 2774 ΡΡ.
1189 2700 1285 2776 dicit.
1311 2699 1445 2774 Nullus
1470 2699 1595 2773 invitis

373 2813 555 2889 ordinetur
573 2813 778 2912 Episcopus.
797 2813 892 2888 Cleri
916 2823 952 2888 et
970 2812 1082 2910 plebis
1103 2837 1299 2890 consensus
1320 2825 1356 2890 et
1380 2813 1594 2888 desiderium

375 2927 588 3026 requiratur.
606 2931 652 3002 ut
668 2931 746 3003 Leo.
767 2926 879 3001 Nulla
905 2925 995 3000 ratio
1021 2927 1109 3000 sinit
1133 2938 1175 3002 ut
1201 2927 1295 3003 inter
1320 2927 1510 3025 Episcopos
1535 2926 1595 2999 ha·

372 3041 525 3116 beantur
542 3041 604 3139 qui
621 3066 688 3118 nec
705 3068 726 3116 a
744 3042 885 3118 clericis
902 3051 987 3115 sunt
1007 3039 1113 3115 electi
1136 3066 1203 3116 nec
1228 3066 1249 3113 a
1275 3041 1414 3139 populis
1438 3039 1595 3138 expetiti.

373 3155 473 3242 Quod
502 3155 532 3228 si
558 3155 596 3228 in
621 3155 743 3231 eadem
769 3155 920 3231 ecclesia
946 3155 1080 3250 dignus
1106 3177 1175 3228 non
1199 3154 1416 3242 inveniatur,
1440 3163 1528 3228 tunc
1553 3153 1594 3226 de

372 3269 486 3342 altera
503 3267 656 3343 ecclesia
680 3269 849 3366 eligatur.
866 3273 1000 3344 Tamen
1026 3268 1194 3365 quamvis
1220 3267 1415 3344 necessitas
1440 3268 1595 3356 eveniat,

373 3379 471 3454 nullo
488 3381 589 3455 modo
605 3379 643 3454 in
660 3380 792 3456 iudicio
806 3391 1034 3458 consecretur
1052 3382 1187 3456 invitis.
1417 3383 1418 3386 ’

881 3608 1033 3692 exult

472 3837 665 3908 Nrcorsvs
684 3835 820 3907 Servus
839 3857 1023 3908 servorum
1042 3835 1115 3910 Dei.
1134 3835 1447 3910 Reverentissimis
1463 3846 1500 3910 et
1517 3861 1594 3908 san-

374 3943 546 4019 ctissimis
558 3945 798 4020 confratribus
811 3945 943 4021 nostris
956 3947 1237 4044 metropolitanis
1251 3948 1434 4046 Episcopis
1446 3957 1483 4022 et
1495 3958 1596 4022 caete·

375 4057 424 4132 ris
443 4057 627 4156 Episcopis
644 4057 705 4156 qui
724 4059 761 4132 in
779 4059 1004 4135 convicinum
1018 4059 1144 4133 villam
1159 4059 1337 4157 publicam
1352 4087 1457 4136 secus
1470 4061 1595 4141 civita·

374 4181 447 4244 tem
469 4169 686 4246 Silvanectis
707 4171 745 4245 in
766 4171 917 4248 concilio
938 4173 1168 4248 convenistis,
1185 4176 1290 4248 quta
1307 4175 1594 4250 constitutionem

375 4293 509 4359 sanctae
523 4285 726 4360 Sardicensi
744 4286 871 4384 synodi
889 4286 997 4361 etiam
1021 4287 1051 4360 si
1073 4310 1258 4384 nunquam
1278 4285 1517 4362 reclamasset.
1534 4289 1598 4361 Ro·

375 4397 526 4472 thardus
545 4398 741 4496 Episcopus
754 4409 940 4503 nunquam
956 4400 1056 4476 Sedis
1071 4398 1282 4498 Apostolicae
1295 4400 1439 4476 fecisset
1451 4401 1598 4476 mentio

376 4533 459 4585 nem
472 4535 493 4583 a
507 4510 607 4584 vobis
621 4510 682 4608 qui
696 4535 842 4586 causam
857 4514 934 4587 eius
944 4512 1187 4602 examinastis,
1196 4512 1365 4588 memoria
1375 4513 1490 4587 sancti
1502 4513 1597 4588 Petri
