3582 5288
909 385 1111 448 -150-

397 531 468 582 non
485 516 634 607 possunt
649 508 711 607 qui
728 508 766 581 in
783 507 935 583 ecclesia
952 508 1017 582 Dei
1034 508 1225 582 unanimes
1241 507 1445 583 noluerunt.
1462 507 1625 583 Ardeant

398 621 656 700 licet'flammis
671 632 708 696 et
725 621 874 718 ignibus
890 621 1012 696 traditi
1029 621 1089 698 vel
1104 622 1236 697 obiecti
1249 621 1374 696 bestiis
1386 620 1526 696 animas
1539 647 1626 696 suas

398 747 542 836 ponant,
558 759 629 810 nou
646 736 716 811 erit
741 735 805 810 illa
821 736 903 810 fidei
928 759 1067 826 corona,
1084 736 1145 810 sed
1163 759 1264 833 paena
1287 734 1442 833 perfidie,
1459 759 1527 810 nec
1544 733 1627 810 reli·

398 849 509 948 giosae
525 848 675 924 virtutis
687 848 805 924 exitus
817 848 1005 945 gloriosus,
1018 850 1079 924 sed
1091 848 1348 945 desperationis
1364 847 1544 923 interitus.
1558 851 1626 923 Oc-

398 964 469 1039 cidi
486 963 571 1038 talis
587 972 702 1062 potest
725 964 885 1038 coronari
902 986 973 1037 non
999 973 1122 1061 potest.
1139 963 1200 1039 Sic
1217 988 1254 1038 se
1279 962 1527 1038 Christianum
1545 986 1624 1038 esse

397 1079 594 1176 profitetur,
612 1077 783 1176 quomodo
800 1088 837 1152 et
854 1076 1040 1152 Christum
1057 1074 1218 1151 diabolus
1231 1100 1312 1173 sepe
1330 1075 1513 1151 mentitur.
1530 1079 1623 1151 Item

398 1202 617 1291 postpauca.
635 1191 891 1267 Adversandus
915 1201 971 1266 est
986 1189 1070 1265 talis
1094 1197 1201 1286 atquc
1218 1187 1422 1283 fugiendus.
1452 1188 1625 1286 Quisquis

335 1335 338 1341 ·
400 1305 733 1381 lueritabEeclesia
746 1315 942 1404 separatus,
951 1312 1207 1402 persersusest
1219 1300 1477 1390 huiusmodi,et
1489 1312 1624 1400 peccat,

399 1427 435 1493 et
452 1428 507 1494 est
524 1443 545 1490 a
562 1419 751 1517 semetipso
763 1418 963 1491 damnatus.
978 1422 1035 1490 An
1052 1440 1128 1492 esse
1146 1414 1214 1489 sibi
1227 1439 1310 1488 cum
1324 1413 1467 1490 Christo
1479 1413 1625 1488 videtur

400 1531 462 1631 qui
479 1532 671 1607 adversum
689 1531 824 1607 Christi
842 1532 1060 1607 sacerdotem
1078 1528 1193 1602 lacit?
1210 1527 1281 1615 Qui
1298 1551 1337 1600 se
1353 1551 1375 1599 a
1391 1525 1477 1600 cleri
1494 1525 1574 1600 eius
1589 1536 1625 1600 et

400 1642 513 1741 plebis
530 1643 698 1720 societate
723 1645 905 1720 secernit?
922 1651 1034 1718 Arma
1051 1642 1113 1717 ille
1138 1651 1262 1716 contra
1279 1638 1478 1714 Ecclesiam
1496 1648 1623 1736 portat,

399 1767 523 1833 eontra
540 1758 605 1834 Dei
622 1757 884 1855 dispositionem
899 1766 1088 1856 repugnat,
1104 1754 1218 1828 bostis
1234 1753 1360 1827 altaris
1381 1753 1554 1827 adversus
1570 1777 1624 1826 sa-

399 1869 575 1946 cnficium
586 1871 798 1970 rebellispro
811 1871 877 1946 fide
887 1873 1112 1970 perfiduspro
1121 1870 1295 1966 religione
1308 1869 1624 1965 sacrilegusinob-

398 2007 551 2082 sequeus
568 2009 705 2074 servus,
723 1985 821 2058 tilius
841 1985 986 2083 impius,
1002 1987 1116 2060 frater
1132 1985 1310 2059 inimicus.
1328 1988 1419 2059 Item
1437 1983 1475 2056 in
1492 1982 1623 2058 eodem.

399 2095 507 2171 Levis
530 2095 598 2172 boc
622 2097 760 2172 crimen
785 2106 840 2171 est
865 2122 973 2195 quam
992 2099 1084 2196 quod
1107 2098 1146 2171 hi
1168 2097 1229 2196 qui
1254 2097 1551 2172 sacrificaverunt
1566 2095 1624 2170 ad·

398 2209 540 2284 misisse
557 2209 737 2299 videntur,
760 2212 822 2308 qui
839 2221 961 2286 tamen
978 2211 1016 2284 iu
1034 2212 1231 2311 penitentia
1248 2211 1412 2286 criminis
1437 2210 1623 2285 constituti

398 2327 515 2399 Deum
533 2323 648 2422 plenis
666 2324 970 2400 satisfactionibus
987 2325 1233 2426 deprecantur.
1250 2325 1331 2401 Illic
1352 2324 1514 2400 Ecclesia
1531 2349 1625 2422 qua»

399 2439 491 2513 ritur
515 2447 551 2513 et
568 2448 717 2534 rogatur
741 2439 801 2515 bic
817 2440 988 2516 Ecclesiae
1013 2449 1246 2538 repugnatur.
1264 2438 1344 2514 Illic
1364 2447 1479 2536 potest
1504 2462 1624 2513 neces·

399 2553 488 2627 sitas
505 2552 628 2644 luisse,
640 2552 701 2628 bic
714 2553 882 2629 voluntas
895 2563 1037 2630 tenetur
1051 2553 1089 2626 in
1103 2553 1245 2628 scelere.
1258 2551 1338 2626 Illic
1350 2551 1411 2649 qui
1424 2552 1548 2650 lapsus
1559 2563 1624 2642 est,

400 2666 468 2742 sibi
481 2676 622 2742 tantum
635 2667 769 2758 nocuit,
782 2667 843 2743 bic
860 2669 921 2766 qui
939 2669 1043 2743 heres
1056 2676 1121 2755 est,
1134 2667 1193 2740 rel
1207 2692 1331 2764 sysma
1344 2665 1460 2740 facere
1474 2675 1625 2740 conatus

398 2789 464 2871 est,
483 2780 616 2856 multos
633 2805 758 2856 secum
775 2781 947 2856 trahendo
964 2780 1112 2879 decepit.
1129 2779 1209 2854 Illic
1225 2779 1354 2852 animae
1371 2778 1480 2851 unius
1496 2788 1552 2853 est
1568 2779 1625 2852 da·

401 2919 539 2984 mnum,
551 2894 610 2969 hic
624 2893 825 2991 periculum
839 2895 1083 2993 plurimorum.
1097 2893 1201 2968 Certe
1215 2915 1381 2989 peccasse
1399 2915 1436 2965 se
1450 2890 1510 2965 ille
1524 2903 1561 2966 et
1573 2892 1625 2964 in-

397 3007 543 3104 telligit,
556 3017 592 3083 et
604 3007 832 3098 lamentatur,
846 3021 882 3086 et
895 3005 1116 3107 plangit,bic
1130 3015 1275 3080 tumens
1287 3005 1326 3078 iu
1339 3014 1484 3103 peccato
1501 3029 1577 3095 suo,
1589 3015 1625 3081 et

399 3121 437 3193 in
454 3120 542 3218 ipsis
560 3120 626 3195 sibi
644 3121 786 3197 delictis
803 3121 948 3220 placens
965 3148 986 3197 a
1003 3132 1117 3196 matre
1135 3121 1227 3196 filios
1244 3131 1424 3218 segregat,
1436 3143 1520 3196 oves
1533 3147 1554 3194 a
1567 3147 1625 3219 pa-

400 3245 493 3310 store
510 3233 691 3324 sollicitat,
709 3235 774 3309 Dei
793 3246 1019 3312 sacramenta
1037 3237 1215 3313 disturbat
1227 3247 1263 3312 et
1279 3262 1362 3312 curn
1376 3236 1496 3333 lapsus
1513 3236 1624 3312 semel

399 3356 590 3445 peccarent
606 3345 667 3420 bic
685 3348 812 3423 cotidie
826 3359 958 3446 peccat.
973 3353 1155 3426 Postremo
1167 3351 1289 3449 lapsus
1301 3350 1520 3448 martyrium
1534 3359 1624 3447 post·

400 3460 543 3536 modum
557 3471 771 3537 consecutus
784 3472 898 3560 potest
912 3464 1016 3559 regni
1030 3450 1202 3561 promissa
1212 3461 1510 3563 percipere,bicsi
1524 3472 1622 3537 extra

399 3573 586 3650 ecclesiam
604 3575 714 3652 fuerit
729 3577 879 3668 occisus,
896 3577 941 3652 ad
957 3578 1128 3654 Ecclesiae
1141 3601 1211 3653 non
1225 3585 1340 3677 potest
1352 3576 1487 3675 premia
1501 3601 1622 3675 perve·
1700 3660 1704 3666 ,

399 3689 486 3765 nire.
504 3691 552 3764 Et
569 3699 697 3767 cetera.

917 3919 1098 4004 ooxxlu.

500 4147 711 4222 Ambrosius
728 4147 767 4221 in
784 4145 897 4244 primo
914 4147 1003 4223 libro
1028 4147 1235 4224 officiorum.
1253 4148 1378 4245 Neque
1402 4156 1535 4220 temere
1560 4145 1623 4218 ali·

405 4263 486 4363 quis
498 4263 584 4336 dum
598 4261 766 4360 martyrii
780 4262 957 4337 desiderat
970 4262 1124 4359 gloriam
1138 4261 1260 4337 offerat
1274 4285 1310 4335 se
1324 4257 1536 4358 periculum,
1545 4283 1624 4356 quae

404 4377 553 4452 fortasse
563 4397 645 4451 caro
654 4375 829 4450 infirmior
841 4386 906 4451 aut
920 4376 1100 4451 remissior
1112 4376 1255 4450 animus
1264 4373 1414 4448 tolerare
1427 4395 1497 4446 nou
1508 4383 1625 4470 queat,

404 4517 471 4568 nec
489 4515 617 4568 rursus
634 4499 775 4590 propter
792 4490 978 4587 ignaviam
992 4477 1124 4567 eaedem
1138 4491 1274 4588 quisae
1288 4488 1447 4565 deserere
1461 4485 1625 4562 fidelibus
