3654 5302
889 387 1086 450 -404-

377 505 479 580 nulla
495 507 631 582 ratione
648 525 792 584 manera
814 515 938 604 potest.
965 507 1210 604 Hieronymus
1234 529 1342 604 super
1367 499 1602 583 Ma'tthaeum.

375 621 482 695 Latro
499 620 594 696 anim
613 632 678 710 est,
695 632 731 696 ct
747 622 921 721 templum
941 622 1005 697 Dei
1024 623 1060 696 in
1080 621 1259 696 latronum
1277 622 1456 698 convertit
1480 647 1601 721 specu,

376 736 438 832 qui
456 735 557 812 lucra
573 737 615 812 de
634 737 807 833 religione
821 747 990 819 sectatur,
1004 736 1204 832 Cultusque
1218 735 1296 809 eius
1309 759 1378 810 non
1391 747 1464 810 tam
1479 737 1602 812 cultus

377 849 454 938 Dei,
471 874 577 947 quam
596 852 849 946 negotiationis
866 861 921 925 est
937 851 1085 926 occasio.
1103 849 1239 927 Cotidie
1256 851 1383 926 Ihesus
1396 850 1599 946 ingreditur

374 961 546 1059 templum
566 965 685 1036 Patris
702 974 738 1038 ct
754 964 860 1039 eiecit
877 974 952 1038 tam
972 964 1163 1064 Episcopos
1188 990 1295 1063 quam
1316 965 1546 1062 Presbyteros
1563 973 1600 1038 et

375 1075 550 1151 Diaconos
567 1087 603 1152 et
620 1077 730 1154 laicos
747 1091 782 1153 et
799 1079 970 1154 universa
987 1079 1092 1155 turba
1109 1080 1152 1155 de
1170 1079 1332 1154 oecclesia
1348 1103 1425 1168 sua,
1437 1089 1474 1153 et
1491 1077 1600 1151 unius

374 1187 538 1264 criminis
556 1189 689 1266 habant
705 1192 900 1266 vendentes
917 1194 1050 1290 pariter
1067 1203 1104 1269 at
1120 1204 1288 1269 ementes.
1304 1193 1400 1268 Idem
1419 1217 1527 1290 snper
1552 1195 1597 1267 0-

374 1327 441 1376 see.
459 1306 591 1380 Omnes
604 1305 752 1381 heretici
766 1305 880 1382 nichil
894 1306 1064 1381 differunt
1076 1306 1120 1381 ab
1133 1331 1251 1381 errore
1264 1305 1469 1403 gentilium.
1487 1305 1596 1379 Idem.

373 1419 452 1489 Non
470 1428 605 1516 oportet
621 1419 859 1496 hereticorum
877 1419 1138 1494 benedictiones
1155 1420 1329 1517 accipere,
1346 1418 1431 1516 quia
1454 1417 1598 1491 maledi-

373 1529 510 1606 ctiones
528 1543 623 1608 sunt.
639 1533 839 1608 Nicholaus
856 1537 900 1608 ll.
918 1537 1018 1630 Erga
1035 1533 1272 1608 simoniachos
1285 1533 1386 1607 nulla
1401 1533 1597 1607 misericor·

372 1642 430 1715 dia
443 1643 480 1718 in
496 1645 673 1741 dignitate
687 1659 862 1722 servetur.
877 1647 1095 1722 Ambrosius.
1107 1651 1186 1722 Non
1201 1659 1256 1722 ast
1269 1671 1334 1720 vas
1347 1647 1501 1722 vendere
1518 1672 1597 1744 my-

373 1758 522 1832 sterium
550 1760 610 1834 sed
631 1759 764 1836 offerre.
781 1764 860 1848 Nou
878 1761 974 1835 enim
992 1761 1104 1858 pretio
1120 1770 1265 1834 taxatur
1291 1760 1357 1834 Dei
1374 1759 1504 1855 gratia,
1529 1784 1596 1834 nec

372 1872 410 1944 in
436 1875 670 1949 sacramentis
694 1876 837 1952 lucrum
864 1875 1048 1972 quaeritur,
1073 1875 1134 1949 sed
1163 1873 1369 1972 obsequium
1396 1873 1596 1948 sacerdotis.

371 1987 450 2057 Non
468 1994 588 2060 tamen
607 1999 663 2062 sat
679 1998 733 2062 est
749 1989 779 2061 si
797 1987 940 2062 luorum
959 1987 1033 2085 ipse
1051 2011 1120 2061 non
1134 2012 1284 2084 quaeras,
1298 1986 1443 2061 familiae
1455 2009 1594 2084 quoque

371 2107 443 2170 tuae
460 2097 664 2174 cohibendae
681 2111 766 2174 sunt
785 2125 922 2174 manus.
939 2103 1015 2176 Nec
1031 2100 1099 2176 hoc
1116 2103 1329 2198 exposcitur,
1354 2109 1395 2174 ut
1419 2111 1455 2175 te
1477 2100 1593 2174 solum

369 2210 641 2286 immaculatum
660 2223 870 2312 castumque
888 2214 1074 2289 custodiat.
1092 2219 1171 2288 Non
1185 2214 1279 2289 enirn
1299 2213 1387 2288 dicit
1404 2212 1596 2310 Apostolus

370 2333 404 2398 tc
421 2325 548 2415 solum,
565 2327 624 2400 sod
642 2336 677 2400 te
694 2328 810 2424 ipsum
829 2337 968 2400 castum
987 2327 1135 2401 custodi.
1161 2326 1392 2424 Inexpiabilis
1417 2335 1470 2400 est
1495 2325 1593 2400 enirn

368 2439 504 2514 venditi
521 2439 628 2537 culpa
646 2440 807 2514 misterii.
825 2439 985 2538 Denique
1004 2440 1167 2516 Moabitae
1184 2451 1220 2516 et
1241 2440 1350 2516 ceteri
1376 2463 1446 2513 non
1472 2439 1595 2512 introi·

368 2551 456 2627 bant
473 2552 510 2626 in
529 2553 716 2629 ecclesiam
737 2553 880 2628 Domini
899 2555 1066 2652 usquein
1091 2556 1143 2628 III
1165 2564 1201 2628 et
1222 2556 1292 2628 IIII
1312 2552 1593 2649 generationem,

368 2665 478 2740 donec
496 2667 638 2765 culpam
656 2676 843 2742 auctorum
863 2667 1073 2764 multiplicis
1090 2667 1268 2742 successio
1290 2665 1534 2763 generationis
1556 2689 1594 2737 a·

367 2779 510 2856 boleret.
529 2782 598 2856 Sed
615 2807 698 2858 cum
716 2781 768 2854 illi
782 2781 842 2879 qui
858 2781 896 2854 in
910 2784 1022 2856 Deum
1038 2781 1211 2856 idolatria
1224 2805 1342 2856 errore
1354 2780 1591 2876 deliquerant,

367 2905 410 2968 ut
422 2904 473 2970 tot
485 2895 735 2990 generationes
747 2905 868 2970 essent
881 2895 1034 2986 multati,
1049 2895 1203 2992 prolecto
1215 2894 1337 2968 durior
1354 2893 1498 2966 videtur
1514 2915 1591 2966 csse

367 3009 557 3097 sententia,
574 3033 653 3106 quaa
670 3008 771 3084 Giezi
789 3033 910 3086 semen
928 3035 1041 3107 usque
1066 3010 1103 3082 in
1121 3019 1295 3084 aternum
1314 3031 1375 3106 pro
1395 3005 1590 3103 cupiditate

366 3122 518 3198 habendi
533 3123 737 3220 prophetica
749 3123 962 3198 auctoritate
975 3125 1175 3198 damnatur.
1185 3121 1427 3218 Augustinus.
1436 3118 1589 3194 Nullum

366 3249 552 3336 peccatum
567 3239 643 3312 sine
658 3237 852 3334 cupiditate
865 3237 1113 3326 committitur,
1126 3246 1162 3311 at
1175 3235 1290 3310 omnis
1304 3234 1430 3308 illicite
1442 3233 1589 3330 appetit,

366 3352 473 3425 istius
489 3349 674 3426 aviditatis
686 3361 741 3426 est
749 3351 906 3427 morbus.
921 3349 1143 3446 Nullumque
1156 3347 1304 3422 iustitia
1317 3346 1355 3419 in
1368 3345 1467 3419 nullo
1483 3343 1588 3418 corde

367 3463 564 3560 vestigium
583 3465 621 3538 in
638 3487 707 3561 quo
724 3463 792 3538 sibi
810 3463 964 3538 avaritia
981 3462 1067 3538 fecit
1083 3461 1343 3538 habitaculum.

876 3627 1081 3714 LXXXVII.

461 3801 656 3877 Nicholaus
674 3825 801 3876 servus
817 3824 1004 3876 servorum
1024 3799 1101 3873 Dei.
1118 3795 1431 3872 Reverentissimis
1448 3806 1484 3869 et
1507 3819 1589 3868 san·

366 3913 538 3990 ctissimis
554 3915 616 4012 qui
632 3913 677 3988 ad
696 3913 897 3990 Concilium
912 3913 1141 3988 convenistis.
1155 3915 1254 3986 Inter
1267 3921 1396 3986 cetera.
1409 3913 1505 4004 Lege
1519 3913 1589 3983 Im-

366 4038 566 4127 peratorum
582 4049 651 4100 non
666 4027 704 4099 in
717 4026 882 4101 omnibus
895 4025 1159 4102 aeclesiasticis
1172 4023 1423 4100 controversiis
1433 4023 1588 4098 utendus

366 4165 455 4230 esse,
472 4141 668 4238 praesertim
688 4165 771 4214 cum
789 4141 980 4214 conveniat
997 4140 1218 4235 evangelicae
1234 4163 1276 4213 ac
1302 4137 1482 4213 canonicae
1508 4161 1588 4209 san-

365 4255 474 4330 ctioni
492 4253 707 4352 aliquotiens
723 4254 877 4328 obviare.
894 4253 948 4326 Ad
966 4255 1057 4350 quod
1070 4253 1328 4328 ostendendum
1342 4251 1493 4325 duorum
1507 4250 1589 4325 heo

365 4393 446 4442 rum
464 4369 663 4444 Innocentii
682 4368 821 4443 scilicet
838 4377 874 4442 et
891 4367 1056 4463 Gregorii
1072 4369 1160 4440 satis
1173 4367 1358 4440 sufficiunt
1371 4364 1586 4438 testimonia.

364 4487 520 4556 Sanctus
537 4483 680 4580 quidem
698 4483 929 4558 Innocentius
946 4483 983 4552 in
1001 4479 1170 4553 decretali
1188 4477 1337 4575 epistola
1358 4477 1485 4551 snaed
1505 4477 1586 4550 Ale·
