3654 5302
931 405 1129 468 -434-

415 525 549 601 maiora
565 525 643 603 esse
661 525 859 601 furentium
878 525 1016 602 scelera
1033 552 1140 626 quam
1164 525 1387 602 sacerdotum
1408 525 1542 602 iudicia
1558 548 1643 602 cen·

415 651 641 728 seamns,aut
654 642 734 740 plns
747 642 995 717 existimemus
1009 640 1053 713 ad
1067 638 1355 736 impugnandum
1369 661 1470 736 posse
1483 637 1643 711 humana

416 757 615 845 conamina,
632 780 740 854 quam
757 757 848 854 quod
866 757 911 830 ad
924 755 1181 853 protegendum
1196 753 1366 851 praevalet
1382 751 1504 826 divina
1518 750 1642 826 tutela.

415 875 477 947 An
491 870 537 946 ad
553 870 619 946 hoc
636 871 748 948 frater
763 869 952 945 karissime
967 867 1173 966 deponenda
1190 875 1245 941 est
1269 864 1455 940 catholicae
1470 863 1644 940 aecclesiae

415 984 586 1080 dignitas,
603 993 640 1060 et
658 983 768 1082 plebis
786 982 1003 1081 interposite
1021 981 1154 1070 fideles,
1170 990 1277 1078 atque
1302 980 1510 1076 incorrupta
1534 977 1643 1052 maie·

415 1107 501 1171 stas.
517 1099 563 1171 Et
580 1096 810 1172 sacerdotalis
827 1119 966 1193 quoque
983 1094 1179 1170 auctoritas
1193 1119 1236 1170 nc
1249 1103 1414 1192 potestas,
1426 1103 1469 1167 ut
1482 1092 1642 1167 iudicare

342 1237 346 1242 ·
416 1234 454 1284 se
468 1209 560 1284 velle
574 1211 697 1286 dicant
709 1210 752 1285 de
764 1208 936 1284 aecclesiae
949 1209 1123 1306 proposito
1135 1219 1235 1284 extra
1248 1205 1642 1284 aecclesinmconstituti

415 1322 586 1414 heretici,
604 1324 646 1399 de
664 1347 750 1398 sano
766 1322 892 1410 saucii,
909 1323 951 1397 de
969 1323 1112 1419 integro
1128 1321 1322 1410 vulnerati,
1338 1322 1381 1396 de
1406 1331 1524 1396 stante
1541 1319 1644 1418 lapsi,

416 1435 460 1511 de
476 1436 594 1512 iudice
611 1437 674 1524 rei,
691 1437 734 1512 de
752 1437 932 1512 sacerdote
950 1435 1148 1531 sacrilegi?
1165 1439 1213 1510 Et
1228 1443 1307 1532 post
1324 1458 1447 1532 pauca.
1461 1434 1500 1508 Si
1518 1457 1642 1530 pacem

416 1551 607 1650 postulant,
620 1576 720 1626 arma
733 1551 918 1649 deponant.
933 1551 971 1624 si
985 1549 1225 1638 satisfaciunt,
1238 1549 1324 1646 quid
1337 1551 1549 1624 minantur?
1567 1557 1644 1622 Aut

417 1663 447 1738 si
465 1659 739 1754 comminantur,
757 1664 874 1740 sciant
891 1663 975 1763 quia
992 1671 1013 1738 a
1031 1663 1274 1738 sacerdotibus
1294 1663 1358 1738 Dei
1372 1687 1441 1738 non
1456 1662 1643 1738 timentur.

415 1781 540 1878 Neque
556 1779 653 1854 enim
670 1789 706 1855 et
718 1777 955 1854 antichristus
972 1803 1056 1853 cum
1069 1775 1193 1852 venire
1206 1777 1340 1874 ceperit
1353 1777 1513 1852 introibit
1529 1775 1644 1852 eccle·

416 1891 506 1964 siam
525 1892 609 1990 quia
627 1891 724 1966 mina
740 1902 804 1969 aut
820 1890 931 1965 armis
950 1890 1029 1965 eins
1045 1901 1110 1965 aut
1126 1890 1306 1966 violentioe
1322 1891 1473 1978 ceditur,
1487 1889 1571 1988 qnia
1589 1913 1644 1964 rc-

415 2004 585 2079 sistentes
602 2003 860 2101 peremiturum
876 2029 914 2079 se
928 2027 1005 2078 esse
1019 2005 1215 2102 profitetur.
1230 2009 1383 2078 Armant
1395 2027 1459 2078 nos
1471 1999 1643 2092 haeretici,

416 2117 501 2191 dum
519 2141 583 2192 uos
599 2127 729 2215 putant
745 2141 811 2190 sua
828 2117 1103 2192 comminatione
1121 2117 1258 2193 terreri.
1276 2121 1352 2193 Nec
1369 2117 1407 2190 in
1429 2117 1559 2192 faciem
1576 2141 1642 2192 nos

415 2230 576 2307 deiciunt
592 2231 653 2306 sed
671 2231 789 2327 magis
805 2231 955 2326 erigunt
971 2241 1008 2304 et
1020 2229 1199 2305 accedunt
1211 2230 1296 2303 dnm
1311 2228 1379 2329 ipsi
1391 2254 1514 2329 pacem
1528 2253 1643 2327 persc-

290 2413 293 2418 .
416 2343 560 2418 cutione
577 2343 729 2441 peiorem
746 2343 919 2420 fratribus
936 2343 1085 2418 faciunt.
1107 2346 1154 2416 Et
1179 2343 1284 2441 paulo
1308 2353 1395 2443 post.
1421 2345 1573 2417 Oramus
1597 2369 1641 2418 ac

416 2457 649 2554 deprecamur
667 2460 782 2532 Deum
800 2481 906 2554 quem
924 2480 1115 2555 provocare
1128 2457 1181 2530 illi
1195 2467 1232 2532 et
1248 2455 1459 2532 exacerbare
1472 2480 1543 2532 non
1555 2456 1642 2530 desi·

417 2579 521 2660 nunt,
535 2581 579 2645 ut
590 2571 710 2646 furore
726 2571 882 2669 deposito
895 2571 940 2646 ad
953 2573 1148 2646 sanitatem
1162 2571 1293 2644 mentis
1307 2570 1463 2659 redeant,
1475 2583 1511 2645 et
1523 2570 1641 2665 magis

416 2690 540 2777 petant
553 2679 654 2754 fundi
668 2703 730 2778 pro
743 2705 780 2756 se
798 2707 921 2781 preces
937 2683 1114 2758 antistitis
1127 2707 1235 2781 quarn
1249 2683 1316 2780 ipsi
1332 2683 1484 2759 fundant
1495 2685 1642 2780 sangui·

416 2818 498 2867 nem
517 2793 717 2868 sacerdotis.
736 2795 775 2868 Si
793 2805 915 2870 autem
940 2795 977 2870 in
1003 2796 1124 2872 furore
1150 2821 1214 2872 suo
1239 2799 1511 2894 permanserint,
1536 2807 1641 2896 atque

415 2909 453 2979 in
471 2907 550 2981 istis
568 2907 708 2982 insidiis
726 2933 769 2983 ac
796 2909 904 2984 minis
931 2909 1008 2985 suis
1025 2909 1300 3008 parricidalibus
1317 2911 1511 2987 crudeliter
1527 2935 1640 3009 persc-

416 3023 768 3112 veraverint,nullus
780 3023 843 3098 Dei
853 3026 1017 3100 sacerdos
1026 3024 1253 3099 sicinfirmus
1263 3034 1327 3114 cst,
1337 3025 1365 3099 si
1376 3025 1498 3100 iacens
1507 3025 1642 3101 etabie·

416 3143 508 3224 ctus,
525 3135 584 3232 qui
604 3159 674 3209 non
692 3144 816 3212 contra
834 3135 953 3210 hostes
970 3145 1006 3211 et
1019 3137 1290 3234 impugnatores
1305 3139 1370 3212 Dei
1383 3139 1559 3213 divinitus
1575 3138 1642 3213 eri-

418 3259 564 3344 gantur.
581 3249 670 3323 Eius
695 3250 791 3324 enim
815 3249 1005 3325 humilitas
1030 3259 1066 3324 et
1090 3249 1283 3326 infirmitas
1307 3251 1435 3347 vigore
1459 3261 1496 3327 et
1522 3251 1641 3326 robore

419 3361 560 3434 Domini
579 3361 799 3458 protegentis
816 3363 1006 3438 animetur.
1023 3366 1155 3437 Nostra
1173 3364 1287 3439 nichil
1304 3363 1463 3452 interest,
1480 3376 1546 3441 aut
1561 3387 1641 3463 quc,

417 3481 481 3546 aut
498 3497 567 3570 qun
584 3473 683 3548 modo
699 3499 898 3574 pereamus,
916 3476 1042 3551 mortis
1059 3488 1094 3552 et
1111 3476 1302 3574 sanguinis
1319 3479 1503 3578 praemium
1530 3504 1551 3552 a
1577 3482 1642 3553 Dc

418 3585 517 3660 mino
532 3588 743 3684 percepturi.
768 3587 915 3662 Illorum
941 3589 1058 3665 fienda
1082 3603 1118 3668 et
1143 3593 1371 3668 lamentanda
1395 3593 1556 3669 condicio
1576 3605 1641 3684 est,

418 3720 506 3795 quos
522 3698 575 3773 sic
591 3699 752 3774 diabolus
768 3710 923 3790 excecat,
941 3711 983 3776 ut
1007 3714 1149 3779 aterne
1170 3705 1346 3802 gehennae
1370 3706 1546 3808 supplicia
1570 3731 1640 3781 non

418 3809 630 3906 cogitantes,
646 3811 851 3888 antichristi
870 3814 941 3888 iam
959 3817 1229 3915 propinquantis
1246 3818 1441 3893 adventum
1467 3829 1642 3894 conentur

418 3924 564 3999 imitari.
581 3925 849 4002 Florentissimo
865 3927 942 4003 illic
958 3928 1054 4004 clero
1070 3938 1190 4005 tecum
1208 3929 1422 4030 presidenti,
1439 3941 1476 4006 et
1492 3933 1642 4008 sanctis

418 4036 508 4112 simo
525 4047 632 4135 atque
648 4039 868 4137 amplissime
880 4039 989 4137 plebi,
1007 4040 1130 4138 legere
1147 4052 1182 4118 te
1199 4031 1339 4117 litteras
1355 4052 1496 4118 nostras
1509 4065 1642 4140 precor.

419 4147 611 4226 Declinent
622 4161 742 4226 autem
752 4151 795 4227 de
804 4161 922 4227 cetero
935 4153 1075 4228 fortiter
1084 4162 1121 4228 et
1129 4153 1267 4228 evitent
1279 4153 1505 4229 dilectissimi
1517 4153 1641 4228 fratris

418 4261 531 4335 nostri
549 4263 658 4338 verba
676 4273 712 4338 et
728 4264 903 4362 colloquia
921 4289 1055 4356 eorum,
1072 4289 1222 4364 quorum
1243 4290 1358 4342 sermo
1372 4277 1412 4341 ut
1424 4291 1555 4342 cancer
1570 4293 1643 4344 ser-

331 4431 333 4434 .
419 4373 473 4471 pit
490 4373 585 4450 sicut
601 4375 653 4450 ait
670 4376 870 4473 Apostolus.
896 4378 1142 4478 Corrumpunt
1158 4380 1307 4476 ingenia
1319 4379 1421 4468 bona,
1438 4380 1643 4456 confabula-

419 4485 534 4562 tiones
551 4488 722 4584 pessimre.
737 4491 781 4562 Et
794 4489 935 4570 iterum.
954 4490 1170 4566 Haercticum
1190 4492 1369 4568 hominem
1382 4505 1461 4592 post
1477 4517 1588 4568 unam
1605 4503 1643 4568 et
