3638 5294
751 401 950 466 -507-

238 529 333 593 runt.
344 519 399 594 Ad
412 521 591 597 adiutores
603 525 750 622 Ignatii,
765 524 923 622 recipitis
936 525 1109 600 iudicium
1124 537 1296 601 nostrum.
1306 531 1460 625 Respon-

235 630 366 706 derunt
383 632 443 706 ita.
461 634 530 720 Qui
544 636 693 712 hoc'non
707 636 845 734 recipit,
857 661 923 712 neo
936 639 1108 736 apostolos
1122 639 1258 738 recipit.
1271 642 1459 738 Apoorisa-
1491 628 1495 634 ’

235 745 280 817 rii
298 745 476 822 dixerunt.
495 749 595 825 Licet
611 752 711 827 nobis
728 763 764 826 et
782 761 989 849 potestatem
1006 751 1179 832 hebemus
1195 754 1240 826 ab
1258 755 1460 851 Apostolioo

236 867 273 933 et
289 858 501 958 imperatore
517 863 654 938 iustum
671 865 830 941 iudicare
847 865 1031 939 iudicium.
1050 867 1330 964 Responderunt.
1349 874 1458 945 Ante·

236 995 342 1068 quam
359 973 675 1070 praeiudicaremur
693 977 846 1051 multum
864 977 1145 1052 desideravimus
1158 979 1385 1054 sanctitatem
1400 1007 1459 1056 ve-

234 1095 358 1174 stram,
371 1089 506 1162 nuncsi
519 1089 635 1187 placet
649 1093 720 1166 Deo
732 1089 904 1166 ultionem
918 1089 1143 1188 requirimus.
1153 1094 1255 1167 Item.
1268 1091 1458 1171 Adiutores

233 1200 368 1295 Ignatii
386 1201 562 1277 dixerunt.
580 1209 660 1279 Vox
676 1229 860 1302 personam
878 1204 1114 1301 apostolorum
1128 1205 1279 1295 habetis,
1297 1207 1350 1283 sie
1369 1207 1459 1282 iudi·
1550 1245 1553 1252 .

234 1323 313 1388 cate
331 1339 441 1405 nuno,
458 1317 559 1414 quasi
586 1317 759 1392 rationem
786 1318 967 1392 reddituri.
992 1321 1091 1394 Item.
1124 1320 1339 1417 Apoorisarii
1364 1323 1459 1400 dixe-

234 1435 329 1500 runt.
348 1429 467 1502 Nostis
484 1431 576 1528 quod
593 1455 715 1505 omnes
732 1431 914 1528 dampnati
932 1442 1140 1529 potestatem
1164 1433 1297 1509 habent
1316 1460 1458 1512 revoca·

234 1563 271 1612 re
289 1563 433 1614 causam
452 1567 564 1616 suam.
582 1545 622 1616 In
641 1552 831 1640 conspectu
849 1548 964 1645 Papae,
981 1557 1022 1621 ut
1040 1547 1100 1622 iIIe
1115 1547 1234 1623 mittat
1247 1548 1308 1646 qui
1323 1550 1458 1626 iudicet

232 1653 417 1747 negotium
435 1653 590 1744 illorum,
603 1665 639 1730 et
652 1655 682 1728 si
695 1655 789 1731 iuste
802 1655 961 1732 damnati
976 1669 1061 1734 sunt
1074 1669 1115 1734 nt
1130 1671 1305 1735 maneant.
1319 1662 1357 1736 Si
1371 1687 1457 1738 vero

232 1788 302 1839 non
322 1776 362 1840 ut
380 1769 596 1843 emendetur.
621 1773 723 1844 Item.
749 1769 984 1869 Apocrisariis
1009 1771 1098 1844 dixit
1123 1773 1299 1868 Ignatius.
1317 1777 1389 1848 Nos
1414 1775 1452 1848 in

235 1879 409 1954 iudicium
429 1884 689 1972 revocavimus,
707 1885 808 1982 quasi
827 1894 997 1982 potentes,
1015 1895 1051 1959 et
1064 1885 1236 1960 habentes
1248 1887 1457 1964 canonicam

233 1993 494 2070 auctoritatem.
512 1999 611 2070 Item.
638 1997 855 2094 Apocrisarii
880 1997 1048 2073 dixerunt
1070 1999 1222 2094 Ignatio
1248 2001 1341 2075 Cum
1366 2000 1457 2076 irata

233 2107 1348 2211 reclamaritRomeZachariasepiscopusetBenediotusPapa
1359 2114 1459 2189 misit

232 2221 298 2295 tibi
315 2223 498 2321 epistolam
517 2234 557 2299 nt
570 2225 762 2322 imperator
780 2250 862 2299 cum
881 2225 976 2299 dicto
990 2226 1150 2300 mitteret
1166 2227 1400 2324 apocrisarios
1413 2229 1458 2302 ad

231 2334 458 2433 apostolicam
477 2337 606 2424 sedem,
624 2347 660 2411 et
678 2362 819 2411 rursum
843 2337 965 2412 veniet
990 2337 1084 2412 idem
1111 2339 1302 2414 Zacharias
1327 2341 1458 2438 episco-

232 2473 298 2546 pus
324 2474 408 2525 cum
434 2449 516 2524 aliis
541 2449 752 2548 quibusdam
780 2461 819 2524 ut
844 2451 1032 2550 utriusque
1058 2452 1170 2546 partis
1195 2453 1233 2526 in
1260 2463 1455 2553 conspectu

174 2587 180 2600 ¹
231 2565 337 2659 Papae
352 2563 585 2638 ventilaretur
603 2565 800 2660 negotium,
817 2575 853 2639 et
869 2564 930 2640 hio
948 2565 1091 2663 quidem
1111 2565 1222 2656 venit,
1239 2576 1280 2640 tu
1294 2591 1379 2642 vero
1396 2593 1455 2642 ne·

232 2699 411 2773 quaquam
427 2675 569 2751 misisti.
584 2677 749 2772 Ignatins
766 2677 865 2766 dixit,
878 2689 913 2752 et
926 2701 995 2776 qno
1008 2704 1129 2754 mense
1143 2679 1250 2779 recipi
1269 2681 1454 2778 epistolam

233 2791 348 2886 Papae,
359 2789 614 2888 responderunt
626 2790 1325 2887 nescimuslgnatiusdixitluliomense
1336 2794 1454 2892 recepi

230 2902 425 2999 epistolam,
439 2913 516 3001 post
528 2906 633 2984 VIIII
647 2914 710 2976 ant
723 2907 758 2978 X
771 2904 907 2980 eiectus
920 2931 1012 2994 sum,
1025 2915 1060 2980 et
1069 2908 1209 3002 quando
1218 2905 1326 2980 habui
1337 2909 1454 2984 mitte-

232 3021 296 3091 re?
312 3020 402 3091 Item
416 3017 589 3092 Iohannes
603 3019 843 3114 prospaturius
856 3018 954 3092 dixit.
969 3019 1194 3094 Consuetudo
1207 3030 1262 3094 est
1274 3021 1367 3118 apud
1381 3044 1455 3111 nos,

231 3139 384 3228 putoque
401 3131 495 3228 apud
512 3153 576 3204 vos
593 3130 650 3217 sit,
668 3141 709 3203 ut
725 3132 865 3228 qnando
883 3133 1034 3208 moritur
1050 3133 1266 3231 patriarcha,
1282 3147 1456 3211 convocat

230 3243 421 3341 imperator
438 3267 560 3318 omnes
577 3244 767 3342 episcopos,
781 3254 816 3319 et
833 3248 1043 3336 sacerdotes,
1060 3257 1096 3321 et
1112 3247 1267 3336 abbates
1284 3258 1320 3322 et
1343 3249 1457 3326 diaeo-

230 3380 304 3430 nos,
317 3361 369 3432 Ite
382 3367 418 3432 et
430 3357 609 3432 decernite
623 3381 702 3456 quae
716 3360 812 3432 Deus
825 3360 1050 3456 suggesserit
1063 3359 1165 3435 vobis
1182 3370 1218 3436 et
1231 3361 1353 3438 afferte
1369 3362 1455 3436 mihi

231 3479 392 3544 vestrum
410 3470 604 3544 decretum.
622 3470 769 3544 Vadunt
786 3469 901 3566 igitur
919 3484 955 3547 et
979 3473 1164 3569 vestigant
1188 3485 1225 3548 ct
1249 3498 1455 3571 quemcum-

230 3607 298 3681 que
315 3583 490 3679 eIegerint
507 3583 678 3657 nuntiant
699 3584 902 3681 imperatori
928 3595 964 3660 et
987 3596 1076 3662 tunc
1101 3589 1270 3663 annuerit
1294 3589 1452 3672 ordinari

229 3698 334 3772 etsie
351 3697 553 3794 suscipiunt
570 3723 662 3771 eum.
676 3701 765 3774 Item
783 3701 949 3794 Ignatius
966 3700 1064 3775 dixit.
1083 3703 1242 3776 Domnus
1256 3701 1452 3779 Tharasins

229 3821 359 3908 patera
369 3811 500 3884 femina
514 3821 695 3908 promotus
708 3829 772 3887 cst.
782 3815 976 3910 Imperator
985 3813 1084 3889 dixit.
1094 3819 1149 3890 Ne
1158 3815 1257 3890 dicas
1271 3815 1453 3892 feminam.

99 3909 103 3918 ’
230 3923 371 4000 Etenim
390 3924 523 4000 femina
539 3924 736 4022 imperante
754 3925 872 4000 factus
889 3935 943 4000 est
960 3927 1111 4001 domnus
1125 3927 1327 4003 Methodius
1344 3938 1380 4004 et
1397 3929 1456 4003 do·

230 4063 337 4111 mnus
354 4037 557 4111 Tharasins,
571 4041 658 4113 Item
673 4037 879 4137 apocrisarii
893 4037 1069 4114 dixerunt.
1082 4039 1259 4128 Quoniam
1273 4039 1344 4114 iam
1359 4051 1456 4115 tran·

229 4151 291 4224 siit
314 4151 388 4225 dies
405 4161 441 4225 et
457 4151 590 4225 tardior
606 4151 690 4226 horo
709 4162 773 4241 est,
791 4153 908 4250 placet
924 4153 1128 4251 imperatori
1146 4165 1181 4230 et
1206 4155 1306 4229 nobis
1332 4155 1451 4230 locuni
1566 4152 1568 4157 ’

227 4264 432 4338 tenentibus
446 4267 550 4362 Papae
564 4275 604 4338 nt
616 4264 718 4340 hodie
732 4266 959 4363 quiescamus
972 4278 1008 4342 et
1021 4267 1188 4342 volumus
1203 4279 1242 4342 ut
1261 4293 1454 4366 parasceve

229 4380 351 4454 veniat
367 4379 496 4453 iterum
515 4379 559 4452 od
577 4402 639 4453 nos
658 4379 834 4483 Ignatius,
846 4390 888 4455 ut
902 4381 1109 4480 respondeat
1121 4381 1165 4456 ad
1178 4381 1325 4458 obiecta.
1342 4385 1385 4456 In
1399 4383 1452 4458 iu·

229 4491 362 4574 dicium
381 4519 461 4573 cum
481 4517 659 4574 vocamus.
1591 4485 1594 4492 ¹
