3638 5294
915 427 956 442 -
979 396 1046 459 eos
1071 429 1113 442 -

869 629 872 635 .
921 544 1108 634 CXXXVI.

888 725 1147 780 Excedam.

500 860 593 932 Sane
611 857 899 934 Tiresulonicensi
916 859 1089 958 Episcopo
1107 861 1396 936 communicante
1420 861 1463 935 ob
1488 870 1626 936 metum

403 971 625 1068 imperatoris
643 970 824 1045 Anastasii
842 971 1025 1048 Timotheo
1042 973 1430 1070 Constantinopolitano
1451 973 1626 1070 episeopo,

402 1085 463 1180 qui
482 1082 674 1159 concilium
693 1084 954 1159 Galoedonense
971 1084 1378 1174 anathematizaverant‚
1391 1087 1456 1158 XL
1468 1083 1625 1181 episcopi

401 1196 572 1295 Hyllirici
589 1207 626 1271 et
642 1199 780 1272 Grecife
804 1197 1056 1272 convenientes
1081 1197 1117 1270 in
1139 1223 1265 1289 uuum,
1286 1220 1348 1294 par
1369 1197 1623 1296 professionem

401 1310 600 1407 inscriptis
618 1311 749 1385 factem
767 1321 809 1385 ut
825 1336 846 1383 a
864 1311 1003 1409 proprio
1022 1309 1292 1407 metropolitano
1308 1310 1561 1398 discesserunt,
1585 1319 1625 1382 et

400 1425 548 1496 Romam
566 1422 748 1497 mittentes
765 1425 923 1497 Murano
940 1423 1113 1521 Episcopo
1137 1423 1401 1498 communicare
1419 1423 1457 1496 in
1478 1421 1624 1528 scriptis

400 1534 548 1632 professi
569 1543 664 1608 sunt.
682 1538 728 1610 Et
743 1534 851 1634 paulo
868 1545 955 1632 post.
972 1536 1064 1611 Cum
1079 1537 1273 1612 Dioscorus
1286 1536 1404 1610 iunior
1416 1561 1545 1610 manus
1557 1537 1624 1608 im·

399 1648 607 1746 positionem
621 1649 827 1746 accepisset,
841 1659 1067 1725 recesserunt
1080 1648 1559 1724 multitudinesrusticorum
1572 1649 1623 1722 di-

399 1769 530 1835 centes.
544 1760 637 1846 Quia
649 1760 686 1834 ni
691 1761 721 1834 si
734 1761 932 1836 secundum
945 1763 1037 1859 quod
1051 1761 1234 1836 continent
1246 1784 1400 1836 canones
1413 1771 1622 1836 sanctorum

400 1875 649 1971 Apostolorum
667 1875 740 1965 fiat,
753 1899 823 1948 non
838 1875 1030 1972 recipietur
1043 1873 1248 1971 Episcopus.
1263 1874 1446 1971 Principes
1458 1876 1556 1966 enim
1569 1874 1622 1946 iu-

397 1985 690 2063 thronizaverant
707 2013 799 2064 eum.
817 1991 908 2062 Item
927 1997 1003 2086 post
1019 1987 1150 2084 aliqua.
1169 1989 1274 2060 Sexto
1291 1987 1432 2084 imperii
1455 1987 1623 2060 Iustinia·
1700 2081 1705 2090 Ι

397 2123 453 2189 no,
473 2101 647 2176 Iohannes
665 2105 761 2201 Papa
778 2101 983 2175 Bizantium
1000 2101 1164 2188 renitet
1184 2099 1360 2174 invitatus
1377 2100 1422 2174 ab
1439 2101 1622 2198 Epyfanio

398 2213 607 2290 Patriarcha
624 2239 694 2288 non
712 2215 903 2304 consensit,
919 2237 1032 2312 usque
1051 2235 1120 2310 quo
1145 2211 1324 2310 Epyfanio
1347 2212 1554 2312 praesideret
1579 2222 1621 2286 ut

399 2336 478 2423 pote
496 2329 592 2424 Papa
610 2303 844 2400 Romanus*
1009 2315 1012 2321 ⁵
1057 2395 1059 2402 .
1122 2407 1128 2418 ,

883 2623 1127 2677 Ineadem.

492 2785 618 2858 Mundi
647 2808 740 2858 anno
769 2767 824 2860 Vi
852 2785 1022 2872 CCXVII
1055 2785 1197 2857 Divinae
1230 2781 1492 2858 Incarnationis
1525 2807 1618 2858 anno

395 2897 597 2973 DCOXVII
614 2922 708 2972 anno
724 2899 865 2996 imperii
883 2899 1009 2972 Leonis
1028 2899 1149 2970 VIIII⁰
1168 2897 1365 2992 Gregorius
1378 2900 1429 2970 ΙΙΙ
1443 2900 1539 2994 Papa
1554 2901 1618 2970 Ro

396 3033 510 3082 manae
526 3021 633 3106 praest
650 3011 845 3086 AEcclesiae.
863 3013 940 3097 Quo
956 3010 1125 3085 videlicet
1141 3033 1245 3098 anno,
1257 3009 1493 3106 oapitimpius
1511 3010 1619 3107 impe·
1751 3109 1753 3114 Ι

394 3131 489 3195 rator
507 3125 574 3198 Leo
590 3124 816 3222 depositionis
833 3132 958 3198 contra
971 3133 1116 3200 sanctas
1134 3123 1311 3217 imagines
1325 3124 1443 3198 facere
1458 3123 1617 3198 verbum.

395 3236 495 3323 Quod
512 3261 594 3311 cum
613 3239 796 3314 didicisset
813 3236 1011 3333 Gregorius
1028 3239 1124 3332 Papa
1138 3237 1329 3324 Romanus,
1345 3235 1482 3308 tributa
1495 3239 1619 3310 Roma-

332 3390 341 3416 .
394 3350 561 3424 naeurbis
572 3351 940 3448 prohibuitetltaliae,
950 3348 1164 3424 scribensad
1177 3350 1328 3424 Leonem
1342 3348 1620 3446 epistolamdog·

304 3456 310 3475 ⁰
394 3461 573 3550 mutinam,
590 3486 660 3537 non
677 3456 831 3562 oportem
850 3463 1097 3560 imperatorem
1115 3459 1157 3533 da
1175 3459 1243 3534 tide
1259 3458 1376 3534 facere
1401 3459 1565 3548 verbum,
1582 3469 1618 3534 et

393 3573 552 3647 novitate
569 3574 704 3649 violare
729 3575 877 3672 antiqua
903 3575 1071 3669 dogmata
1088 3570 1260 3646 oecclesiae
1285 3571 1571 3669 catholicaque
1596 3596 1617 3644 a

393 3685 530 3758 sanetis
547 3686 709 3782 patribus
726 3696 811 3760 sunt
828 3687 1028 3785 pradicata.
1041 3685 1088 3757 Et
1104 3682 1208 3758 infra.
1226 3685 1268 3756 In
1284 3684 1413 3758 seniori
1434 3693 1554 3759 vestro
1578 3687 1617 3758 R.

394 3797 592 3891 Gregorius
617 3799 883 3874 sacratissimus
899 3799 958 3872 vir
975 3796 1211 3894 Apostolicus,
1226 3807 1265 3871 et
1287 3799 1384 3873 Petri
1407 3796 1557 3873 verticis
1571 3803 1616 3871 Α·

392 3909 610 4007 postolorum'
620 3934 812 4000 consessor,
824 3910 932 3986 verbo
945 3920 981 3985 et
993 3919 1077 3983 actu
1088 3931 1291 3998 coruscans
1301 3909 1454 3983 removit
1467 3913 1613 3984 Romam

391 4029 427 4093 ot
443 4019 585 4094 Italiam
603 4045 740 4096 necnon
757 4032 793 4097 et
809 4021 928 4096 omnia
941 4030 1014 4094 tam
1029 4021 1080 4094 rei
1098 4017 1261 4116 publica,
1278 4045 1386 4118 quam
1400 4020 1616 4096 ecclesiasti·

392 4155 443 4204 cm
459 4131 539 4204 iura
557 4133 593 4205 iu
612 4133 803 4232 Hesperiis,
824 4133 867 4207 ab
885 4133 1082 4207 obedientia
1100 4133 1227 4206 Leonis
1243 4141 1279 4206 et
1296 4133 1436 4231 imperii
1456 4133 1523 4207 sub
1540 4133 1616 4230 ipso

392 4245 588 4318 constituti.
606 4248 652 4318 Et
666 4245 770 4342 paulo
782 4255 868 4343 post.
885 4249 977 4319 Saue
992 4243 1190 4340 Gregorius
1203 4246 1469 4320 sacratissimus
1482 4246 1613 4344 praesul

392 4357 572 4431 Romanus
589 4357 885 4453 quemadmodum
905 4357 1066 4454 praedixi,
1080 4359 1310 4434 Anestasium
1325 4360 1616 4460 Constantinopo-

391 4466 544 4542 litauum
565 4469 776 4567 Episcopum
796 4494 868 4542 uua
885 4494 968 4544 cum
988 4469 1107 4544 libello
1122 4471 1264 4547 abiecit.
1280 4475 1430 4548 Leonem
1457 4497 1519 4569 per
1543 4473 1614 4570 epi-
