3654 5302
907 425 948 442 -
973 389 1038 454 368
1065 423 1103 436 -

944 545 1067 670 unu

556 724 605 775 Ex
624 723 738 781 sinodo
756 725 859 788 Papae
877 721 1019 776 simachi
1035 723 1270 790 episcoporum
1288 721 1456 798 ccxvm.

486 861 567 933 Non
585 858 721 956 placuit
741 857 874 942 laicum
893 857 1123 933 statuendum
1149 858 1186 931 in
1211 857 1373 933 aecclesia
1398 855 1528 936 habere
1552 855 1615 929 ali-

393 994 500 1068 quam
518 981 739 1070 potestatem,
757 971 816 1046 cui
842 972 1080 1070 subsequendi
1099 982 1219 1047 manet
1236 971 1441 1057 necessitas,
1459 993 1528 1044 non
1554 995 1616 1043 au·

391 1085 537 1160 ctoritas
554 1085 761 1186 imperandi.
783 1084 949 1162 Eulalius
976 1086 1170 1183 Episcopus
1195 1086 1421 1162 siracusanae
1446 1082 1616 1159 aecclesiae

387 1196 489 1274 dixit.
506 1198 623 1274 Laicis
640 1198 806 1296 quamvis
824 1198 1014 1294 religiosis
1030 1198 1132 1272 nulla
1158 1197 1410 1275 ecclesiasticis
1435 1196 1616 1280 facultati-

390 1309 468 1402 bus,
476 1321 518 1386 ut
530 1311 581 1386 ait
592 1312 730 1410 primus
740 1315 835 1411 Papa
845 1311 1049 1410 Stephanus
1059 1311 1194 1411 aliquid
1207 1311 1463 1411 disponendum
1478 1310 1615 1407 legitur

393 1447 546 1522 usquam
563 1425 737 1501 attributa
754 1425 919 1504 facultas.

932 1591 1072 1676 XLVII.

487 1765 579 1839 Cum
597 1787 644 1838 ex
660 1763 814 1838 diversis
830 1763 1024 1863 provinciis
1042 1765 1086 1839 ad
1104 1764 1237 1838 Urbem
1254 1767 1402 1839 Romam
1420 1763 1611 1839 convenire

390 1876 589 1953 sacerdotes
607 1877 717 1973 Regis
730 1876 890 1952 Thecrici
906 1877 1115 1974 praecepisse
1135 1879 1342 1968 auctoritas
1354 1888 1396 1952 ut
1409 1879 1451 1952 de
1464 1878 1520 1951 bis
1534 1901 1613 1974 quae

389 1991 586 2067 venerabili
605 1995 709 2091 Papae
726 1993 944 2089 Symmacho
961 1991 1171 2087 Apostolicae
1188 1991 1281 2066 sedis
1306 1991 1471 2090 praesulis
1494 1991 1539 2064 ab
1555 1991 1614 2064 ad-

389 2105 559 2180 versariis
577 2105 691 2202 ipsius
704 2105 915 2180 dicebantur
928 2103 1095 2204 impingi,
1109 2105 1305 2179 secundum
1319 2103 1511 2179 concilium
1525 2103 1615 2176 iudi·

389 2227 499 2306 caret,
517 2217 676 2314 Liguriae
692 2228 728 2292 et
745 2218 884 2292 Emiliae
901 2217 1065 2316 episcopi,
1083 2242 1145 2293 seu
1163 2217 1399 2293 Venetiarum
1424 2240 1615 2313 suggesse·

388 2341 475 2405 runt
491 2330 657 2430 principi,
674 2330 791 2427 ipsum
809 2331 872 2428 qui
888 2329 1072 2406 dicebatur
1090 2330 1245 2428 impetus
1258 2331 1420 2404 debuisse
1432 2331 1610 2427 synodum

387 2465 595 2532 convocare,
612 2443 766 2521 scientes
784 2444 868 2543 quia
885 2443 964 2518 eius
981 2443 1053 2518 sedi
1071 2443 1229 2542 primum
1248 2442 1346 2518 Petri
1364 2443 1525 2540 Apostoli
1541 2467 1614 2519 me·

388 2558 511 2649 ritum,
526 2559 586 2635 rel
603 2559 854 2658 principatum,
871 2559 996 2634 deinde
1015 2565 1138 2631 secuta
1156 2555 1350 2631 iussionem
1372 2555 1513 2629 Domini
1531 2579 1613 2630 con·
1639 2563 1641 2566 ’

387 2671 553 2746 ciliorum
562 2673 853 2748 'venerandorum
866 2669 1061 2746 auctoritas
1075 2669 1298 2764 singularem
1312 2669 1351 2742 in
1364 2669 1527 2744 ecclesiis
1540 2677 1613 2743 tra-

387 2785 478 2860 didit
494 2794 712 2883 potestatem.
725 2789 800 2860 Nec
817 2785 996 2859 antedicta
1013 2781 1106 2857 sedis
1122 2781 1321 2858 antistitem
1336 2782 1517 2857 minorum
1531 2782 1613 2857 sub·

387 2895 542 2972 iacuisse
558 2897 699 2972 iudicio,
716 2900 762 2971 Et
779 2897 883 2970 infra.
900 2897 957 2971 Ad
973 2895 1040 2972 hoo
1057 2895 1307 2970 serenissimus
1330 2900 1414 2986 Rex,
1431 2898 1504 2971 Deo
1521 2894 1613 2992 aspi·

388 3018 490 3085 rante
506 3010 695 3107 respondit,
711 3009 750 3082 in
767 3008 932 3106 synodali
949 3033 1025 3084 esse
1046 3008 1203 3098 arbitrio,
1220 3011 1258 3082 in
1275 3019 1375 3084 tanto
1392 3009 1534 3106 negotio
1558 3033 1612 3085 se-

387 3121 528 3217 quenda
544 3121 782 3220 prescribere.
800 3125 877 3196 Nec
892 3121 1029 3218 aliquid
1045 3121 1089 3194 ad
1107 3145 1155 3211 se,
1173 3131 1300 3220 praeter
1318 3123 1552 3198 reverentiam
1566 3121 1610 3196 de

386 3232 640 3309 ecclesiasticis
657 3233 812 3329 negotiis
836 3233 1022 3331 pertinere.
1048 3234 1286 3310 Committens
1310 3234 1418 3310 etiam
1444 3235 1609 3332 potestati

386 3345 605 3442 pontificum,
622 3345 699 3421 sive
713 3347 930 3443 propositum
947 3345 1084 3421 uellent
1096 3347 1220 3422 audire
1237 3348 1435 3442 negotium,
1448 3347 1525 3424 sire
1539 3347 1612 3422 nol·

385 3456 472 3546 lent,
489 3459 582 3556 quod
601 3459 718 3555 magis
735 3467 903 3556 putarent
921 3466 962 3532 ut
980 3458 1041 3535 illc
1066 3459 1314 3549 deliberarent,
1338 3460 1526 3536 dummodo
1550 3485 1611 3535 ve.

385 3569 535 3644 nerandi
552 3571 752 3668 provisione
768 3569 913 3646 concilii
926 3594 996 3667 pax
1007 3573 1045 3646 in
1059 3573 1208 3649 civitate
1222 3577 1381 3649 Romana
1393 3574 1547 3650 daretur.
1564 3579 1609 3648 Et

386 3693 600 3781 postpauca.
617 3683 858 3758 Invitavimus
876 3687 1049 3759 Senatum
1062 3685 1326 3783 amplissimum
1338 3685 1437 3784 quali
1451 3687 1609 3784 oportuit

385 3797 564 3893 legatione
573 3797 712 3874 destina
723 3797 800 3897 (sic)
811 3809 992 3874 monentes
1002 3797 1273 3888 etinstruentes,
1283 3799 1493 3896 Symmachi
1504 3790 1609 3897 Papa

384 3933 511 3985 causas
529 3911 594 3986 Dei
606 3910 724 4008 ipsius
742 3934 818 3986 esse
835 3911 967 3986 iudicio
984 3911 1268 4000 committendas,
1285 3911 1347 4008 qui
1364 3911 1462 3986 valet
1478 3935 1607 4010 corpus

383 4022 543 4098 occidere
559 4032 595 4097 et
612 4024 769 4098 animam
789 4026 930 4099 mittere
947 4024 985 4097 in
1002 4021 1218 4119 gehennam,
1235 4025 1297 4122 qui
1316 4023 1406 4102 dicit
1422 4025 1512 4098 mihi
1530 4027 1609 4098 vin·

382 4133 516 4210 dictam
533 4157 601 4231 ego
618 4136 784 4226 retribuo,
802 4137 897 4234 apud
914 4160 1017 4234 quem
1037 4135 1256 4212 conscientia
1273 4136 1369 4212 nuda
1382 4145 1447 4226 est,
1460 4136 1518 4212 cui
1532 4161 1607 4220 non

382 4244 648 4322 absconduntur
664 4248 815 4324 occulta.
833 4249 1002 4345 cogitare
1025 4249 1217 4347 prudentes
1242 4249 1340 4324 viros
1365 4259 1511 4347 oportet,
1536 4274 1606 4324 non

382 4383 460 4433 esse
473 4358 595 4434 ovium
604 4359 680 4458 lupi
693 4360 841 4435 insidias
854 4362 1050 4459 praevidere
1063 4363 1124 4436 sed
1138 4362 1298 4459 pastoris.
1312 4363 1524 4460 Apostolicae
1533 4363 1609 4438 sedi

382 4469 474 4568 quod
492 4491 669 4568 possessor
685 4471 763 4546 eius
780 4472 957 4570 quondam
975 4473 1101 4550 beatus
1120 4477 1249 4548 Petrus
1267 4477 1398 4550 meruit
1419 4474 1457 4550 in
1483 4475 1609 4550 nobili·
