3582 5288
892 371 1086 436 -1182-

380 505 610 593 agnoscatur.
624 494 732 584 Adeo,
750 503 791 568 ut
808 517 922 592 neque
939 492 1091 569 ecclesia
1107 493 1231 593 ipsius,
1244 517 1361 594 neque
1375 496 1603 584 monasteria,

379 609 458 686 sive
482 609 559 699 filii,
576 607 635 684 vel
652 606 810 707 oppressi
836 631 1008 706 pauperes
1033 606 1112 682 eius
1136 630 1226 705 erga
1241 631 1281 682 se
1306 607 1509 685 dilectionis
1530 617 1605 682 stu-

379 723 480 798 dium
497 722 667 812 sentient,
684 746 751 798 nec
767 721 948 820 aliquibus
960 720 1247 818 supplicantibus
1260 721 1329 797 sibi
1345 721 1383 797 in
1401 721 1533 822 quibus
1549 723 1604 797 iu·

380 845 477 912 stum
502 847 558 913 est
580 859 681 936 opem
707 835 923 912 defensionis
939 836 1155 926 accomodat,
1180 847 1216 911 et
1234 859 1303 935 quo
1319 835 1438 912 adhuc
1460 837 1531 913 dici
1548 847 1606 913 est

382 953 546 1050 gravius,
563 952 713 1028 consilia
731 952 947 1052 sapientium
965 959 1002 1026 et
1018 958 1117 1026 recta
1130 951 1360 1026 suadentium
1377 950 1480 1024 nulla
1497 952 1608 1048 patia-

381 1077 442 1143 tur
462 1067 599 1143 ratione
619 1067 867 1166 susciperent
883 1067 945 1166 qui
963 1089 1025 1166 per
1043 1090 1080 1140 se
1105 1065 1238 1163 nequid
1263 1065 1458 1154 attendere,
1475 1065 1520 1140 ab
1536 1065 1607 1140 alio

382 1180 509 1256 saltem
527 1181 637 1280 possit
653 1181 845 1258 addiscere.
863 1185 910 1256 Et
923 1180 1027 1272 inira.
1045 1180 1193 1267 Quodsi
1212 1181 1261 1255 ita
1279 1190 1344 1271 est,
1360 1203 1430 1254 non
1449 1180 1526 1256 sine
1542 1191 1607 1256 tua

385 1295 492 1394 culpa
504 1319 583 1384 esse
596 1317 792 1392 cognoscas
809 1295 870 1393 qui
888 1320 971 1370 eum
989 1295 1180 1392 obiurgare
1198 1306 1306 1394 atque
1323 1307 1541 1372 coercerent
1557 1295 1609 1370 di·

382 1433 499 1506 gnum
511 1419 566 1484 est
579 1408 761 1484 distulisti.
775 1412 821 1483 Et
834 1408 940 1507 paulo
952 1419 1040 1509 post.
1050 1409 1228 1484 Volumus
1241 1421 1283 1485 ut
1295 1436 1378 1486 eum
1391 1429 1511 1486 coram
1524 1409 1607 1484 aliis

384 1522 626 1598 sacerdotibus
651 1521 709 1597 vel
726 1521 940 1620 quibusdam
957 1523 1000 1598 de
1018 1523 1101 1598 filiis
1118 1525 1194 1599 suis
1211 1525 1389 1601 nobilibus
1413 1523 1607 1600 contestari

383 1662 446 1737 pro
458 1637 526 1714 hac
540 1662 577 1713 re
591 1637 717 1724 debeas
731 1647 766 1714 ct
778 1637 899 1712 ortari.
910 1637 949 1713 Si
959 1663 1043 1714 vero
1052 1641 1145 1738 quod
1158 1664 1227 1716 non
1238 1641 1419 1716 credimus
1428 1640 1606 1738 posthanc

384 1751 664 1827 adhortationem
678 1761 849 1839 nostram,
859 1751 962 1826 solito
973 1753 1090 1829 adhuc
1103 1777 1200 1830 more
1213 1754 1415 1850 neglegens
1427 1779 1505 1830 esse
1518 1764 1607 1828 tem-

387 1865 554 1964 ptaverit,
571 1864 617 1940 ad
641 1888 705 1941 nos
729 1889 811 1941 eum
836 1865 947 1940 modis
971 1865 1136 1940 omuibus
1152 1866 1462 1956 transmittendus,
1479 1877 1520 1940 ut
1543 1865 1604 1941 hic

386 1979 522 2078 positus
535 1979 671 2056 discere
686 1979 806 2078 possit,
820 1979 906 2078 quid
919 1979 978 2055 vel
991 1979 1145 2077 qualiter
1157 1981 1354 2056 secundum
1369 1979 1434 2056 Dei
1446 1980 1609 2056 timorem

388 2116 498 2190 agere
515 2092 707 2170 conveniat
722 2093 951 2170 sacerdotem.

905 2319 1088 2405 ouxxffl.

485 2550 683 2648 Gregorius
692 2548 1078 2627 Athemiosubdiacouo
1087 2551 1302 2650 Campania.
1311 2550 1483 2628 Pervenit
1493 2551 1537 2624 ad
1547 2572 1611 2624 nos

389 2664 594 2764 Campania
618 2665 798 2764 episcopos
818 2663 869 2739 ita
885 2663 1124 2762 neglegentes
1140 2665 1307 2755 existere,
1323 2676 1366 2742 ut
1386 2666 1612 2740 immemores

388 2778 532 2853 honoris
544 2779 601 2854 sui
619 2779 738 2876 genio,
755 2803 870 2877 neque
886 2801 975 2876 erga
992 2779 1174 2868 ecclesias,
1192 2803 1309 2878 neque
1322 2803 1411 2876 erga
1424 2777 1515 2853 filios
1528 2801 1612 2852 suos

389 2903 537 2993 paterne
554 2891 756 2990 vigilantia
772 2916 896 2968 curam
922 2891 1097 2984 exibeant,
1119 2892 1178 2968 vel
1203 2892 1497 2968 monasteriorum
1519 2889 1613 2966 solli·

390 3007 588 3086 citudinem
610 3016 751 3106 gerant,
767 3031 831 3083 seu
844 3007 883 3081 in
895 3029 1141 3106 oppressorum
1160 3030 1197 3081 se
1213 3029 1411 3106 pauperum
1424 3003 1612 3079 tuitionem

390 3123 607 3223 impendant.
624 3123 776 3219 Ideoque
793 3120 861 3198 hae
875 3121 941 3196 tibi
953 3122 1167 3198 auctoritate
1184 3119 1422 3220 precipimus,
1439 3127 1481 3193 ut
1497 3117 1550 3193 eis
1566 3114 1611 3191 ad

391 3248 427 3315 te
451 3237 667 3326 convocatis,
683 3261 727 3313 ex
750 3245 870 3312 nostro
894 3234 974 3311 illos
1001 3236 1166 3312 mandato
1189 3234 1352 3310 districte
1381 3254 1614 3321 commoneas,

392 3352 564 3453 quatinus
576 3353 627 3428 ita
644 3353 684 3427 in
701 3353 758 3431 his
774 3378 854 3451 quae
871 3375 931 3426 eos
947 3349 1041 3426 iuste
1058 3348 1256 3426 secuudum
1274 3349 1391 3422 Deum
1408 3368 1517 3442 agere
1535 3367 1616 3422 con·

392 3467 495 3543 venit
506 3466 704 3564 vigilantes
716 3465 883 3555 existant,
895 3473 937 3539 ιιι
953 3464 1098 3539 nullum
1116 3487 1180 3538 nos
1197 3463 1239 3538 de
1257 3461 1311 3537 eis
1322 3462 1438 3537 denuo
1451 3483 1614 3533 murmur

393 3591 587 3682 exasperet.
600 3583 640 3658 si
658 3607 764 3681 quem
781 3604 866 3657 vero
882 3602 1004 3655 eorum
1021 3587 1099 3678 post
1116 3577 1182 3654 hoc
1199 3576 1453 3673 neglegentem
1471 3597 1548 3649 esse
1561 3594 1614 3648 co

392 3700 574 3802 gnoveris,
599 3699 644 3775 ad
665 3722 729 3774 uos
746 3722 829 3773 eum
851 3696 930 3772 sine
954 3695 1075 3793 aliqua
1105 3689 1333 3768 excusatione
1357 3687 1547 3775 trasmitte,
1575 3693 1616 3759 ut

394 3843 503 3918 quam
521 3816 570 3891 sit
585 3839 700 3913 grave
717 3813 812 3889 nolle
837 3811 957 3887 abhis
981 3834 1060 3908 quae
1088 3802 1378 3906 reprehensibilia
1394 3811 1430 3876 et
1446 3799 1549 3875 valde
1566 3797 1617 3872 vi-

394 3929 594 4029 tuperanda
619 3937 705 4003 sunt
721 3925 868 4024 corrigi,
883 3921 1045 4021 regulari
1063 3921 1102 3995 iu
1115 3945 1153 3996 se
1169 3918 1290 3994 valeat
1302 3914 1524 3994 districtione
1539 3937 1616 3988 sen·

395 4045 526 4123 tentiae.

905 4179 1108 4270 tbllillll.

493 4391 692 4489 Gregorius
708 4387 873 4465 omnibus
890 4381 1083 4485 Episcopis.
1099 4377 1203 4454 Nulli
1228 4376 1283 4451 ias
1299 4382 1354 4451 est
1370 4371 1431 4447 vel
1448 4369 1542 4447 velle
1561 4367 1619 4443 vel

398 4535 460 4610 per
472 4533 510 4585 sc
526 4503 731 4603 transgredi
745 4500 955 4602 Apostolicae
972 4499 1067 4575 sedis
1079 4504 1268 4597 precepta,
1282 4514 1349 4568 nec
1361 4488 1466 4565 cuius
1479 4485 1620 4585 disposi-
