3654 5302
912 383 1110 450 -3'70-

403 529 555 604 quorum
573 505 691 605 potius
707 504 857 580 utilitati
872 506 1129 582 consulendum
1143 515 1197 583 est
1209 531 1316 606 quam
1331 505 1519 582 voluntati.
1530 509 1622 581 Nam

403 618 440 691 in
456 619 676 720 corripiendo
689 619 762 694 filio
775 619 971 717 quamlibet
983 643 1118 717 aspere,
1130 645 1317 718 nunquam
1330 630 1623 718 tamenamorpa·

401 741 528 807 ternus
547 732 737 808 amittitur.
754 732 814 805 Fit
827 741 946 807 tamen
960 733 1052 830 quod
1065 733 1162 808 nolet
1173 745 1215 808 ut
1228 734 1354 823 doleat,
1367 735 1429 833 qui
1446 735 1555 809 etiam
1572 735 1624 807 in·

404 843 503 920 vitus
520 845 664 923 videtur
681 845 799 923 dolere
816 847 1007 920 sanandus.
1025 845 1197 944 Pelagius
1214 849 1252 922 in
1277 857 1428 944 regesto.
1448 851 1528 923 Non
1550 871 1624 945 per·

403 959 577 1056 sequitur,
590 959 662 1034 nisi
675 959 737 1058 qui
750 959 794 1034 ad
808 959 944 1034 malum
957 960 1065 1057 cogit.
1079 961 1149 1049 Qui
1163 985 1248 1037 vero
1260 961 1395 1036 malum
1412 962 1473 1037 vel
1488 962 1623 1040 factum

402 1071 474 1147 iam
492 1075 607 1172 punit,
624 1074 682 1150 vel
700 1073 861 1173 prohibet
877 1099 923 1150 ne
940 1075 1014 1164 fiat,
1031 1097 1102 1149 non
1119 1075 1345 1173 persequitur
1367 1076 1446 1162 istc,
1470 1076 1531 1150 sed
1547 1074 1625 1149 dili-

402 1185 469 1280 git.
485 1189 580 1260 Nam
603 1178 633 1261 si
651 1195 693 1262 ut
709 1186 855 1285 quidam
872 1195 1012 1285 putant,
1028 1210 1132 1262 nemo
1149 1211 1215 1263 nec
1228 1187 1475 1284 reprimendus
1487 1211 1508 1260 a
1522 1187 1624 1277 malo,

403 1324 471 1376 neo
490 1300 724 1376 retrahendus
747 1301 793 1375 ad
817 1301 949 1376 bonum
974 1310 1040 1390 est,
1064 1300 1242 1376 humanas
1266 1301 1336 1375 hac
1359 1301 1502 1376 divinas
1527 1302 1626 1397 leges

404 1437 548 1489 necesse
568 1424 623 1490 est
639 1415 820 1504 evacuari,
838 1439 917 1512 quae
929 1424 965 1490 et
978 1414 1084 1488 malis
1097 1439 1235 1512 paenam
1249 1425 1285 1490 et
1296 1414 1398 1489 bonis
1411 1415 1556 1512 proemia
1574 1415 1626 1488 iu-

403 1527 503 1602 stitia
520 1529 692 1604 suadente
712 1528 948 1604 constituunt.
961 1529 1098 1604 Malum
1112 1554 1197 1604 vero
1211 1554 1355 1627 scysma
1372 1539 1427 1604 est
1439 1527 1548 1602 etiam
1565 1554 1627 1628 per

403 1649 592 1716 extraneas
613 1651 803 1740 potestates
820 1641 1100 1741 opprimendum.
1117 1643 1306 1716 Fabianus
1323 1640 1394 1728 Qui
1410 1641 1628 1738 omnipoten-

405 1763 479 1828 tem
497 1757 612 1830 Deum
630 1756 769 1845 metuit,
786 1781 853 1831 noc
871 1766 994 1830 contra
1017 1755 1272 1852 Evangelium,
1297 1779 1364 1830 nec
1389 1763 1513 1829 contra
1538 1759 1630 1850 Apo

404 1869 525 1960 stolus
541 1895 610 1946 nec
631 1881 754 1946 contra
772 1871 967 1970 Prophetas
983 1869 1042 1945 vel
1059 1879 1264 1944 sanctorum
1291 1871 1439 1942 Petrum
1460 1866 1628 1940 instituta

404 2006 513 2077 agere
531 1983 666 2081 aliquid
684 1985 859 2061 ullomodo
876 1985 1063 2060 consentit.
1073 1983 1249 2060 Clemens.
1259 1981 1511 2059 Certissimum
1529 2005 1628 2053 nam·

404 2119 473 2193 que
491 2097 653 2194 estquod
670 2122 785 2195 neque
801 2099 973 2188 amicitia,
990 2124 1105 2198 neque
1126 2097 1372 2197 propinquitas
1396 2095 1551 2192 generis,
1567 2119 1629 2169 ne·

405 2232 473 2306 que
488 2211 594 2305 regni
607 2210 955 2287 sublimitashomini
968 2213 1152 2310 pretiosior
1165 2211 1269 2288 debet
1281 2234 1358 2286 osse
1370 2209 1628 2305 veritate,quia

405 2321 521 2396 nichil
538 2324 728 2420 pretiosius
744 2333 799 2399 est
815 2325 945 2400 anima.
962 2329 1040 2403 Leo.
1053 2325 1123 2414 Qui
1140 2325 1229 2400 alios
1245 2324 1291 2399 ab
1307 2347 1425 2398 errore
1442 2346 1513 2396 non
1530 2343 1629 2395 revo

405 2443 475 2524 cat,
492 2440 650 2534 seipsum
668 2462 787 2513 errare
812 2439 1042 2514 demonstrat.
1058 2441 1155 2516 Idem
1174 2437 1366 2514 Anatholio
1383 2436 1564 2534 Episcopo.
1580 2434 1629 2508 ll-

404 2547 467 2622 lud
484 2574 568 2624 sane
586 2549 781 2647 plurimum
799 2551 913 2626 nichil
929 2550 1115 2648 displicere
1132 2551 1309 2648 significo,
1326 2549 1417 2648 quod
1434 2549 1528 2623 inter
1544 2546 1630 2622 dile-

404 2661 533 2736 ationis
551 2673 622 2739 tuae
638 2665 787 2740 clericos
803 2665 947 2762 quidam
968 2689 1045 2740 csse
1063 2665 1244 2754 dicuntur,
1261 2665 1323 2763 qui
1340 2663 1626 2738 adversariorum

404 2777 621 2852 conveniant
641 2778 823 2877 pravitati,
840 2788 876 2854 et
900 2778 1055 2853 vesaniae
1071 2778 1169 2852 vasis
1186 2777 1437 2852 misericordiae
1454 2775 1628 2849 miscean-

404 2898 475 2964 tur.
483 2891 622 2978 Quibus
635 2891 900 2988 investigandis
913 2901 949 2966 et
965 2891 1157 2966 severitate
1173 2914 1335 2986 congrua
1348 2888 1561 2976 coercendis,
1569 2887 1628 2963 de·

403 3001 464 3077 bet
480 3004 670 3101 diligentia
687 3014 750 3078 tua
770 3003 969 3101 vigilanter
994 3003 1171 3089 insistere,
1187 3005 1238 3078 ita
1263 3013 1305 3078 ut
1330 3004 1387 3077 his
1404 3003 1534 3101 quibus
1551 3025 1628 3100 pro·

405 3115 506 3192 desse
518 3143 588 3194 non
602 3120 758 3218 potuerit
775 3117 1041 3204 correctionum
1058 3127 1181 3214 parcat
1197 3117 1356 3192 abscisio.
1367 3119 1513 3213 Oportet
1529 3115 1626 3190 enim

404 3253 469 3304 nos
486 3231 690 3326 evangelici
710 3230 915 3306 meminisse
933 3229 1102 3320 mandati,
1111 3231 1203 3328 quod
1215 3229 1260 3304 ab
1277 3229 1355 3327 ipsa
1371 3229 1525 3304 veritate
1541 3251 1628 3325 praa

405 3341 549 3437 cipitur,
567 3353 608 3417 ut
633 3343 663 3417 si
688 3367 752 3419 nos
769 3343 906 3433 oculus,
923 3352 987 3418 aut
1003 3367 1075 3441 pes,
1091 3351 1155 3416 aut
1179 3342 1303 3417 dextra
1328 3338 1627 3416 scandalizaverit

405 3479 575 3529 manusa
598 3479 770 3555 compage
795 3456 992 3545 auferatur,
1008 3455 1093 3554 quia
1118 3453 1247 3529 melius
1271 3453 1319 3528 sit
1342 3451 1400 3526 his
1421 3452 1459 3525 in
1475 3449 1625 3526 ecclesia

405 3593 528 3645 carere
554 3569 804 3659 membrorum,
821 3593 928 3667 quam
955 3595 1040 3645 cnm
1061 3569 1148 3666 ipsis
1165 3568 1204 3641 in
1222 3577 1355 3642 aeterna
1372 3566 1424 3640 ire
1441 3565 1626 3663 supplicia.

406 3685 499 3756 Nam
517 3682 695 3782 superfluo
711 3689 812 3757 extra
828 3681 1016 3758 ecclesiam
1029 3682 1152 3780 positis
1165 3680 1376 3767 resistimus,
1389 3679 1420 3752 si
1432 3677 1478 3752 ab
1490 3677 1548 3751 his
1564 3677 1626 3774 qui

406 3796 506 3870 intus
524 3797 664 3871 suntin
682 3795 734 3871 eis
751 3817 840 3893 quos
856 3795 1041 3895 decipiunt
1057 3793 1303 3870 vulneramur.
1321 3791 1515 3866 Abieienda
1532 3813 1627 3888 pror

405 3935 468 4006 sus
486 3910 653 4006 pestifera
669 3907 746 3984 haec
763 3931 785 3979 a
803 3906 1013 3983 sacerdotali
1032 3907 1157 4003 vigore
1175 3905 1347 4005 patientia
1363 3913 1428 3993 est,
1445 3927 1525 4002 quae
1542 3903 1625 3978 sibi·

406 4033 481 4098 met
497 4023 652 4121 peccatis
669 4022 820 4096 aliorum
838 4020 1012 4118 parcendo
1030 4043 1100 4094 non
1113 4020 1239 4117 parcit,
1249 4019 1344 4093 siout
1353 4016 1435 4091 Heli
1449 4016 1628 4114 quondam

407 4138 605 4214 sacerdotes
623 4137 776 4210 filiorum
796 4159 942 4211 suorum
956 4133 1086 4209 deuicta
1102 4131 1285 4207 tolerando
1301 4155 1384 4206 cum
1401 4130 1489 4229 ipsis
1506 4129 1627 4203 divine

408 4251 545 4327 iustitie
570 4249 785 4325 sententiam
810 4249 943 4336 meruit
968 4247 1131 4346 experiri,
1156 4245 1240 4344 quia
1268 4243 1373 4340 segni
1398 4241 1628 4338 indulgentia

408 4363 651 4438 dissimulavit
672 4362 826 4461 plectere
851 4372 1062 4462 peccatores.
1080 4363 1263 4448 Quantum
1289 4357 1409 4454 itaque
1425 4354 1628 4456 opportuni·

406 4491 461 4550 tas
487 4477 760 4563 invitatofficii,
778 4475 986 4570 religiosum
1013 4473 1208 4573 prinoipem
1234 4470 1376 4545 dilectio
1399 4479 1464 4542 tua
1485 4468 1628 4544 studeat
