3638 5294
880 356 1081 419 -ulo-

369 478 671 572 transgredimur.
684 479 731 550 Et
748 475 1047 571 Carthaginensis
1064 475 1223 574 synodus
1240 477 1383 548 XXXV
1401 499 1476 571 cap.
1492 473 1589 550 dicit.

368 589 604 686 Pracipimus
621 599 662 662 ut
679 587 799 664 clerici
818 587 1076 662 donatistarum
1096 613 1220 661 rursus
1237 587 1275 660 iu
1293 587 1481 664 ecclesiam
1501 589 1588 662 reci·

365 702 522 798 piantur,
539 702 706 799 quamvis
724 701 878 798 primum
893 726 913 772 a
927 702 1063 799 synodo
1087 701 1233 798 depositi
1259 702 1403 776 fuerint.
1422 703 1587 798 Synodos

365 815 472 889 etiarn
491 815 669 912 synodum
683 815 800 901 solvit,
816 825 956 912 propter
969 815 1157 904 unitatem,
1170 824 1206 888 et
1220 839 1343 911 pacem
1357 815 1526 890 ecclesiae.
1541 820 1587 890 Et

368 927 599 1002 Innocentius
617 931 713 1026 Papa
731 931 774 1000 V.
792 927 908 1024 capite
926 928 1023 1002 dicit.
1041 928 1111 1014 Qui
1128 928 1277 1025 promoti
1295 937 1382 1002 sunt
1405 953 1426 1000 a
1452 931 1587 1003 Bonoso

365 1039 543 1128 haeretico,
556 1039 786 1136 recipiantur,
800 1065 844 1114 ne
857 1041 1024 1115 scandala
1038 1041 1075 1114 in
1088 1041 1240 1116 ecclesia
1253 1040 1435 1137 pullulent.
1444 1044 1523 1114 Non
1534 1065 1586 1114 so·

365 1151 441 1253 lum
460 1163 580 1228 autem
600 1175 661 1250 pro
674 1152 790 1226 heresi
808 1153 975 1249 depositis
996 1153 1195 1254 Apostolica
1212 1154 1312 1229 sedes
1330 1154 1406 1250 paci
1421 1153 1587 1229 ecclesia·

364 1265 454 1340 stice
467 1266 615 1340 studens
628 1265 792 1341 adiutorii
807 1291 952 1339 manum
969 1269 1135 1364 porrexit,
1148 1268 1207 1342 sed
1221 1277 1258 1342 et
1266 1267 1464 1343 orthodoxis
1473 1293 1588 1341 saeer-

365 1378 505 1453 dotibus
518 1388 554 1455 et
567 1379 833 1476 patriarclrisad
841 1404 919 1453 eam
929 1381 1232 1476 confugientibus,
1243 1384 1338 1455 sicut
1346 1390 1382 1454 et
1391 1405 1488 1455 nune
1501 1379 1587 1453 Pho

364 1492 438 1566 tius
454 1492 540 1567 fecit
557 1494 690 1568 usitata
709 1493 933 1567 miseratione
952 1493 1130 1567 subvenit.
1147 1493 1269 1567 Nostis
1294 1493 1386 1590 quod
1412 1516 1587 1587 magnum

366 1605 597 1678 Anastasium
617 1604 901 1679 Alexandrinum
919 1604 1122 1702 episcopum
1140 1615 1176 1679 et
1194 1603 1361 1679 Cirillum
1381 1613 1417 1678 et
1430 1603 1589 1678 Polooro-

365 1718 465 1791 nium
486 1717 845 1792 Hierosolomitauum
860 1727 895 1791 et
907 1717 1100 1794 Iohannem
1116 1743 1219 1816 quem
1235 1719 1367 1792 caritas
1380 1727 1501 1792 vestra
1513 1715 1589 1812 gri·

366 1840 559 1906 sostomum
578 1841 681 1906 vocat
698 1840 734 1905 et
751 1830 965 1904 Flavianum
984 1855 1005 1901 a
1030 1831 1165 1928 synodo
1189 1830 1372 1928 depositos,
1397 1829 1588 1926 apostolica

364 1944 465 2018 sedes
481 1944 518 2016 in
537 1943 728 2042 pristinum
746 1943 913 2018 honorem
932 1943 1099 2035 restituit,
1117 1943 1156 2016 Si
1173 1942 1287 2038 igitur
1304 1943 1387 2040 quia
1401 1941 1589 2016 donatistis

365 2067 401 2132 et
416 2057 524 2132 bonos
541 2057 720 2132 ordinatos
733 2055 777 2130 ab
790 2056 994 2131 hominibus
1011 2055 1210 2130 orthodoxae
1227 2054 1397 2131 aeoclesiae
1413 2081 1434 2128 a
1452 2055 1588 2153 synodo

365 2169 524 2267 plenaria
542 2169 754 2266 sequestrati
772 2167 815 2242 ab
833 2167 902 2241 alio
919 2169 1053 2266 synodo
1072 2168 1295 2266 recipiuntur
1311 2177 1346 2242 et
1358 2168 1522 2266 catalogo
1535 2193 1588 2242 sa·

365 2285 548 2359 cerdotum
578 2283 768 2372 habentur,
793 2307 839 2357 nc
867 2281 1028 2357 aecclesia
1058 2282 1329 2356 diminutionem
1360 2282 1417 2356 vel
1446 2281 1590 2355 divisio-

368 2421 450 2472 nem
477 2398 647 2495 patiatur,
665 2405 798 2494 quanto
816 2396 933 2492 magis
955 2395 1128 2470 ortodoxae
1150 2394 1230 2469 fidei
1247 2393 1344 2468 viros
1364 2405 1400 2468 et
1417 2393 1590 2469 immacu·

364 2510 445 2584 latae
462 2510 548 2584 vitae
574 2533 643 2585 non
666 2517 802 2606 oportet
823 2520 1085 2606 contempnere,
1106 2520 1142 2582 et
1162 2534 1183 2580 a
1206 2508 1395 2606 pristinum
1418 2508 1587 2583 honorem
1707 2519 1710 2524 '

365 2647 542 2699 revocare.
565 2623 668 2697 Sicut
684 2623 875 2720 apostolica
900 2623 1000 2698 sedes
1025 2623 1102 2698 haec
1128 2623 1236 2699 semel
1260 2623 1412 2721 accipiar
1425 2622 1588 2704 ..sclavos

363 2735 471 2832 regni
488 2735 655 2810 caelorum
674 2761 695 2808 a
712 2735 825 2834 primo
842 2745 878 2810 et
897 2759 1027 2831 magno
1046 2738 1211 2834 pontifice
1229 2736 1335 2810 Ihesu
1353 2735 1508 2825 Christo,
1525 2761 1586 2835 per

365 2849 562 2948 principem
577 2847 814 2948 apostolorum
834 2851 991 2940 Petrum,
1009 2850 1149 2925 dicente
1166 2851 1211 2924 ad
1228 2875 1310 2925 eum
1329 2849 1394 2924 tibi
1411 2850 1499 2924 dabo
1515 2849 1587 2926 cla·

366 2989 430 3040 ves
447 2962 627 3052 calorum,
645 2972 681 3037 et
698 2953 933 3060 quaecumque
951 2962 1125 3058 ligaveris
1142 2987 1249 3060 super
1272 2973 1405 3037 terram
1422 2972 1529 3038 erunt
1545 2963 1586 3036 li·

366 3087 453 3174 gata
467 3076 554 3152 etin
568 3075 664 3166 celo,
677 3087 713 3150 et
730 3100 965 3173 quaecumque
983 3076 1132 3151 solveris
1145 3101 1253 3174 super
1266 3089 1398 3152 terram
1412 3086 1519 3152 erunt
1531 3102 1583 3152 so·

364 3192 443 3265 luta
456 3177 978 3287 etinoaelo,habetp0testatem
990 3189 1587 3288 universaliterligandietsolven-

364 3305 411 3394 di,
428 3313 464 3380 et
481 3304 677 3379 secundum
696 3303 915 3380 Hieremiam
934 3303 1110 3378 evellendi
1128 3313 1164 3378 et
1180 3303 1378 3402 plantandi,
1392 3313 1428 3378 et
1446 3313 1586 3402 propter

363 3419 429 3494 hoc
445 3442 509 3493 nos
526 3417 683 3494 eiusdem
702 3427 873 3515 potestate
887 3417 1058 3516 principis
1071 3419 1307 3515 apostolorum
1323 3418 1418 3492 Petri
1434 3427 1586 3506 utentes,

368 3559 450 3608 cum
468 3531 565 3606 omni
582 3531 744 3606 aecclesia
762 3533 972 3606 mandamus
989 3530 1089 3605 vobis
1106 3540 1141 3604 ot
1158 3529 1395 3606 sanctissimis
1415 3530 1586 3604 fratribus

365 3647 496 3722 nostris
509 3644 723 3743 patriarchis
738 3644 973 3734 Alexandriae,
989 3646 1197 3732 Antiochiae,
1210 3655 1245 3719 et
1259 3645 1585 3733 Hierosolimarum,

366 3773 402 3836 et
429 3760 559 3836 ceteris
584 3759 768 3860 episcopis,
785 3769 821 3833 ct
842 3759 938 3832 omni
956 3759 1176 3859 plenitudini
1197 3758 1586 3856 Constantinopolitano

363 3873 513 3950 ecclesie
543 3873 740 3950 secundum
772 3872 976 3970 petitionem
1007 3881 1165 3948 vestram
1196 3873 1339 3947 Fotium
1369 3872 1584 3969 patriarcam
1647 3955 1649 3960 ¹

364 3988 510 4062 fratrem
544 3995 580 4060 ct
603 3985 887 4061 consacerdotem
915 3996 1074 4060 nostrum
1101 4011 1165 4061 nos
1194 3987 1232 4059 in
1257 3987 1505 4061 comunionem
1532 4011 1585 4060 re·

365 4102 493 4200 cipere.
524 4103 614 4174 Item
648 4099 792 4199 recipite
819 4125 901 4175 eum
927 4100 1004 4174 sine
1030 4099 1268 4189 excusatione,
1293 4099 1414 4172 nullus
1439 4107 1585 4173 excuset

365 4238 427 4314 pro
461 4214 597 4312 synodo
622 4223 746 4287 contro
772 4239 853 4288 eum
879 4214 1042 4312 peractis.
1066 4213 1199 4288 Nullus
1226 4224 1431 4288 sanctorum
1456 4212 1584 4309 praede·

365 4350 546 4402 cessorum
567 4350 725 4400 meorum
744 4326 884 4402 Nicolai
910 4338 945 4401 et
973 4325 1122 4399 Adriani
1148 4325 1345 4400 sententias
1362 4334 1485 4400 contra
1502 4349 1584 4397 eum

365 4449 544 4521 causetur.
562 4441 612 4514 Dc
631 4439 705 4540 ipso
722 4449 924 4516 surrectum
943 4449 997 4515 cst
1015 4439 1096 4516 illis.
1115 4438 1248 4516 Nullus
1265 4447 1389 4518 contra
1403 4462 1483 4512 oum
1504 4435 1584 4512 sub·

1803 2309 1810 2382 l
