3618 5316
908 419 949 434 -
973 384 1040 452 292
1066 418 1108 432 -

952 559 1058 644 ΟΧΙΙ.

492 730 665 826 Pelagius
682 730 852 805 Viventio
868 729 1103 829 neapolitano,
1121 730 1270 806 Gemino
1283 730 1469 830 puterlano
1482 741 1518 806 et
1530 730 1625 806 Con-

395 845 527 920 stantio
544 845 680 920 miseno
697 844 869 944 episeopis
886 855 965 944 post
985 853 1114 920 cetera.
1140 848 1186 918 Et
1210 845 1287 920 ideo
1311 844 1454 920 caritati
1478 851 1623 933 vestrae,

395 961 624 1058 praesentium
643 961 865 1037 decretorum
884 968 1005 1034 tenore
1023 959 1244 1047 mandamus,
1258 969 1299 1034 ut
1312 967 1511 1057 exequente
1528 959 1623 1034 Con-

394 1074 552 1150 stantino
566 1076 669 1152 Sedis
681 1083 811 1151 nostrae
824 1073 1017 1162 defensore,
1031 1072 1168 1148 olerum
1182 1073 1240 1148 vel
1254 1073 1353 1150 cives
1366 1072 1536 1148 aeeelesiae
1553 1075 1622 1145 Pa·

395 1186 534 1280 mensis,
547 1198 584 1264 et
601 1189 761 1264 ediverso
778 1186 948 1263 aeeelesiae
965 1186 1191 1262 Uultraninae
1207 1187 1264 1262 vel
1282 1185 1354 1262 vioi
1369 1185 1621 1262 Feniculensis

393 1302 437 1376 ad
455 1311 614 1377 vestrum
635 1302 777 1378 faciatis
794 1301 987 1377 convenire
1005 1301 1179 1377 iudicium
1198 1311 1234 1378 et
1258 1327 1301 1377 ex
1325 1301 1457 1399 scripto
1477 1311 1619 1375 senten·

393 1415 483 1490 tiam
505 1439 625 1491 eoram
644 1416 805 1515 partibus
822 1415 1001 1504 deferatis,
1018 1416 1197 1492 antedicto
1214 1416 1448 1504 sedisnostrae
1460 1415 1618 1490 defenso

393 1553 430 1603 re
449 1530 560 1605 modis
576 1530 742 1606 omnibus
760 1539 967 1628 exequente,
985 1540 1026 1605 ut
1051 1554 1119 1628 que
1144 1539 1280 1604 statute
1298 1531 1446 1606 fuerunt
1470 1528 1615 1605 effectui

392 1644 652 1743 mancipentur.

941 1784 1064 1868 oxffl.

486 1985 655 2082 Pelagius
673 1989 872 2082 Benegesto
893 1983 1067 2058 defensori
1094 1992 1171 2081 post
1195 2007 1319 2080 panea.
1344 1987 1495 2082 Propter
1519 1983 1614 2081 quod

390 2097 617 2196 experientiae
635 2109 706 2173 tuae
723 2099 890 2197 praesenti
908 2097 1120 2173 arroteritate
1138 2099 1413 2186 mandamusut
1430 2097 1614 2196 inquibus

390 2211 510 2286 causis
528 2211 695 2310 quaelibet
712 2212 945 2288 ecelesiastici
963 2211 1069 2287 offioii
1088 2236 1235 2310 persona
1253 2211 1329 2287 loeo
1354 2212 1515 2309 petitoris
1540 2211 1614 2285 exi-

389 2325 463 2414 stit,
481 2327 657 2424 quendam
676 2326 807 2401 laicum
826 2327 1023 2424 pulsatura,
1040 2327 1133 2425 apud
1147 2326 1340 2424 provinoiae
1354 2325 1508 2402 iudicem
1527 2351 1612 2400 suas

391 2463 583 2538 proponere
600 2465 670 2515 non
688 2441 827 2516 desinat
843 2441 1010 2515 actiones.
1024 2443 1064 2514 In
1083 2439 1242 2514 hisvero
1260 2439 1416 2536 negotiis
1429 2439 1466 2512 in
1480 2438 1611 2537 quibus

388 2553 623 2631 ecelesiastici
641 2554 747 2630 officii
766 2579 913 2653 persona
930 2553 1105 2654 pulsatur,
1122 2554 1233 2628 totius
1249 2563 1426 2628 summoto
1442 2553 1612 2651 pulsatio-

386 2667 425 2740 ni
443 2667 634 2758 obstaculo,
652 2669 694 2742 nd
713 2669 864 2768 episcopi
882 2667 941 2744 vel
958 2667 1200 2766 episcoporum
1227 2668 1263 2740 in
1282 2667 1358 2742 loeo
1383 2668 1444 2740 ubi
1470 2667 1610 2765 questio

387 2780 543 2856 vertitur
560 2782 847 2871 constitutorum,
864 2791 1029 2857 oeourrat
1046 2781 1287 2858 indifferenter
1308 2807 1472 2870 examen,
1496 2781 1609 2855 nullis

387 2919 506 2968 oausae
523 2893 715 2970 dictionem
741 2895 1032 2969 frustrationibus
1057 2894 1275 2970 declinando
1301 2893 1480 2982 Quatinus
1504 2918 1607 2968 omne

386 3007 522 3104 negotii
542 3009 709 3084 meritum
727 3009 769 3084 de
783 3009 856 3084 sola
869 3009 1021 3086 veritate
1035 3034 1101 3081 sua
1113 3007 1267 3104 solisque
1280 3007 1424 3103 legibus
1436 3006 1607 3104 discepta-

386 3130 464 3195 tum
489 3119 598 3196 celeri
616 3122 845 3218 proveniente
863 3122 1039 3197 sententia
1057 3120 1279 3195 terminetur.
1306 3119 1501 3195 Annitente
1526 3143 1608 3218 quo-

386 3257 455 3332 que
473 3234 681 3310 executione
698 3245 773 3325 tue,
790 3245 831 3310 ut
848 3259 926 3332 quae
944 3235 1054 3310 statui
1072 3233 1327 3330 contingerint,
1349 3233 1491 3309 effectui
1511 3259 1606 3306 mun-

385 3345 562 3444 eipentur.
579 3345 691 3420 Nulla
708 3348 751 3422 ad
764 3371 828 3423 nos
841 3347 883 3422 de
896 3348 1109 3443 cuiusquam
1123 3345 1356 3421 ecelesiastici
1375 3345 1509 3444 pulsati
1526 3369 1606 3420 oon·

383 3459 543 3534 tumaeia
556 3459 722 3558 deineeps
739 3459 980 3558 quaerimoniae
993 3459 1185 3550 redditura,
1202 3485 1264 3558 per
1281 3485 1387 3558 quam
1403 3483 1472 3533 non
1491 3457 1603 3534 solum

383 3581 614 3649 contumaees
631 3597 809 3662 excessus,
827 3597 952 3647 verum
971 3581 1034 3647 tua
1051 3595 1190 3671 quoque
1206 3572 1441 3670 neglegentia
1462 3572 1511 3647 sit
1535 3571 1606 3670 ple·

383 3685 521 3761 etenda.

922 3815 1064 3926 exuri.

479 4017 651 4114 Pelagius
668 4019 817 4094 Iohanni
835 4019 955 4094 comiti
974 4019 1177 4117 patrimonii
1196 4031 1274 4118 post
1290 4032 1422 4098 cetere.
1437 4022 1559 4098 Gloria
1577 4023 1604 4096 i-

382 4132 485 4228 gitur
498 4141 619 4207 restra
632 4135 829 4208 seeundum
843 4133 1012 4209 bonitatis
1025 4144 1236 4210 consuetum
1251 4136 1605 4226 morem,filionostro

381 4246 575 4321 Luminoso
591 4246 802 4344 presbytero
820 4246 950 4322 solacia
969 4248 1005 4322 in
1023 4249 1170 4348 praesato
1183 4247 1311 4324 itinere
1325 4249 1456 4347 quibus
1470 4259 1546 4325 tute
1559 4249 1602 4324 ad

381 4359 599 4440 destinatum
618 4358 735 4434 locum
754 4360 943 4458 pervenire
961 4360 1081 4436 valeat
1098 4359 1354 4438 subministret.
1373 4363 1441 4438 Sed
1459 4372 1495 4437 et
1511 4387 1604 4438 eom·

381 4471 547 4546 mendare
562 4489 645 4546 eum
665 4472 865 4568 dignamini
885 4472 961 4547 illie
979 4471 1183 4548 hominibus
1199 4473 1342 4563 vestris,
1360 4483 1401 4548 ut
1421 4475 1529 4548 etiam
1553 4473 1600 4548 ibi
