3654 5302
733 419 931 484 -389-

218 537 345 614 dicate.
362 537 442 611 Non
467 535 563 613 enim
588 557 871 636 possumusque
896 535 1054 613 vidimus
1074 546 1111 614 et
1126 537 1345 628 audivimus,
1369 563 1440 614 non

218 651 325 749 loqui.
343 650 412 725 Sed
428 650 513 748 quia
529 651 647 726 sancti
663 652 734 752 piri
751 650 795 725 ad
812 649 921 726 verba
937 659 1038 726 tante
1055 650 1258 726 altitudinis
1282 652 1357 728 zelo
1381 678 1442 727 ve·

219 763 348 856 ritatis,
365 787 436 838 non
452 773 572 838 autern
590 764 679 839 vitio
696 763 860 839 elationis
880 762 1044 853 exiliunt,
1069 763 1136 862 ipsi
1162 771 1325 864 patenter
1350 765 1441 838 iudi-

218 887 313 967 cant,
330 877 392 976 qui
408 877 514 952 factis
531 876 706 975 dictisque
722 877 805 951 aliis
821 885 862 950 et
881 887 1015 974 quanta
1041 877 1246 952 hnmilitate
1272 877 1438 977 polleant,

219 1000 255 1065 et
278 1014 367 1086 erga
387 1013 549 1086 eosquos
567 990 793 1086 redarguunt
809 999 944 1088 quanta
961 990 1112 1066 caritate
1130 991 1304 1080 ferveant,
1328 991 1441 1065 mani-

218 1103 362 1178 festant.
379 1103 553 1200 Superbia
569 1102 699 1201 quippe
715 1104 834 1178 odium
851 1113 1012 1199 generat,
1031 1105 1104 1180 'hoc
1128 1117 1295 1182 amorem.
1320 1106 1440 1182 Verba

218 1217 339 1313 itaque
352 1239 432 1313 qum
443 1239 543 1289 amor
554 1216 703 1313 expirat,
715 1217 871 1314 profecto
884 1242 929 1292 ex
941 1218 1037 1294 fonte
1048 1217 1265 1293 humilitatis
1282 1217 1442 1294 manant,

220 1329 400 1418 Quomodo
417 1328 512 1404 enim
531 1333 660 1406 Petrus
677 1355 740 1429 per
756 1330 946 1407 elationem
964 1331 1187 1432 principibus
1204 1331 1346 1423 restitit,
1358 1357 1442 1430 quo

219 1467 299 1516 rum
317 1442 428 1518 errori
446 1443 675 1541 compatiens,
689 1453 828 1518 reatum
841 1445 944 1522 velut
956 1455 1104 1534 excusat
1116 1445 1249 1522 dicens.
1262 1445 1343 1522 Scio
1356 1445 1440 1545 quia

220 1579 283 1654 per
309 1554 552 1651 ignorantiam
578 1555 725 1645 fecistis,
742 1557 837 1633 sicut
854 1568 890 1634 et
915 1559 1095 1660 principes
1118 1559 1241 1634 vestri.
1261 1560 1441 1658 Deusqui

219 1669 478 1766 praenuntiavit
491 1691 600 1766 peros
612 1669 773 1746 omnium
785 1671 1119 1772 prophetarumpati
1129 1674 1441 1764 Christumsuum,

219 1782 384 1881 implevit
400 1784 463 1859 sic.
480 1783 580 1870 Quod
596 1783 641 1856 'ad
658 1783 771 1858 vitam
787 1786 1061 1864 misericorditer
1075 1797 1218 1863 revocat
1230 1787 1363 1864 dicens.
1376 1791 1441 1862 Pe·

219 1896 385 1972 nitemini
403 1896 518 1993 igitur
535 1905 571 1972 et
587 1898 840 1972 convertimini
857 1908 894 1974 ot
918 1909 1045 1976 cetera.
1071 1901 1249 1988 Quomodo
1274 1900 1441 1976 Heliseus

219 2009 340 2084 videre
357 2013 507 2085 Nemam
525 2034 569 2084 ex
585 2009 737 2086 elatione
754 2011 880 2102 voluit,
897 2015 960 2111 qui
977 2037 1047 2088 non
1068 2013 1183 2089 solum
1209 2039 1247 2088 so
1272 2014 1440 2111 conspici,

218 2124 280 2199 sed
299 2124 413 2216 teneri
434 2123 544 2199 etiarn
562 2148 584 2196 a
602 2123 751 2200 muliere
763 2127 943 2223 permisit.
964 2127 1068 2203 Sicut
1088 2127 1263 2226 scriptum
1288 2140 1351 2203 est.
1369 2134 1440 2226 Ap·

217 2237 405 2336 prehendit
426 2237 532 2334 pedes
548 2237 637 2328 ciue,
653 2247 689 2336 et
714 2247 841 2314 cetera.
860 2241 1039 2328 Quomodo
1064 2242 1188 2316 Helias
1212 2242 1363 2340 superbo
1389 2257 1447 2317 re·'

218 2352 259 2448 gi
276 2351 556 2450 increpationem
574 2373 636 2449 per
653 2351 816 2427 timorem
843 2355 979 2446 intulit,
996 2356 1060 2454 qui
1079 2355 1164 2432 ante
1188 2357 1266 2432 eius
1290 2381 1441 2432 currum

130 2497 137 2504 ·
218 2467 407 2542 humiliter
424 2467 595 2542 cucurrit.
617 2467 720 2542 Sicut
745 2468 919 2566 scriptum
946 2479 1010 2543 est.
1036 2469 1282 2566 Accintusque
1307 2467 1441 2544 lumbis

219 2579 386 2656 currebat
409 2589 493 2654 ante
519 2579 648 2654 Ahab‘?
673 2576 853 2668 Quomodo
877 2581 1022 2656 Nathan
1048 2583 1292 2658 contradicere
1317 2594 1454 2680 regem

119 2781 123 2792 .
220 2717 281 2790 per
299 2693 408 2768 verba
425 2691 679 2791 increpationis
695 2693 829 2784 timuit,
846 2697 908 2793 qui
925 2721 1009 2770 oum
1026 2695 1243 2794 increpanda
1260 2696 1367 2794 culpa
1384 2698 1441 2772 de-

220 2815 324 2895 esset,
340 2806 378 2879 in
395 2793 527 2882 terram
545 2831 583 2881 se
599 2807 677 2882 cius
694 2809 900 2906 conspectui
918 2833 1049 2906 pronus
1066 2810 1223 2886 stravit?
1240 2809 1344 2886 Sicut
1356 2811 1442 2887 scri·

220 2929 321 3018 ptum
338 2928 393 2994 est
410 2921 671 2995 nuntiaverunt
687 2922 767 3017 regi
784 2922 954 3012 dieentes,
971 2923 1070 2998 adest
1094 2915 1240 2999 Nathan
1263 2923 1440 3022 propheta.

220 3035 382 3131 Cumque
406 3033 588 3108 introisset
612 3034 773 3109 adoravit
798 3059 881 3110 eum
906 3055 1040 3134 pronus
1066 3037 1104 3110 in
1130 3047 1237 3113 terra.
1262 3039 1441 3126 Quomodo

219 3151 364 3246 Moyses
385 3147 463 3244 regi
476 3148 620 3246 Egiptio
633 3147 743 3223 libere
756 3150 927 3225 resistens
944 3175 1027 3224 eum
1041 3150 1222 3248 despicere
1235 3151 1360 3249 potuit,
1377 3151 1440 3250 qui

221 3264 294 3337 Deo
318 3261 542 3354 familiariter
566 3261 780 3360 colloquens,
804 3273 1012 3361 sequentem
1037 3288 1075 3338 se
1100 3264 1219 3339 Iethro
1243 3274 1440 3360 cognatum

219 3375 405 3452 humiliter
421 3376 610 3452 adoravit?
626 3379 681 3450 Ex
696 3375 779 3450 aliis
796 3399 883 3473 ergo
908 3386 1112 3452 sanctorum
1137 3376 1243 3452 factis
1268 3377 1440 3454 discimus

220 3491 307 3590 qnid
323 3491 366 3566 de
383 3490 465 3564 aliis
481 3515 630 3589 pensare
647 3491 847 3567 debeamus.
861 3491 984 3566 Sancti
999 3492 1130 3567 etenim
1143 3491 1214 3566 viri
1228 3516 1294 3567 nec
1310 3517 1356 3568 ex
1371 3491 1441 3567 ela·

220 3605 315 3680 tione
333 3604 400 3680 sibi
418 3603 531 3694 liberi,
548 3629 615 3680 nec
640 3629 684 3680 ex
707 3605 834 3680 timore
859 3603 1038 3679 submissi.
1065 3603 1134 3680 Sed
1158 3629 1244 3680 cum·
1265 3605 1441 3680 rectitudo

219 3719 298 3794 eius
315 3718 360 3794 ad
377 3718 578 3795 libertatem
596 3720 694 3794 vocis
711 3719 832 3816 erigit,
845 3717 1079 3793 consideratio
1093 3719 1242 3817 propriae
1253 3718 1441 3794 infirmita·

220 3833 268 3934 tis
285 3833 323 3906 in
340 3831 545 3907 humilitate
562 3833 711 3908 custodi.
729 3831 863 3930 Culpas
879 3832 1023 3931 quidem
1040 3833 1326 3932 delinquentium
1348 3842 1384 3909 et
1409 3833 1441 3908 si

220 3947 353 4021 ex'aito
369 3935 595 4044 increpantes
611 3947 743 4036 ferunt,
760 3947 966 4046 semetipsos
978 3957 1099 4023 tamen
1111 3945 1206 4046 apud
1219 3973 1257 4024 se
1270 3947 1440 4024 subtilius

220 4059 431 4150 iudicantes,
448 4058 551 4158 quasi
567 4060 605 4134 in
623 4060 771 4137 abiectis
788 4071 934 4159 ponunt.
952 4064 1000 4138 Et
1015 4085 1085 4161 quo
1101 4062 1269 4161 pravain
1285 4061 1367 4138 aliis
1387 4063 1441 4139 in·

220 4183 393 4249 secuntur
409 4196 449 4248 eo
466 4173 510 4248 ad
528 4173 767 4274 reprimendos
784 4197 822 4249 aa
840 4174 1029 4251 atrociores
1047 4175 1206 4250 redeunt.
