3582 5288
696 427 892 492 -125-

174 548 256 622 dam
274 549 378 623 fratri
395 557 515 624 nostro
527 549 929 647 Constantinopolitanae
945 549 1105 625 civitatis
1121 553 1287 644 antistiti,
1303 555 1346 630 de
1364 562 1399 629 te

174 662 395 760 previdimus
412 663 652 754 scribendum,
669 676 711 739 ut
727 665 803 739 suis
820 688 884 738 nos
901 664 985 762 quid
998 673 1120 740 actum
1133 677 1227 743 esset
1239 668 1398 767 epistolis

174 776 393 852 informaret.
412 778 481 865 Qui
499 803 580 876 sepo
598 779 734 854 anobis
747 778 950 852 admonitus
963 779 1161 855 rescribens
1174 782 1331 856 innotuit
1344 807 1400 858 eo·

173 889 289 964 dicem
306 901 427 988 aperte
444 892 554 966 fuisse
573 894 773 980 inventum,
790 914 859 988 quo
877 890 980 988 plura
997 892 1273 968 continebantur
1298 895 1400 971 here·

174 1004 258 1086 tica,
271 1013 307 1079 et
319 1004 362 1078 ob
379 1005 445 1080 hoc
459 1031 495 1080 se
509 1007 682 1082 adversus
700 1004 923 1080 dilectionem
937 1014 1037 1078 tuam
1051 1005 1161 1081 fuisse
1174 1019 1399 1083 commotum.

176 1119 290 1204 Quem
309 1119 393 1216 quia
410 1119 455 1192 ad
473 1145 535 1194 nos
553 1121 692 1195 studuit
709 1143 771 1218 pro
788 1117 1031 1193 satisfactione
1048 1121 1292 1197 transmittere
1310 1122 1401 1220 prio-

175 1253 231 1303 res
247 1231 326 1304 eius
343 1241 461 1328 partes
478 1232 631 1307 sollicita
648 1232 799 1307 lectione
820 1231 1072 1328 percurrimus.
1086 1237 1132 1307 Et
1145 1235 1313 1332 quoniam
1327 1261 1400 1309 ma·

174 1343 302 1418 nifeste
316 1345 353 1418 iu
368 1368 408 1420 eo
420 1345 586 1422 hereticae
603 1345 808 1422 infectionis
825 1369 964 1420 venena
979 1347 1209 1443 repperimus
1224 1374 1270 1424 ne
1284 1350 1399 1425 denuo

174 1456 248 1552 legi
266 1457 447 1534 debuisset
462 1460 655 1536 vetuimus.
673 1461 741 1536 Sed
759 1459 843 1560 quia
864 1457 941 1533 11133
965 1469 1001 1534 13
1026 1460 1239 1559 simpliciter
1263 1463 1399 1560 legisse

173 1577 327 1645 testatus
343 1595 381 1645 es
398 1581 434 1646 31
451 1571 495 1645 ad
512 1573 766 1671 amputandam
785 1574 966 1670 ambiguae
980 1576 1193 1672 suspicionis
1210 1578 1397 1654 materiam

175 1683 333 1758 libellum
352 1686 453 1759 nobis
470 1711 580 1760 mauu
597 1696 661 1760 tua
678 1687 862 1786 porrexisti
881 1689 1128 1787 praescriptum
1146 1691 1185 1763 in
1202 1717 1273 1790 quo
1291 1692 1395 1768 fidem

176 1809 275 1872 tuam
293 1823 485 1897 exponere,
498 1825 619 1876 omnes
631 1800 850 1898 generaliter
862 1801 1004 1875 hereses
1017 1801 1075 1877 vel
1089 1803 1263 1902 quidquid
1275 1806 1398 1880 adver-

177 1939 238 1987 sus
257 1912 452 1989 Catholicae
469 1914 696 2012 professionis
718 1911 965 2010 integritatem
991 1925 1046 1989 est
1071 1917 1294 2014 apertissime
1319 1941 1400 1992 con-

175 2028 385 2125 dempnasti,
402 2039 586 2104 3131111313
605 2053 684 2127 quae
700 2035 834 2103 sanotae
851 2029 952 2101 IIIIor
967 2029 1191 2104 universales
1204 2030 1332 2129 synodi
1348 2055 1400 2106 re-

176 2139 317 2238 cipiunt
341 2151 377 2216 te
402 2164 541 2239 semper
566 2141 752 2240 recepisse,
774 2165 817 2215 ac
834 2163 913 2236 quae
937 2141 1290 2238 condempnaverunt
1318 2165 1398 2216 con·

175 2253 360 2328 damnasse
378 2255 684 2352 condemnareque
702 2253 881 2350 professus
898 2277 947 2342 33,
965 2277 1041 2326 33111
1069 2276 1207 2351 quoque
1232 2253 1398 2328 sinodum

174 2389 252 2462 quae
269 2366 498 2464 Imperatoris
515 2365 706 2440 Iustiniani
725 2367 942 2463 temporibus
958 2367 1001 2442 de
1018 2367 1134 2441 tribus
1156 2367 1324 2466 capitulis
1348 2369 1366 2442 f
1386 2411 1398 2424 ·

174 2489 231 2553 cta
248 2489 304 2554 est
320 2489 357 2556 te
374 2490 410 2554 et
427 2479 606 2579 suscipere
624 2490 660 2554 et
676 2479 855 2555 custodire
872 2480 1077 2578 promisisti,
1102 2491 1138 2556 et
1159 2481 1357 2578 prohibitus
1378 2507 1399 2555 3

174 2593 273 2668 nobis
290 2595 446 2670 codicem
465 2595 582 2692 ipsum
601 2594 722 2690 legere
738 2595 777 2668 in
794 2618 863 2692 quo
880 2595 1048 2692 pestifere
1065 2595 1202 2670 fraudis
1223 2596 1325 2672 virus
1347 2597 1401 2671 in·

174 2733 306 2784 nexum
320 2718 375 2785 est
390 2709 624 2786 libentissime
641 2707 855 2794 consessisti,
871 2709 1062 2806 reprobans
1075 2709 1183 2784 etiam
1197 2719 1305 2808 atque
1319 2734 1401 2786 con·

175 2821 353 2896 demnatis
370 2823 489 2896 omnia
506 2845 585 2918 quaa
602 2821 639 2894 in
657 2844 698 2896 eo
721 2831 846 2897 3311113
871 2819 1091 2896 Catholicem
1117 2822 1221 2896 fidem
1248 2823 1398 2898 Domino

174 2933 394 3010 custodiente
411 2933 626 3032 praeclaruit,
641 2934 685 3009 ab
702 2935 798 3010 omni
815 2944 851 3009 te
868 2933 1035 3010 heretica
1052 2935 1299 3032 perversitatis
1325 2963 1398 3011 ma·

174 3047 256 3122 31113
273 3047 374 3122 iuxta
392 3047 659 3146 promissionem
672 3056 772 3122 tuam
786 3047 939 3123 liberum
954 3073 1031 3124 esse
1043 3047 1280 3139 decernimus,
1293 3059 1329 3125 et
1341 3075 1398 3126 ca-

172 3160 345 3236 tholicum
363 3171 470 3259 atque
488 3161 626 3236 sincere
650 3161 689 3234 in
714 3161 878 3236 omnibus
902 3161 984 3235 fidei
1001 3161 1246 3259 promissorem
1272 3187 1315 3237 ac
1341 3189 1396 3239 se-

174 3285 343 3372 quentem
362 3275 467 3351 Ibesu
485 3275 620 3351 Christi
639 3274 836 3350 Salvatoris
860 3275 1017 3371 gratiam
1043 3274 1217 3350 claruisse
1242 3299 1396 3375 pronun·

173 3389 318 3476 tiamus,
334 3389 481 3464 liberam
495 3412 633 3488 quoque
646 3389 834 3464 trIbuendo
846 3387 1030 3464 licentiam
1044 3389 1089 3463 ad
1101 3398 1204 3463 tuum
1223 3402 1396 3466 monaste·

174 3503 267 3576 rium
286 3501 326 3576 in
344 3511 406 3577 tuo
422 3513 458 3577 te
475 3502 551 3578 loco
567 3504 625 3579 vel
642 3503 763 3579 ordine
780 3501 1014 3577 nihilominus
1033 3503 1194 3578 remeari.

683 3704 879 3789 CLXXXV.
903 3753 906 3760 ·

496 3910 546 3962 Ex
563 3908 720 3975 synodice
736 3907 829 3961 beati
847 3907 996 3972 erogem
1013 3910 1074 3974 Pp.

267 4071 371 4147 Sicut
387 4071 505 4146 sancti
527 4069 721 4168 Evangelii
745 4067 1315 4147 1111⁰rlibr0ssi01111⁰r00noilia
1340 4096 1398 4145 su·

172 4185 308 4281 scipere
325 4192 362 4259 et
377 4185 544 4260 venerari
563 4209 619 4260 me
633 4184 754 4259 fateor.
768 4187 795 4258 I.
808 4180 987 4256 Ninenum
1005 4181 1144 4258 seilicet
1163 4185 1254 4260 CCC
1272 4185 1397 4260 XVIII

172 4297 424 4395 Episcoporum
439 4296 479 4370 in
489 4321 558 4395 quo
566 4321 774 4395 perversum
787 4295 883 4369 Arrii
897 4295 1244 4392 dogmadestruitur.
1253 4301 1297 4372 II.
1308 4299 1399 4374 Con·

172 4409 531 4508 stantiuopolitanum
540 4411 1337 4510 veroCLpatrumquoEunomiietMaeedonii
1347 4437 1399 4488 er·

173 4545 229 4596 ror
241 4521 483 4599 convincitur.
491 4525 554 4599 111.
562 4522 783 4620 Ephesinum
797 4546 882 4599 vero
895 4522 1053 4620 primum
1067 4525 1128 4602 OC
1142 4524 1397 4623 Episcoporum
