3582 5288
890 387 1085 450 -138-

376 504 603 605 percepisset,
619 505 763 580 domum
782 529 969 603 regressus
982 509 1139 605 equestri
1152 531 1217 582 suo
1234 509 1403 608 praecepit
1419 516 1460 582 ut
1477 509 1597 582 multi·

374 618 493 693 tudini
506 619 779 718 peregrinorum
790 643 878 717 quos
890 631 974 695 ante
988 620 1135 694 ianuam
1145 621 1304 696 eiusdem
1314 621 1439 695 domus
1447 621 1598 712 invenit,

380 741 500 807 ternos
517 757 560 808 ex
577 734 709 809 eisdem
728 733 885 808 denariis
903 733 1060 832 singulis
1076 743 1278 830 erogarent.
1292 734 1455 832 Cumque
1466 733 1521 808 illi
1540 759 1599 810 ne-

378 871 447 945 que
464 848 569 922 tertie
586 849 680 946 parti
697 849 900 924 eorumdem
917 849 1085 923 sufficere
1096 847 1261 944 singulos
1278 869 1378 944 posse
1394 847 1599 935 affirmaret,

378 961 452 1060 ipse
469 962 626 1061 acceptis
643 961 799 1036 denariis
815 971 935 1036 ternos
960 961 1117 1058 singulis
1134 961 1307 1058 erogavit.
1324 963 1366 1036 In
1385 985 1455 1059 qua
1472 962 1600 1036 redun-

375 1074 516 1148 datione
531 1100 615 1150 cum
627 1075 820 1150 miraretur
828 1084 993 1173 equester
1005 1074 1202 1150 liberaliter
1215 1073 1379 1150 sacerdos
1391 1098 1434 1149 ex
1447 1075 1600 1149 residuis

379 1186 764 1272 multitudinisamilie
789 1213 853 1264 sue
878 1189 964 1264 item
990 1199 1181 1287 ternosque
1207 1191 1337 1288 cuique
1354 1188 1512 1285 largitus
1536 1199 1600 1264 est.

377 1305 426 1375 At
443 1326 527 1375 eum
545 1304 614 1374 VII
642 1312 811 1399 superent
828 1302 930 1378 vides
954 1302 1073 1401 inquit
1090 1304 1174 1401 quia
1190 1304 1316 1400 largus
1341 1312 1396 1377 est
1412 1303 1598 1390 Dominae,

379 1415 442 1512 qui
459 1439 503 1489 ex
520 1414 582 1488 illa
600 1415 887 1514 quadragenaria.
916 1417 1117 1515 quantitate
1142 1416 1231 1490 mihi
1249 1415 1384 1514 tibique
1401 1425 1521 1490 ternos
1537 1416 1601 1488 mi·

379 1529 605 1605 sericorditer
622 1531 849 1604 reservavit?
868 1532 937 1606 Hic
955 1556 1038 1605 cum
1059 1529 1105 1604 ad
1122 1532 1322 1604 Romanum
1348 1531 1600 1605 Pontificatum

377 1641 422 1715 ab
435 1641 585 1716 ecclesia
600 1642 664 1718 Dei
678 1643 867 1737 genitricis
882 1645 1042 1718 Dominus
1055 1646 1295 1742 Nostraeque
1308 1643 1440 1718 dicitur
1456 1644 1502 1717 ad
1513 1667 1601 1742 praa

380 1779 461 1854 sepe
477 1754 682 1830 traheretur
699 1755 744 1830 ad
762 1758 1000 1833 Lateranense
1014 1758 1281 1844 Patriarchium
1295 1759 1460 1834 certatim
1473 1783 1494 1830 a
1506 1757 1602 1834 clero

379 1874 416 1939 et
424 1866 630 1965 proceribus
645 1876 680 1942 et
693 1865 792 1964 plebe
802 1867 1007 1966 deportatus
1020 1881 1084 1946 est.
1093 1872 1194 1959 Quod
1203 1871 1388 1947 audientes
1397 1873 1498 1945 missi
1513 1870 1603 1945 Hlu-

379 1980 496 2055 dovici
521 1982 748 2080 Imperatoris
774 1982 919 2058 moleste
943 1982 1109 2058 tulerunt
1134 1983 1316 2080 indignati
1346 1983 1485 2060 scilicet
1508 1984 1601 2082 quod

377 2093 463 2167 dum
480 2105 672 2194 praesentes
689 2105 809 2170 essent
826 2118 897 2169 non
914 2094 1060 2172 invitati
1077 2097 1214 2172 fuerint
1230 2123 1299 2173 nec
1315 2105 1476 2196 optatae
1493 2122 1531 2174 se
1548 2097 1602 2172 su·

378 2207 451 2281 turi
469 2207 632 2306 praesulis
657 2207 824 2282 electioni
850 2209 1023 2285 iuteresse
1049 2211 1258 2286 meruerint.
1282 2211 1353 2298 Qui
1377 2219 1523 2308 accepta
1549 2237 1602 2284 ra-

378 2319 473 2394 tione
490 2319 583 2418 quod
595 2343 665 2394 non
679 2344 789 2396 eausa
807 2332 1032 2421 contemptus
1050 2324 1211 2420 Augusti
1224 2324 1285 2398 sed
1302 2324 1416 2398 futuri
1434 2325 1602 2422 temporis

381 2444 569 2534 prospectu
587 2433 653 2510 hoo
670 2436 841 2510 omissum
855 2437 977 2526 luerit,
995 2463 1039 2512 ne
1054 2437 1221 2514 videlicet
1241 2439 1379 2535 legatos
1399 2439 1602 2539 principum

381 2550 418 2623 in
436 2549 609 2625 electione
630 2553 869 2626 Romanorum
885 2551 1086 2626 Praesulum
1106 2576 1181 2626 mos
1193 2553 1404 2652 expectandi
1417 2577 1479 2652 per
1492 2553 1601 2628 huius

381 2665 489 2738 moris
509 2665 668 2739 fomitem
682 2664 902 2754 inolesceret,
923 2689 1063 2741 omnem
1086 2666 1369 2762 indignationem
1394 2665 1603 2742 medullitus

382 2777 610 2867 sedaverunt,
626 2778 915 2854 ac'salutandum
936 2779 1091 2856 electum
1110 2781 1220 2856 etiam
1243 2782 1311 2881 ipsi
1336 2780 1522 2856 humiliter
1547 2806 1604 2856 ac-

380 2905 574 2968 cesserunt.
589 2897 635 2968 Et
653 2894 757 2968 infra.
772 2895 932 2970 Audiens
949 2895 1015 2970 hoc
1033 2895 1258 2970 Hludovicus
1272 2895 1602 2970 Christianissimus

379 3005 585 3103 Imperator,
603 3029 683 3080 mox
695 3007 917 3104 imperialem
932 3010 1093 3084 scribens
1106 3009 1302 3109 epistolam,
1315 3017 1465 3084 cunctos
1478 3011 1602 3083 Roma-

377 3140 440 3192 nos
453 3119 515 3216 qui
525 3119 678 3216 dignum
692 3130 791 3195 tanto
804 3122 1029 3220 peregissent
1042 3124 1156 3198 officio
1169 3123 1361 3223 praesulem
1372 3122 1601 3212 collaudavit,

377 3256 558 3329 perquam
567 3233 737 3309 videlicet
752 3235 909 3310 innotuit
917 3236 1010 3310 nulli
1024 3238 1206 3337 quippiam
1215 3238 1352 3338 praemii
1362 3237 1436 3312 fore
1449 3261 1511 3337 pro
1525 3263 1603 3313 oon-

378 3347 576 3422 secratione
594 3351 834 3423 Romanorum
853 3351 1069 3425 Pontificum
1087 3351 1327 3448 quoquomodo
1352 3349 1602 3447 pollicendum

378 3481 461 3531 cum
487 3460 561 3557 ipse
585 3459 681 3536 hano
697 3485 767 3536 non
793 3484 938 3536 suorum
965 3464 1249 3561 suggestionem,
1275 3464 1336 3538 sed
1361 3467 1600 3539 Romanorum

377 3572 494 3670 potius
520 3576 759 3651 unanimitate
783 3576 1031 3653 ardentissime
1058 3587 1205 3677 cuperet
1233 3577 1420 3674 provenire
1446 3579 1601 3654 maxime

376 3711 460 3761 cum
479 3689 576 3764 reddi
593 3713 673 3788 quae
689 3689 807 3764 ablata
824 3683 969 3766 fuerant
985 3715 1055 3765 non
1072 3691 1208 3766 auferri
1225 3716 1246 3764 a
1260 3695 1417 3766 Romana
1435 3691 1600 3768 Ecclesia

376 3800 435 3875 vel
451 3801 610 3902 deperire
627 3805 809 3904 quippiam
827 3828 865 3879 se
882 3804 1017 3881 diceret
1041 3804 1221 3880 hanelare.
1239 3807 1331 3880 Item
1348 3829 1393 3880 ex
1416 3805 1600 3902 pontifica-

376 3913 471 3990 libus
483 3918 640 4013 gestisII
655 3919 805 3992 Adriani
821 3922 935 4017 Papae.
950 3917 1136 3994 Celebrate
1149 3919 1243 4019 apud
1257 3918 1600 4016 Constantinopolim

376 4037 502 4102 sancta
514 4033 602 4104 VIII
620 4031 818 4105 universali
832 4033 968 4130 synodo
980 4054 1042 4129 pro
1054 4031 1263 4128 expulsione
1277 4031 1396 4104 Photii
1409 4040 1444 4106 et
1458 4032 1601 4107 restitu-

374 4141 470 4216 tione
484 4143 619 4238 Ignatii
632 4144 851 4218 Patriarchae
865 4144 1072 4240 Vulgarum
1085 4144 1198 4240 legati
1212 4169 1332 4220 coram
1340 4145 1473 4218 Basilio
1487 4149 1600 4243 Impe-

376 4264 492 4330 ratore
505 4265 541 4330 et
553 4257 699 4351 Legatis
712 4255 812 4331 llll⁰r
829 4258 1114 4354 Apostolicarum
1129 4257 1273 4332 Sedium
1287 4257 1465 4332 dixerunt.
1479 4260 1598 4356 Usque

374 4369 477 4445 hodie
493 4372 626 4469 pagani
644 4371 780 4446 fuimus
805 4384 841 4447 et
858 4395 971 4470 nuper
991 4370 1036 4444 ad
1058 4371 1216 4466 gratiam
1243 4369 1531 4446 Christianitatis
1542 4395 1599 4446 ac-

375 4483 559 4560 cessimus.
576 4484 727 4584 Ideoque
752 4509 797 4564 ne
814 4485 850 4560 in
877 4486 997 4585 aliquo
1013 4509 1132 4566 errare
1155 4485 1323 4562 videatur
1348 4485 1409 4561 cui
1426 4484 1597 4562 Ecclesia
