3582 5288
705 374 901 442 -107-

190 511 231 576 ut
246 499 399 595 dignum
418 507 506 587 erat,
522 507 558 573 et
574 497 772 572 desiderata
791 521 848 572 res
866 495 1042 594 poscebat,
1059 496 1196 574 sineret
1217 494 1416 588 imminere,

189 623 226 690 et
250 638 315 688 nos
331 613 370 688 in
388 611 512 686 multis
528 611 721 709 implimtos
738 610 991 690 ecclesiasticae
1009 611 1159 686 rationis
1170 612 1416 688 'consideratio

189 753 323 803 novum
341 728 407 802 hoe
424 727 627 802 inconsulto
643 736 682 801 et
696 725 813 800 subito
830 750 901 800 non
915 727 1137 830 permitteret
1150 726 1351 823 indulgere,
1365 726 1414 802 ie-

190 843 287 917 circo
300 840 486 939 postnlatae
499 841 550 916 rei
564 840 797 938 prolongatus
819 849 874 916 est
886 841 1044 918 effectus.
1061 845 1137 918 Nee
1155 840 1414 918 veroearitatis

189 967 261 1031 ture
278 955 369 1030 bona
387 965 596 1031 revocantes
620 955 665 1030 ad
682 955 856 1043 animum,
872 954 983 1030 huius
999 956 1225 1032 auctoritatis
1243 955 1414 1053 rescripto

190 1081 225 1146 te
249 1073 294 1146 ad
319 1070 607 1146 archidiaconem
635 1080 737 1144 tuum
765 1069 1040 1144 dalmaticarum
1068 1097 1173 1145 usum
1199 1070 1414 1152 decorandos

191 1211 266 1262 esse
283 1185 539 1275 concessimus
556 1185 770 1282 easdemque
789 1183 1000 1259 dalmaticas
1017 1185 1247 1260 dilectissimo
1264 1185 1336 1263 filio
1353 1207 1413 1260 no·

191 1308 264 1376 stro
282 1299 424 1376 Ciriaeo
443 1299 582 1376 Abbate
597 1295 777 1374 deserente
794 1299 1070 1376 transmisimus

620 1545 623 1551 ⁴
722 1525 906 1610 CXLVIII.
950 1457 953 1463 ·

285 1756 485 1852 Gregorius
515 1755 686 1851 Episcopo
716 1753 940 1828 Siracusano.
966 1758 1065 1830 Inter
1090 1765 1220 1830 catera.
1246 1757 1417 1831 Pervenit

190 1869 310 1967 itaque
340 1869 385 1944 ad
409 1891 473 1943 nos
497 1868 590 1966 quod
616 1867 787 1941 diaconus
814 1867 984 1942 Ecclesia
1010 1867 1215 1944 Catinensis
1241 1868 1416 1945 calciatus

191 1984 379 2082 campagis
404 1983 607 2080 procedere·
616 1979 910 2080 presumpsisset.
928 1981 1028 2068 Quod
1053 1982 1138 2080 quia
1155 1991 1305 2057 actenus
1323 1981 1415 2055 nulli

192 2121 253 2195 per
276 2107 388 2172 tetam
407 2095 567 2172 Siciliam
598 2095 713 2184 licuit,
738 2093 809 2168 nisi
832 2095 915 2168 solis
940 2096 1184 2170 tantummodo
1209 2095 1416 2172 diaconibus

191 2209 352 2286 eeclesias
377 2209 611 2298 Mesanensis
636 2207 766 2306 quibus
791 2206 875 2280 olim
901 2231 922 2278 a
948 2205 1264 2304 predecessoribus
1281 2207 1414 2282 nostris

191 2348 261 2400 non
286 2323 473 2402 dubitatur
489 2342 566 2400 esse
585 2341 792 2399 cencessum
810 2319 899 2393 bene
918 2321 1084 2396 recolitis.
1103 2321 1193 2408 Quia
1211 2344 1299 2418 erge
1316 2330 1416 2398 tante

192 2437 406 2514 temeritatis
429 2449 541 2511 ausus
567 2457 636 2510 non
653 2444 708 2509 est
732 2433 864 2508 leviter
880 2436 1118 2510 attendendus
1134 2461 1219 2511 cum
1236 2436 1332 2510 omni
1350 2435 1416 2512 hoo

191 2550 398 2624 fraternitas
431 2559 557 2625 vestra‘
584 2547 782 2622 subtilitate
814 2547 1010 2644 perquirat,
1041 2557 1162 2623 utrum
1198 2573 1260 2646 per
1285 2573 1323 2623 se
1359 2547 1417 2624 vel

191 2664 348 2740 alicuius
374 2664 441 2740 hoe
465 2662 677 2740 auctoritate
697 2662 965 2759 praesumpserit
990 2663 1090 2738 nobis
1114 2662 1295 2738 subtiliter
1320 2663 1419 2737 inno

194 2787 319 2854 tescat.
344 2781 436 2853 Nam
462 2779 493 2850 si
519 2776 756 2872 neglegenter
773 2804 815 2854 ea
839 2799 920 2873 quac
945 2777 1039 2853 male
1070 2787 1292 2875 usurpantur
1316 2777 1418 2851 omit-

193 2893 315 2983 timus,
340 2891 544 2968 excessibus
570 2891 667 2964 viam
692 2890 774 2966 aliis
799 2892 990 2990 aperimus.

709 3056 911 3206 extum

290 3346 487 3443 Gregorius
504 3346 680 3421 Mauricio
702 3348 921 3444 Imperatori.
945 3353 1045 3424 Inter
1070 3358 1199 3424 cetera.
1226 3351 1332 3428 Certe
1358 3373 1420 3447 pro

195 3459 288 3536 beati
307 3461 403 3536 Petri
431 3459 589 3559 Apostoli
609 3457 739 3535 honore
757 3484 820 3558 per
837 3465 1077 3538 venerandam
1096 3463 1420 3539 Chalcedonensem

195 3575 357 3649 sinodum
383 3574 599 3648 universalis
630 3597 757 3649 nomeu
784 3578 941 3652 Romano
974 3579 1138 3653 Pontifici
1173 3579 1330 3654 oblatum
1356 3587 1421 3666 est,

197 3689 256 3764 sed
281 3687 406 3762 nullus
431 3711 553 3763 eorum
587 3713 773 3786 nunquam
801 3688 868 3764 hoc
903 3691 1170 3787 singularitatis
1196 3691 1340 3768 nomine
1366 3691 1421 3765 uti

194 3803 381 3878 consensit.
408 3803 507 3890 Quod
524 3811 579 3876 est
597 3825 684 3897 ergo
701 3803 792 3900 quod
812 3829 875 3880 nos
893 3806 1004 3880 huius
1023 3806 1186 3880 vocabuli
1205 3807 1359 3902 gloriam
1385 3820 1422 3881 et

195 3925 346 3999 oblatam
372 3948 443 4001 non
468 3923 653 4022 querimus
670 3933 706 3999 et
722 3923 814 3998 alter
837 3921 905 3995 sibi
922 3920 1016 3996 hanc
1040 3920 1197 4017 arripere
1215 3920 1323 3994 etiam
1349 3943 1420 3994 non

196 4037 348 4111 oblatam
382 4039 576 4135 praesumit.
610 4038 707 4112 Idem
741 4037 895 4131 Eulogio
930 4033 1171 4110 Alexandrino
1202 4033 1421 4108 Patriarchae

196 4151 289 4227 inter
306 4161 435 4226 cetera.
448 4155 494 4224 Et
507 4151 598 4248 quod
617 4161 671 4226 est
688 4151 727 4223 in
745 4159 872 4227 sancta
887 4146 1142 4222 calcedonensi
1162 4145 1297 4244 synodo
1314 4154 1421 4241 atque

197 4276 272 4364 post
296 4291 318 4338 a
343 4264 643 4363 subsequentibus
669 4264 832 4362 patribus
856 4263 923 4338 hoc
948 4261 1192 4337 decessoribus
1217 4258 1307 4333 meis
1330 4257 1423 4332 obla·

196 4391 273 4453 tum
299 4389 421 4453 vestra
453 4379 625 4455 sanctitas
658 4380 770 4466 nevit,
795 4377 857 4451 sed
886 4388 1006 4451 tamen
1040 4374 1165 4449 nullus
1198 4395 1320 4447 eorum
1356 4371 1423 4447 boo

199 4517 355 4592 unquam
390 4492 444 4568 uti
470 4492 594 4572 voluit.
619 4495 714 4568 Idem
746 4491 853 4568 Narsi
880 4491 1022 4566 Comiti.
1053 4487 1268 4588 Ephesinam
1299 4495 1422 4562 autem
