3582 5288
694 390 890 454 -169-

524 821 574 872 Ex
592 819 709 874 aedem
728 819 840 873 codiee
859 820 1056 874 eons'itutto.

275 983 523 1056 Iursarronns
552 985 700 1056 Vernus
729 992 765 1058 et
790 985 1008 1058 Mancrauvs
1038 987 1114 1058 ΑΑ.
1144 983 1305 1060 Palladio
1333 989 1401 1061 ΡΡ.

183 1098 313 1170 Omnes
326 1119 411 1170 sane
427 1095 670 1195 pragmaticas
687 1095 888 1172 sanationes
906 1121 985 1194 quae
997 1107 1121 1172 eontra
1134 1121 1312 1172 canonum
1325 1124 1404 1172 san·

181 1209 317 1284 stiones
341 1209 549 1286 interventu
573 1210 702 1306 gratiae
727 1218 764 1286 et
783 1209 989 1286 ambitionis
1011 1211 1141 1286 elioitae
1165 1221 1261 1302 sunt,
1282 1212 1403 1288 robora

182 1346 245 1398 suo
261 1331 298 1396 et
314 1317 485 1398 firmitate
510 1331 693 1414 vacuatas,
718 1335 858 1400 cessare
883 1324 1119 1425 praeoipimus.
1144 1327 1223 1400 Dat.
1243 1328 1292 1401 ΙΙ.
1317 1327 1401 1402 Idus

183 1434 404 1512 Novembris.
582 1431 583 1436 ’
760 1437 763 1443 ’

712 1619 871 1716 ooxtllss

192 1847 240 1898 Ex
258 1843 546 1898 constitutionibus
564 1843 726 1896 Elotharfi
743 1843 956 1909 Imperatoris
975 1844 1038 1898 sub
1058 1839 1117 1896 11.⁰
1136 1845 1281 1909 Eugenio
1299 1846 1393 1910 Papa

404 1943 508 2008 gestis
525 1945 558 1994 in
576 1942 657 1994 atrio
675 1941 766 1994 beati
783 1941 873 1995 Petri
890 1941 1039 2022 Apostoll
1057 1955 1129 2014 sap.
1149 1942 1173 1992 1.

276 2113 540 2189 Constituimus
557 2122 599 2187 ut
622 2137 744 2189 omnes
769 2111 831 2212 qui
856 2113 922 2188 sub
940 2111 1086 2213 speciali
1104 2113 1319 2211 protectione
1337 2115 1402 2189 Do

178 2226 253 2300 mni
267 2225 471 2326 Apostolioi‚
489 2251 552 2301 seu
570 2235 690 2301 nostra
706 2226 843 2302 fuerint
859 2227 1029 2324 suseepti,
1046 2227 1234 2326 impetrata
1251 2226 1401 2301 inviolass

167 2339 296 2432 ‚biritu
312 2347 462 2413 utantur
479 2337 691 2414 defensione.
710 2339 810 2427 Quod
826 2339 857 2413 si
875 2339 956 2438 quis
973 2339 1011 2412 in
1029 2363 1253 2438 quocumque
1270 2338 1400 2414 violari

178 2452 444 2550 presumpserit
466 2451 557 2526 solat
577 2477 616 2528 se
637 2451 837 2549 periculum
855 2454 941 2528 vitae
957 2479 1032 2528 suae
1048 2453 1291 2528 incursurum.
1304 2457 1398 2527 Nam

179 2576 214 2641 et
230 2565 299 2642 hoo
316 2565 551 2654 decernimus,
566 2573 607 2639 ut
620 2567 755 2640 Domuo
768 2566 968 2666 Apostolioo
985 2567 1023 2640 in
1040 2567 1204 2640 omnibus
1218 2565 1316 2640 iusta
1329 2593 1401 2642 ser-

178 2691 284 2756 vetur
299 2679 497 2755 obedientia
515 2701 579 2755 seu
596 2679 748 2755 ducibus
766 2687 830 2754 aut
854 2679 1035 2754 iudicibus
1054 2679 1140 2770 suis,
1160 2679 1204 2754 ad
1222 2678 1396 2754 iustitiam

180 2793 392 2870 laniandam.

698 2985 874 3071 ooxtln.

649 3188 760 3244 Eiusd.
785 3201 857 3255 esp.
885 3190 927 3241 11.

273 3362 323 3436 Ut
339 3360 604 3459 deprecationes
621 3386 701 3460 quaa
717 3360 893 3437 haetenus
910 3360 989 3437 fieri
1004 3359 1174 3451 solebant,
1186 3360 1287 3437 nullo
1301 3361 1400 3436 modo

178 3475 277 3565 fiant,
293 3497 408 3572 neque
425 3475 571 3551 vivente
586 3475 767 3563 Pontifiee
780 3499 896 3573 neque
909 3475 1087 3550 defuneto.
1102 3473 1139 3547 Si
1154 3475 1235 3572 quis
1248 3497 1332 3550 vero
1346 3474 1401 3548 ul·

177 3587 290 3664 terius
307 3585 374 3663 hoe
391 3589 528 3679 feeerit,
545 3589 636 3664 sciat
653 3613 691 3664 se
716 3587 828 3684 legali
853 3587 1031 3664 sententia
1057 3587 1399 3686 condempnandum.

179 3703 267 3788 Quae
283 3725 369 3776 voro
386 3711 480 3778 retro
496 3701 601 3778 faotae
618 3711 703 3777 sunt
722 3699 888 3798 legaliter
905 3700 1149 3776 emendentur.
1190 3711 1194 3716 '
1281 3723 1284 3730 ’

619 3933 623 3938 ·
690 3893 886 3980 Odlllrllll.

652 4098 762 4153 Eiusd.
782 4109 855 4165 cap.
876 4099 932 4151 111.

276 4271 317 4342 In
335 4267 508 4345 electione
523 4279 645 4346 autem
662 4270 813 4346 Romani
838 4269 1033 4361 Pontificio,
1058 4267 1183 4345 nullus
1208 4269 1284 4346 sive
1310 4269 1401 4346 liber

180 4382 258 4457 sive
274 4405 403 4457 servus
419 4394 613 4480 praesumat
629 4384 773 4484 aliquod
790 4384 1084 4484 impedimentum
1109 4385 1240 4475 faeere,
1264 4383 1325 4460 sed
1345 4383 1401 4458 illi

181 4494 396 4574 solummodo
412 4497 561 4574 Romani
575 4497 705 4600 quibus
717 4499 919 4602 antiquitus
931 4521 1148 4576 eonsensum
1161 4505 1217 4576 est
1228 4495 1361 4574 constit
1387 4541 1401 4556 ·
