3638 5294
713 413 754 456 ·-·,
783 384 849 447 443
875 417 916 432 -·

204 511 278 578 tam
299 502 461 600 ingentis
477 501 649 582 facinoris
673 497 1140 594 incorrectum‘convenire,
1157 512 1199 580 ut
1222 527 1345 582 omnes
1360 529 1433 582 uno

133 629 134 632 ’
208 618 358 694 consilio
375 617 558 694 abicerent
575 643 671 708 eum,
688 618 718 694 si
735 628 887 714 negaret
902 619 1091 695 emendare
1104 643 1151 696 se.
1161 618 1198 692 si
1212 629 1333 694 autem
1351 621 1432 718 quis

209 741 420 830 potestatem
434 731 624 808 nonhabet
641 754 745 831 quem
764 733 833 808 seit
850 755 949 808 reum
963 732 1115 822 abicere,
1124 741 1186 806 aut
1199 732 1345 831 probare
1361 757 1432 808 non

208 845 318 933 valet,
335 845 508 920 immunis
525 855 590 936 est,
607 855 643 922 et
663 845 794 921 iudicis
809 868 880 920 non
898 855 953 921 est
969 846 1046 922 sine
1062 856 1270 922 accusatore
1287 847 1433 922 damna-

209 983 259 1048 re,
276 945 361 1057 ¹quia
380 968 416 1036 et
433 959 609 1034 Dominus
624 959 748 1034 Iudam
768 977 851 1036 cu'm
869 959 929 1034 sur
944 970 1050 1049 esset,
1066 959 1150 1059 quia
1170 983 1240 1034 non
1259 971 1312 1037 est
1328 986 1434 1038 uocu-

205 1081 308 1149 satus
325 1071 473 1152 minime
486 1073 624 1150 abiecit.
635 1073 815 1172 Sequitur.
824 1074 874 1149 Ut
886 1073 1071 1150 tolleretur
1083 1073 1126 1149 de
1139 1073 1252 1148 medio
1269 1084 1431 1150 restrum

207 1186 269 1285 qui
287 1185 460 1286 hocopus
477 1187 573 1263 fecit.
590 1187 744 1284 Cognito
761 1210 864 1285 opere
881 1186 960 1277 isto,
976 1185 1178 1286 pellendum
1198 1186 1301 1260 illum
1318 1187 1429 1264 finisse

207 1301 249 1376 de
263 1310 355 1376 caetu
369 1301 617 1376 fraternitatis.
627 1303 760 1376 Omnes
773 1301 869 1375 enim
887 1300 1022 1376 crimen
1038 1301 1116 1376 eius
1133 1299 1304 1390 sciebant,
1312 1310 1349 1376 et
1361 1323 1432 1376 non

208 1413 422 1512 arguebant.
441 1414 604 1490 Plublioe
629 1415 725 1491 enim
750 1432 940 1490 novercam
966 1438 1067 1487 suam
1093 1412 1169 1489 loco
1186 1413 1310 1487 uxoris
1325 1411 1431 1488 habe·

210 1528 307 1602 bant.
325 1531 366 1602 In
384 1553 455 1627 qua
474 1551 510 1604 re
528 1554 643 1628 neque
661 1528 812 1604 testibus
828 1551 916 1626 opus
933 1535 1020 1618 erat,
1033 1551 1148 1625 neque
1164 1526 1432 1624 tergiversatio·
1539 1533 1542 1538 ’

209 1665 255 1716 ne
271 1641 392 1740 aliqua
411 1651 546 1758 peterat
563 1642 639 1739 tegi
657 1642 804 1718 crimen.

754 1833 874 1920 oxxl.

604 2039 654 2091 Ex
671 2019 756 2091 libr'o
774 2037 840 2090 vite
859 2034 1019 2089 eiusdem.

302 2210 513 2286 Ambrosius
542 2207 815 2287 mediolanensis
841 2206 1038 2305 Episcopus
1062 2207 1261 2281 Maximum
1291 2232 1312 2280 a
1338 2230 1432 2283 oom-

209 2325 391 2400 munr'onis
407 2325 583 2400 consortio
608 2322 830 2422 segregavit,
846 2321 1039 2396 admonens
1064 2330 1105 2395 ut
1123 2319 1225 2396 effusi
1242 2321 1433 2417 sanguinis

209 2438 343 2512 domini
362 2437 418 2512 sui
433 2438 673 2535 Imperatoris,
688 2447 723 2512 et
736 2435 828 2534 quod
840 2445 895 2510 est
911 2435 1065 2531 gravius
1082 2433 1294 2524 innocentis,
1306 2443 1433 2531 ageret

209 2551 457 2648 penitentiam,
474 2552 504 2624 si
521 2551 590 2625 sibi
607 2550 701 2649 apud
719 2553 834 2625 Deum
851 2551 962 2627 vellet
979 2577 1056 2627 esse
1074 2550 1288 2627 consultum.
1305 2549 1375 2625 Sed
1395 2559 1432 2626 et

209 2664 270 2740 illo
288 2689 370 2740 oum
391 2665 624 2762 penitentiam
643 2663 799 2740 declinat
816 2665 968 2763 superbo
993 2665 1133 2764 spiritu,
1151 2687 1220 2738 non
1245 2663 1396 2738 solumi
1419 2705 1433 2719 ·

206 2788 340 2869 turam,
357 2779 418 2854 sed
444 2779 550 2854 otiam
578 2779 794 2877 presentiam
819 2779 932 2853 vitam
957 2779 1089 2870 amisit,
1106 2787 1142 2854 et
1167 2801 1318 2874 regnum
1338 2777 1431 2875 quod

209 2892 303 2967 male
320 2891 532 2991 arripuerat,
548 2891 701 2967 femineo
718 2891 844 2967 timore
861 2891 1031 2990 deposuit.

742 3093 882 3178 oxxll.

410 3297 609 3364 Augustinus
628 3297 794 3349 Honorato
814 3297 1082 3365 Episcopo'inter
1101 3297 1221 3350 cetera.

303 3469 396 3545 Cum
415 3477 681 3568 persequuntur
697 3491 761 3543 vos
778 3467 816 3541 in
834 3465 981 3544 civitate
1005 3468 1075 3542 ista
1104 3466 1222 3564 sugite
1246 3467 1284 3540 in
1309 3465 1430 3540 aliam.

209 3581 298 3670 Quis
316 3591 436 3658 autem
455 3583 576 3658 credat
593 3583 642 3658 ita
660 3582 727 3660 hoc
745 3581 937 3657 Dominum
959 3581 1036 3657 fieri
1060 3579 1228 3672 uoluisse,
1245 3590 1287 3656 ut
1311 3604 1432 3657 neces·

208 3695 303 3770 sario
328 3695 526 3772 ministerio
551 3695 628 3770 sine
653 3717 722 3794 quo
738 3695 862 3770 vivere
879 3703 1065 3794 nequeunt
1081 3694 1331 3772 desererentur
1347 3717 1429 3792 gre·

205 3831 272 3906 ges
297 3832 384 3906 quos
401 3831 465 3883 suo
486 3808 666 3905 sanguine
691 3809 923 3907 comparavit.
940 3809 1127 3908 Numquid
1151 3808 1219 3886 boo
1238 3808 1326 3886 feeit
1343 3807 1429 3908 ipse,

206 3921 348 4019 quando
361 3919 585 4019 portantibus
598 3921 637 3994 in
647 3920 779 4020 Egipto
791 3921 998 4019 parentibus
1011 3921 1187 4021 paruulus
1199 3921 1309 4019 fugit,
1319 3945 1431 4020 quan·

205 4035 1430 4133 deecclesiascongregaverat,quasabeodesertasfuissedicamus?

206 4149 392 4248 Numquid
409 4149 549 4249 quando
563 4147 754 4248 Apostolus
768 4149 904 4224 Paulus
921 4173 967 4226 ne
983 4149 1101 4226 ullum
1118 4149 1433 4249 comprehenderet

207 4264 380 4340 inimicus
405 4287 467 4372 per
484 4264 676 4340 fenestram
695 4263 733 4336 in
752 4273 907 4361 sportam
925 4263 1095 4338 dimissus
1111 4273 1166 4340 est
1182 4273 1218 4339 et
1234 4263 1334 4360 fugit
1359 4289 1434 4338 ma·

205 4403 276 4452 nus
288 4377 525 4466 eius,deserta
538 4387 593 4454 est
609 4401 688 4476 quae
705 4376 755 4478 ibi
772 4387 850 4451 erat
866 4377 1028 4453 aecolesia
1045 4377 1246 4453 necessario
1264 4375 1426 4452 ministe-

205 4491 314 4583 riost
331 4515 400 4568 nou
418 4491 462 4570 ab
479 4491 562 4569 aliis
579 4491 750 4572 fratribus
767 4490 895 4571 ibidem
914 4489 1120 4572 constitutis
1137 4489 1229 4590 quod
1247 4489 1433 4590 oportebat
