3654 5302
737 399 934 463 -379-

218 539 299 587 rum
317 513 446 588 Missas
459 513 636 606 audimus,
650 515 709 593 vel
722 541 805 593 oum
820 519 1039 611 eisoramus,
1052 520 1224 598 cumillis
1240 546 1444 602 excommu-

218 626 433 704 nicationem
452 627 625 708 subimus.
643 633 738 718 Quos
751 632 893 730 quidem
911 633 1111 710 sacerdotes
1128 657 1216 726 esse,
1228 635 1356 711 saltem
1369 662 1444 714 cre·

216 741 311 832 dere,
329 741 472 817 omnino
485 767 603 818 errare
621 754 685 835 cst,
701 769 784 820 cum
798 748 905 822 Petro
920 749 1070 846 Symcni
1087 749 1192 826 dicat.
1209 750 1367 826 Pecunia
1379 761 1444 827 tua

216 865 337 931 tecum
355 855 403 929 sit
423 854 461 928 in
480 854 708 953 perdictione,
728 858 813 956 quia
833 858 1046 936 existimasti
1060 861 1190 938 donum
1208 863 1274 938 Dei
1292 865 1444 964 pecunia

216 969 394 1070 possideri.
406 971 487 1044 Non
500 979 554 1045 est
567 969 631 1046 tibi
643 995 726 1068 pars
738 995 854 1070 neque
866 997 941 1048 sors
954 973 993 1048 in
1006 997 1167 1050 sermone
1181 975 1258 1050 isto.
1272 976 1341 1052 Ubi
1354 1002 1439 1052 cum

215 1082 441 1170 existimasti,
454 1082 586 1158 dicitur
599 1107 669 1158 non
682 1108 744 1182 pro
756 1107 796 1160 eo
809 1085 901 1184 quod
910 1086 1045 1176 fecerit,
1059 1086 1212 1186 sedquia
1226 1113 1263 1164 se
1277 1113 1377 1187 posse
1390 1089 1442 1164 ia·

217 1222 298 1274 cere
314 1196 466 1272 credidit
485 1198 776 1296 condempnatur,
789 1223 873 1275 cum
895 1199 1015 1274 minus
1032 1199 1080 1275 sit
1100 1200 1313 1276 existimasti
1335 1226 1443 1301 quam

216 1310 368 1386 credere.
380 1313 422 1384 In
441 1308 508 1384 hoc
525 1333 608 1386 vero
625 1312 716 1410 quod
733 1313 980 1409 subiungitur,
993 1336 1064 1388 nou
1076 1323 1131 1390 est
1143 1314 1207 1389 tibi
1222 1339 1304 1412 pars
1324 1339 1440 1413 neque

215 1448 290 1499 sors
307 1425 346 1498 in
362 1446 522 1499 sermone
539 1425 617 1515 isto,
633 1435 796 1524 patenter
812 1425 1022 1516 ostenditur,
1039 1426 1124 1525 quia
1138 1426 1251 1502 nichil
1271 1451 1373 1503 sacre
1389 1449 1443 1502 or·

216 1538 409 1612 dicationis
422 1537 460 1611 in
473 1537 541 1614 hac
554 1539 770 1638 promotione
783 1539 987 1638 percipitur.
997 1543 1083 1616 Haec
1096 1541 1217 1638 itaque
1229 1540 1437 1616 detestanda

214 1652 361 1742 heresis,
376 1659 419 1725 ut
434 1649 559 1726 beatus
573 1651 771 1749 Gregorius
782 1652 844 1741 ait,
857 1663 941 1728 ante
954 1676 1077 1728 omnes
1089 1653 1128 1726 in
1140 1662 1304 1728 sanctam
1319 1652 1443 1729 ascolo·

215 1765 306 1840 siam
319 1764 490 1839 diabolica
499 1764 623 1839 fraude
632 1766 798 1863 surrepit,
807 1765 910 1864 quasi
922 1766 1079 1864 primast
1090 1767 1258 1857 maxima,
1272 1766 1443 1843 aecclesiae

216 1880 418 1956 castitatem
436 1878 553 1954 fedam
570 1877 722 1953 nimium
742 1879 935 1980 pollutione
952 1880 1249 1956 contaminatum.
1266 1883 1345 1968 Qua
1366 1904 1442 1978 pro·

215 2002 295 2091 pter
310 1991 530 2068 obtestamur
543 1991 804 2068 fraternitatem
818 2005 987 2084 vestram,
1000 2003 1042 2068 ut
1053 1994 1130 2070 haec
1143 2003 1217 2068 tam
1230 2018 1314 2068 seva
1332 1995 1442 2092 pestis

216 2107 259 2182 ah
272 2105 433 2182 aecclesia
449 2114 571 2182 vestra
594 2105 738 2203 penitus
750 2107 947 2198 auferatur,
959 2133 1005 2183 ne
1018 2106 1173 2183 ulterius
1189 2105 1280 2205 quod
1293 2106 1386 2182 absit
1401 2107 1443 2182 in

218 2218 394 2318 Spiritum
412 2221 586 2294 Sanctum
604 2229 805 2316 peccantes,
821 2246 937 2320 neque
954 2219 1026 2308 hic,
1042 2243 1158 2317 neque
1175 2218 1214 2292 in
1239 2219 1361 2294 futuro
1378 2245 1441 2294 sae·

218 2332 300 2408 culo
321 2331 423 2407 vobis
447 2332 661 2409 remittatur.
677 2335 769 2408 Item
788 2333 825 2406 in
840 2335 992 2432 registro
1004 2337 1038 2410 ll
1054 2333 1245 2409 Alexandri
1264 2336 1369 2431 Papae
1386 2333 1440 2407 in·

218 2459 272 2522 ter
285 2447 460 2524 cetera.Si
474 2447 554 2545 quis
563 2445 775 2522 beneficium
789 2448 971 2536 aecclesiae,
980 2449 1072 2547 quod
1081 2447 1226 2546 quidam
1239 2447 1442 2536 canonicas,

219 2559 278 2636 vcl
287 2559 503 2659 praebendas,
516 2559 574 2635 vel
583 2559 723 2636 ordines
736 2571 878 2652 vocant,
890 2562 1014 2662 iniqua
1026 2561 1220 2660 cupiditate
1233 2561 1374 2650 ductor,
1384 2561 1442 2637 vel

218 2673 411 2762 emcre,vel
421 2674 574 2750 vendere
583 2676 970 2774 presumpserit,iuxta
979 2675 1171 2752 concilium
1181 2673 1442 2750 Chalcedonen-

217 2812 256 2862 sc
273 2787 409 2884 gradus
421 2787 476 2862 sui
489 2787 648 2886 periculo
665 2787 858 2880 subiaceat,
871 2814 937 2866 nec
955 2787 1135 2864 ministret
1147 2786 1316 2863 ecclesius
1333 2811 1441 2886 quam

218 2903 371 3002 pecunia
387 2903 617 3002 comparavit.

778 3001 888 3087 lllll.

325 3149 374 3200 Ex
393 3147 535 3201 concillo
554 3147 704 3213 Gregorii
722 3149 782 3200 vn
801 3149 903 3213 Papae
921 3147 946 3199 L
965 3146 1200 3213 Episcopomm
1218 3156 1291 3212 cap.
1311 3146 1335 3196 1.

317 3254 355 3327 Si
373 3252 454 3351 quis
470 3252 637 3350 deinceps
654 3253 906 3351 Episcopatum
924 3248 984 3325 vel
997 3248 1186 3324 Abbatiam
1200 3247 1242 3324 de
1257 3272 1367 3322 manu
1380 3247 1444 3321 lai·

219 3391 270 3440 cae
289 3389 435 3463 persone
456 3361 663 3464 susceperit,
684 3365 892 3440 nullatenus
904 3366 999 3440 inter
1013 3365 1202 3463 Episcopos
1215 3363 1274 3440 vel
1287 3364 1443 3440 Abbates

219 3479 381 3568 habetur,
398 3504 465 3555 nec
482 3478 557 3553 ulla
573 3480 607 3554 ei
625 3489 666 3553 ut
682 3479 854 3578 Episcopo
870 3505 934 3555 seu
961 3478 1091 3554 Abbati
1113 3479 1296 3555 audientia
1319 3501 1444 3554 conce-

219 3594 334 3669 detur.
349 3597 500 3692 Insuper
517 3593 549 3669 ei
566 3592 687 3689 gratia
704 3593 801 3667 Petri
819 3602 855 3668 et
871 3593 1059 3668 introitum
1084 3593 1245 3669 ecclesiae
1262 3590 1444 3668 interdici·

221 3733 313 3796 mus,
326 3730 509 3806 quousque
521 3705 639 3782 locum
652 3731 758 3805 quem
777 3706 844 3782 sub
857 3707 1008 3782 crimine
1020 3715 1094 3781 tam
1107 3705 1322 3796 ambitionis,
1334 3729 1442 3803 quam

218 3820 473 3910 inobedientiae,
489 3820 581 3919 quod
598 3829 653 3896 est
664 3820 782 3897 scelus
795 3819 978 3911 idolatriae,
991 3820 1107 3920 cepit,
1120 3818 1358 3918 resipiscendo
1371 3842 1443 3894 non

218 3933 358 4010 deserit.
375 3933 550 4009 Similiter
567 3934 676 4010 etiam
698 3934 741 4010 de
758 3934 988 4010 inferioribus
1013 3933 1269 4011 ecclesiasticis
1286 3933 1441 4029 dignita-

219 4046 315 4122 tibus
331 4045 593 4122 coustituimus.
611 4049 702 4123 Item
720 4048 752 4121 si
769 4047 850 4146 quis
863 4050 1129 4148 imperatorum,
1142 4073 1283 4146 regum,
1297 4048 1443 4138 ducum,

219 4158 477 4250 marchionum,
502 4160 685 4250 comitum,
709 4159 768 4235 vel
796 4163 948 4258 quilibet
972 4162 1200 4238 saecularium
1226 4169 1441 4260 potestatum

219 4283 283 4347 aut
295 4296 526 4371 personarum
539 4275 793 4350 investituram
802 4276 1071 4375 episcopatuum
1084 4275 1142 4351 vel
1155 4273 1309 4351 alicuius
1323 4273 1445 4350 eeccle-

218 4387 372 4462 siasticae
388 4386 576 4484 dignitatis
597 4389 684 4465 dare·
705 4388 983 4490 presumpserit,
1009 4389 1167 4466 ciusdem
1193 4387 1381 4465 sententie
1405 4412 1443 4464 sc

218 4499 426 4579 obstrictum
446 4524 524 4581 asse
540 4501 640 4583 sciat.
