3582 5288
695 415 892 478 -115-

179 545 216 610 et
232 534 407 608 maiorum
425 533 538 608 vultis
554 542 692 610 statuta
708 534 921 626 convellere,
939 558 1008 610 non
1026 559 1202 633 cognosco
1226 536 1290 634 qui
1307 537 1402 613 estis.

179 655 364 745 Age-ergo
381 647 490 723 frater
507 647 739 724 dilectissime
755 659 862 748 atque
878 648 1068 725 karissime
1093 659 1134 724 ut
1158 673 1222 725 nos
1244 651 1402 726 invicem

70 833 73 838 .
183 785 493 858 recognoscamus,
510 787 556 838 ne
573 761 605 836 si
622 763 794 862 antiquus
811 763 921 839 hostis
938 789 1000 862 per
1013 764 1222 841 scandalum
1236 765 1323 840 duos
1336 787 1406 840 mo·

179 877 286 967 verit,
303 901 365 976 per
381 876 638 975 nequissimam
654 878 845 954 victoriam
864 879 994 954 multos
1011 891 1123 955 necet.
1141 882 1221 976 Ego
1241 879 1338 954 euim
1364 889 1407 954 ut

179 999 302 1090 aperte
318 990 473 1066 iudicem
489 989 551 1089 qui
569 991 773 1089 prelatione
790 993 843 1067 nil
860 1018 970 1092 quero
987 994 1018 1068 si
1035 993 1097 1069 ille
1118 993 1338 1069 iuvenculus
1363 994 1406 1069 de

180 1130 250 1204 quo
266 1105 480 1204 prelocutus
496 1131 577 1178 sum
594 1105 690 1204 apud
705 1105 969 1182 fraternitatem
986 1116 1087 1182 tuam
1112 1106 1257 1183 culmen
1282 1131 1403 1204 prave

181 1221 334 1297 actionis
352 1220 499 1296 minime
515 1229 654 1296 teneret
670 1231 712 1296 ut
729 1221 803 1320 ipse
821 1222 929 1297 etiam
947 1247 1026 1320 quae
1044 1221 1132 1296 mihi
1149 1221 1192 1296 de
1209 1223 1407 1297 canonibus

182 1345 379 1434 suppetunt
395 1334 542 1410 interim
559 1344 676 1411 tacere
691 1337 894 1434 potuissem,
907 1347 943 1412 et
955 1337 999 1412 ab
1012 1337 1088 1436 ipso
1101 1336 1204 1412 initio
1220 1336 1408 1412 venientes

185 1451 232 1524 ad
242 1474 298 1524 me
308 1473 477 1548 personas
489 1449 534 1524 ad
546 1473 611 1525 vos
624 1451 838 1528 fiducialiter
851 1449 1409 1548 retransmisissem,sciensquod

184 1589 245 1638 eas
262 1563 437 1639 sanctitas
453 1572 518 1637 tua
535 1588 619 1638 cum
633 1563 783 1639 caritate
796 1566 1004 1666 susciperet.
1018 1567 1087 1642 Sed
1099 1565 1204 1642 etiam
1220 1590 1318 1642 nunc
1330 1565 1409 1640 dico

5 1775 6 1790 ἵ
115 1673 119 1678 ’
183 1687 248 1752 ant
264 1677 405 1752 easdem
422 1699 591 1776 personas
608 1677 648 1750 in
664 1678 741 1753 suis
757 1679 942 1755 ordinibus
959 1680 1141 1778 suscipere
1166 1679 1290 1778 eisque
1312 1678 1409 1776 quie

183 1800 256 1867 tem
275 1791 402 1889 prebe,
425 1799 490 1864 aut
513 1789 545 1865 si
569 1789 636 1866 hoc
661 1791 810 1869 fortasse
831 1794 1001 1883 nolueris,
1026 1793 1115 1868 mihi
1140 1794 1237 1868 omni
1260 1793 1410 1869 alterca-

183 1906 279 1981 tione
297 1904 488 2003 postposita
505 1903 548 1978 de
565 1927 688 1979 eorum
705 1931 816 1981 causa
832 1915 970 1982 statuta
988 1906 1164 1981 maiorum
1181 1914 1217 1980 et
1230 1928 1406 1980 canonum

183 2020 354 2096 terminos
370 2019 519 2094 custodi.
537 2019 576 2092 si
593 2043 678 2095 vero
694 2031 865 2096 neutrum
884 2021 1023 2109 feceris,
1042 2044 1106 2095 nos
1124 2019 1267 2118 quidem
1292 2018 1409 2092 rixam

184 2135 317 2210 inferre
333 2134 502 2210 nolumus
519 2135 580 2210 sed
596 2145 717 2210 tamen
735 2136 940 2211 venientem
956 2161 978 2208 a
992 2135 1093 2209 vobis
1110 2157 1183 2209 non
1196 2133 1409 2208 devitamus.

185 2250 287 2338 Quod
303 2261 425 2324 autern
443 2249 485 2325 de
502 2249 686 2349 Episcopis
703 2251 765 2348 qui
782 2249 992 2326 verberibus
1009 2249 1130 2325 timeri
1155 2246 1283 2324 volunt
1307 2269 1411 2321 cano-

185 2389 250 2439 nes
266 2363 400 2454 dicant,
416 2363 505 2440 bene
522 2363 730 2439 fraternitas
747 2371 869 2450 uestra
885 2363 996 2438 novit.

740 2565 870 2650 coxit

599 2770 744 2824 canones
764 2770 1002 2836 Apostolorum.

284 2933 483 3029 Gregorius
509 2933 712 3007 Mauritano
738 2932 910 3031 Episcopo
935 2935 1126 3009 Ravennae.
1151 2935 1250 3008 Inter
1274 2941 1412 3009 cetera.

189 3045 375 3144 Numquid
392 3069 464 3120 non
481 3045 555 3142 ipse
573 3045 666 3120 nosti
684 3046 769 3144 quia
786 3071 895 3122 causa
913 3071 992 3146 quae
1008 3072 1029 3120 a
1047 3047 1204 3124 Iohanne
1226 3047 1415 3144 Presbyte-

189 3181 239 3250 ro,
256 3167 382 3246 contra
398 3158 592 3234 Iohannem
613 3159 1046 3260 Constantinopolitanunr
1067 3163 1227 3253 fratrem,
1244 3173 1280 3238 et
1301 3161 1415 3260 coepi·

189 3296 337 3372 scopum
355 3283 518 3348 nostrum
535 3282 612 3347 orta
629 3283 694 3363 est,
712 3277 910 3351 secundum
935 3301 1088 3353 canones
1105 3277 1151 3352 ad
1172 3277 1299 3353 Sedem
1324 3281 1416 3374 Apo

190 3388 355 3464 stolicam
374 3387 539 3477 recurrit,
556 3396 592 3462 et
609 3398 731 3462 nostra
748 3397 803 3463 est
820 3391 998 3465 sententia
1022 3389 1179 3465 definita.
1197 3389 1236 3464 Si
1261 3412 1348 3486 ergo
1372 3389 1415 3464 de

190 3503 252 3578 illa
268 3502 417 3578 civitate
434 3501 495 3576 uhi
513 3501 678 3600 princeps
694 3512 759 3591 cst,
776 3503 819 3577 ad
837 3513 994 3578 nostram
1008 3493 1154 3579 causam
1172 3501 1415 3599 cognitionem

190 3617 343 3692 deducta
360 3625 426 3705 est,
443 3625 576 3714 quanto
594 3616 713 3712 magis
730 3617 917 3714 negotium
940 3617 1030 3715 quod
1057 3627 1180 3692 contra
1198 3638 1261 3696 vos
1277 3625 1342 3704 est,
1359 3612 1417 3689 hic

191 3740 245 3805 est
262 3729 416 3805 veritate
432 3729 578 3825 cognita
596 3729 874 3810 terminandum.
892 3731 1090 3828 Gregorius
1105 3730 1255 3806 Iohanni
1272 3729 1416 3828 Episoo

191 3868 234 3942 po
251 3844 376 3942 primas
392 3843 603 3918 Iustinianae
619 3843 747 3918 Illirici
764 3854 842 3941 post
858 3869 981 3942 pauca.
998 3847 1071 3920 Nos
1088 3867 1227 3943 quoque
1244 3843 1283 3917 in
1299 3865 1415 3941 perso

192 3985 239 4034 na
256 3958 493 4034 fraternitatis
509 3967 581 4033 tuae
598 3958 795 4056 peremnia
812 3959 1067 4048 consentimus,
1079 3967 1186 4056 atque
1199 3955 1417 4083 omnipotep·

192 4085 266 4150 tem
283 4076 397 4149 Deum
405 4073 649 4203 ‘deprecamur
665 4083 708 4147 nt
724 4073 911 4148 caritatem
928 4081 1086 4147 vestram
1104 4071 1201 4147 sicut
1217 4095 1282 4144 sua
1296 4078 1380 4166 grat
1381 4069 1416 4142 ia

193 4188 385 4286 elegit'a
402 4213 441 4261 ru
457 4187 622 4262 omnibus
639 4213 742 4261 suam
759 4185 1014 4285 protectionem
1039 4184 1225 4261 custodiat.
1250 4182 1416 4259 Palleum

193 4326 279 4379 vero
294 4327 339 4378 ex
352 4325 448 4378 more
460 4301 788 4391 transmisimus‚et
805 4301 903 4376 vices
920 4323 983 4376 vos
1001 4297 1213 4398 Apostolioae
1225 4295 1319 4372 sedis
1332 4317 1418 4392 ago-

194 4416 379 4492 reiterata
396 4415 625 4492 innovatione
643 4415 880 4492 decernimus
