3618 5316
702 457 742 474 -
767 427 834 491 295
858 458 899 474 -

711 579 887 665 oxvlffl.

538 759 588 812 Ex
605 757 736 824 regesto
756 755 903 822 Gregorii
920 754 1061 810 tantoris.

240 951 245 961 .
285 891 483 990 Gregorius
495 893 675 993 Stephano
688 892 894 993 presbytero
907 900 1015 992 atque
1027 891 1109 968 aliis
1122 891 1411 968 duabussucces-

190 1004 257 1082 sim
271 1005 440 1104 personis.
457 1007 629 1095 Quotiens
641 1006 716 1099 illa,
728 1032 748 1080 a
762 1005 863 1085 nobis
876 1007 986 1084 tribui
1002 1017 1204 1107 sperantur,
1216 1031 1296 1108 quae
1308 1005 1413 1082 ratio-

190 1119 228 1193 ni
246 1119 500 1196 incunctanter
515 1121 743 1214 conveniant,
758 1124 879 1199 animo
896 1144 960 1196 nos
976 1121 1079 1197 decet
1094 1119 1222 1196 libenti
1246 1119 1413 1196 concede-

191 1259 240 1324 re,
261 1244 298 1311 et
322 1234 521 1334 petentium
547 1235 731 1313 desideriis
757 1261 960 1336 congruum
978 1231 1161 1334 impertire
1186 1233 1412 1331 suffragium.

191 1347 341 1447 Ideoque
355 1347 440 1447 quia
451 1348 640 1449 postulasti
653 1375 674 1424 a
687 1351 799 1444 nobis,
812 1351 985 1452 quatinus
998 1348 1150 1425 fundum
1165 1347 1413 1446 Capanianum

191 1487 274 1538 cum
292 1463 394 1538 domo
410 1487 476 1536 sua
493 1475 530 1538 et
546 1462 652 1540 vinea
669 1465 783 1564 posita
795 1468 856 1542 via
869 1465 1066 1554 Fleminea,
1078 1465 1186 1538 XIIII
1198 1460 1280 1561 plus
1293 1460 1414 1536 minus

192 1575 351 1652 millibus
368 1576 412 1652 ad
425 1577 492 1653 bac
504 1577 601 1654 Urbe
618 1581 740 1672 Roma,
756 1605 835 1680 quae
851 1580 970 1658 tenuit
987 1604 1049 1679 per
1062 1575 1319 1654 emunitionem
1335 1579 1414 1653 Ser·

191 1691 276 1789 gius
294 1691 482 1792 presbyter
499 1702 535 1768 et
551 1694 785 1771 vestariarius
798 1707 918 1774 noster
931 1695 993 1796 qui
1006 1694 1140 1770 fundus
1152 1693 1271 1770 extitit
1283 1717 1328 1768 ex
1339 1716 1414 1769 cor·

191 1829 272 1904 pore
290 1807 494 1905 patrimonii
512 1807 652 1884 I'usciae
664 1809 754 1885 iuris
767 1820 901 1888 sanctae
918 1813 1096 1900 Romame,
1108 1807 1169 1885 oui
1182 1809 1255 1884 Deo
1267 1816 1414 1883 auctore

192 1919 415 1996 deservimus
431 1921 612 2014 aecclesiae,
628 1923 697 1999 hac
714 1923 816 2000 vobis
832 1925 963 2000 emissa
980 1921 1214 2025 praeceptione
1231 1920 1276 1995 ad
1292 1930 1415 1996 tenen-

192 2035 277 2110 dum
295 2035 486 2112 concedere
512 2037 730 2114 deberemus.
755 2039 924 2116 Inclinati
946 2038 1067 2137 itaque
1084 2035 1250 2136 precibus
1269 2035 1413 2126 vestris,

191 2174 254 2248 per
263 2148 373 2224 huius
382 2151 550 2251 praecepti
559 2153 687 2228 seriem
697 2154 942 2254 supradictum
953 2152 1117 2243 fundum,
1130 2175 1212 2227 curu
1221 2149 1365 2224 domum
1378 2159 1415 2225 et

191 2264 297 2340 vinea
314 2273 349 2340 et
365 2266 530 2342 omnibus
547 2268 579 2344 ei
598 2269 859 2367 pertinentibus
876 2269 914 2343 in
931 2267 1123 2365 integrae
1144 2265 1312 2365 presenti
1325 2268 1413 2341 VIII

191 2377 274 2452 Idus
287 2377 412 2454 diebus
425 2380 510 2455 vitae
524 2391 653 2456 vestrae
666 2383 767 2458 vobis
779 2384 1007 2460 concedimus
1017 2380 1318 2472 detinendum,ita
1327 2405 1414 2456 sane

190 2501 232 2566 ut
247 2517 269 2566 a
285 2491 384 2568 vobis
402 2492 559 2591 singulis
576 2495 776 2596 quibusque
793 2497 1060 2587 indictionibus,
1077 2495 1258 2594 pensionis
1270 2496 1414 2573 nomine

191 2605 389 2682 rationibus
406 2608 669 2686 aecclesiasticis
686 2613 738 2686 Ill
755 2611 835 2686 auri
853 2609 955 2684 solidi
980 2607 1193 2683 difficultate
1219 2608 1414 2706 postposita

192 2719 450 2817 persolvantur,
459 2745 669 2822 omnemque
683 2748 753 2822 qua
766 2722 933 2820 indigent
947 2719 1227 2797 meliorationem
1237 2745 1280 2797 ac
1294 2721 1414 2798 defen·

192 2832 327 2908 sionem
345 2833 536 2931 praedictus
553 2835 688 2912 fundus
705 2848 740 2912 et
756 2836 864 2912 vinea
889 2862 954 2912 seu
978 2837 1103 2911 domus
1127 2834 1371 2912 indifferenter
1391 2862 1414 2910 a

192 2946 291 3022 vobis
308 2947 385 3022 sine
403 2948 508 3042 dubio
521 2960 753 3048 procuranter
766 2953 979 3044 efficiantur,
995 2951 1165 3052 nullaque
1183 2961 1352 3050 praeterea
1368 2953 1414 3028 ad

192 3060 347 3136 dandum
370 3087 499 3138 annuae
516 3065 695 3163 pensionis
719 3091 740 3139 a
762 3067 863 3142 vobis
888 3089 985 3142 mora
1007 3065 1204 3164 proveniat,
1229 3066 1290 3142 sed
1315 3065 1413 3142 ultro

192 3175 400 3252 actionariis
424 3188 558 3253 sanctae
583 3188 713 3255 nostrae
729 3181 940 3258 Ecclesiaea
964 3179 1132 3279 praedicto
1156 3189 1312 3279 tempore
1336 3206 1412 3280 per-

192 3289 361 3365 solvatur.
378 3294 471 3366 Nam
490 3292 519 3366 si
537 3292 643 3368 aliter
659 3295 751 3392 quod
768 3293 898 3369 absita
915 3293 1016 3369 vobis
1033 3294 1237 3392 provenerit
1261 3296 1414 3394 desuper

192 3404 324 3502 scripta
343 3405 594 3499 melloratione,
612 3408 814 3485 defensione
830 3418 866 3483 ct
882 3401 1192 3506 annua‘pensione
1217 3409 1412 3486 statuimus

192 3518 267 3595 lore
284 3519 478 3596 invalidam
496 3522 589 3599 hanc
607 3533 765 3599 nostram
783 3521 1067 3622 praeceptIonem.
1080 3523 1164 3596 Post
1176 3521 1312 3596 obitum
1331 3547 1414 3600 vero

192 3642 353 3708 vestrum
373 3643 589 3712 memoratus
601 3637 735 3712 fundus
752 3638 796 3712 ad
809 3638 866 3712 ius
879 3646 1013 3713 sanctae
1027 3644 1156 3712 nostrae
1169 3635 1340 3713 aecclesiae
1354 3663 1415 3714 cu-

193 3745 251 3820 ius
267 3757 322 3823 est
337 3749 533 3848 proprietas
550 3750 587 3825 in
601 3751 743 3850 integro
756 3761 970 3830 revertatur.
982 3753 1063 3827 Dat.
1076 3751 1125 3828 Id.
1140 3749 1277 3849 Aprilis
1290 3751 1413 3828 indict.

196 3863 283 3936 VIII
299 3885 394 3939 anno
411 3863 553 3939 Domini
570 3863 621 3940 ill.

730 4007 832 4093 cxx.
909 4125 914 4134 Ι

289 4206 488 4302 Gregorius
504 4207 700 4306 Episcopus
716 4233 844 4286 servus
861 4230 1047 4284 servorum
1064 4205 1142 4298 Dei,
1159 4205 1342 4282 universis
1363 4231 1416 4282 re·

194 4318 457 4396 versutissimis
474 4331 509 4398 et
525 4321 764 4397 sanctissimis
781 4321 953 4398 fratribus
971 4319 1164 4420 Episcopis,
1178 4319 1417 4418 Presbyteris,

195 4433 419 4527 Diaconibus,
432 4435 598 4534 gloriosis
616 4435 787 4528 Ducibus,
800 4446 835 4513 et
848 4435 1053 4533 magnificis
1066 4433 1259 4526 Gestaldis,
1272 4433 1418 4510 Comiti-

191 4548 260 4625 bus
275 4549 383 4626 ctiam
402 4575 465 4626 seu
492 4550 634 4627 cunctis
655 4549 872 4627 Christianis
893 4551 1008 4630 Deum
1033 4549 1253 4628 timentibus.
1278 4547 1417 4626 Sollici-
