3654 5302
903 407 1101 471 -400-

386 535 491 624 petus
508 526 627 605 carnis
650 552 688 603 se
713 527 780 604 snb
805 527 984 603 velamine
1008 525 1211 624 spiritualis·
1232 525 1387 624 impetus
1411 525 1546 624 palliat,
1570 534 1607 602 et

384 641 476 740 quod
494 641 687 717 carnaliter
704 642 792 717 facit
810 642 984 718 mentitur
1000 641 1069 715 sibi
1082 641 1159 740 ipsa
1172 640 1342 736 cogitatio
1355 641 1448 738 quod
1460 639 1526 716 hoc
1538 641 1606 738 spi·

385 756 564 831 ritualiter
581 754 678 831 lacit.
695 758 790 829 Nam
807 779 889 852 sepe
907 755 989 852 quis
1006 755 1202 831 iracundiae
1222 753 1371 829 stimulo
1387 754 1509 831 victus
1525 777 1612 830 con-·

384 879 440 942 tra
453 863 700 968 delinquentes
713 870 787 944 zelo
803 869 1015 966 ulciscendae
1029 869 1378 966 iustitiae-plusquam
1393 892 1537 944 necesse
1550 877 1604 942 est

385 981 640 1071 inflammatur,
658 991 694 1057 et
710 983 858 1057 iustitiae
875 982 1028 1058 limitem
1045 983 1084 1056 in
1101 982 1275 1058 ultionem
1299 982 1478 1056 transiens
1495 1005 1603 1077 agere

385 1095 577 1171 crudeliter
590 1119 749 1193 quam-se
762 1119 870 1190 agere
884 1095 977 1170 iuste
991 1090 1219 1196 suscipiatur.
1228 1093 1387 1194 Impetus
1400 1095 1516 1191 igitur
1529 1119 1604 1169 aar·

384 1208 441 1281 nis
458 1207 543 1283 hinc
560 1209 721 1306 suspecie
739 1209 889 1306 spiritus
905 1209 1047 1284 velatus
1069 1220 1124 1286 est
1148 1212 1244 1310 operi
1269 1218 1306 1284 et
1330 1208 1397 1284 hoc
1422 1209 1518 1283 iuste
1542 1208 1604 1303 agi

385 1321 544 1396 creditur
553 1321 619 1396 sub
628 1323 853 1404 discretionis
862 1323 1101 1399 moderamine
1114 1347 1186 1399 non
1200 1332 1354 1399 tenetur.
1363 1325 1409 1397 Et
1418 1345 1499 1418 sepe
1512 1321 1605 1393 alius

384 1433 505 1509 nimiae
526 1435 793 1511 mansuetudini
811 1435 958 1510 studens
974 1437 1214 1520 subiectorum
1232 1437 1322 1510 vitia
1339 1435 1478 1532 aspicit,
1495 1443 1603 1531 atque

384 1548 421 1622 hi
439 1573 500 1646 per
517 1549 698 1624 fervorem
711 1549 778 1624 zeli
795 1549 976 1646 corrigere
992 1573 1063 1623 non
1081 1550 1212 1638 studet,
1230 1549 1291 1647 qui
1318 1547 1355 1621 in
1381 1547 1433 1622 eis
1454 1545 1605 1622 crudeli-

383 1671 438 1736 ter
455 1683 525 1734 non
542 1662 751 1757 corrigendo
770 1662 996 1760 multiplicat.
1014 1661 1142 1760 Fitque
1158 1671 1200 1736 nt
1220 1663 1298 1738 eius
1322 1661 1452 1736 lenitas
1477 1669 1513 1735 et
1537 1659 1605 1733 sibi

384 1776 432 1850 sit
448 1785 484 1851 et
497 1777 666 1852 subiectis
681 1778 839 1868 inimica,
856 1780 916 1876 qui
931 1789 1105 1878 torporem
1121 1775 1250 1851 mentis
1262 1801 1337 1849 suae
1349 1799 1454 1873 quem
1469 1774 1606 1871 patien-

383 1891 469 1964 tiam
491 1901 592 1989 putat
607 1916 670 1992 per
687 1893 807 1968 carnis
825 1891 990 1990 spiritum
1008 1891 1053 1965 ab
1070 1893 1205 1988 impetu
1230 1891 1379 1988 spiritus
1404 1913 1442 1963 se
1469 1887 1606 1982 longat.

383 2004 504 2078 Prima
521 2030 607 2102 ergo
623 2031 687 2081 nos
703 2006 875 2104 cogitatio
891 2005 952 2104 qui
971 2003 1019 2079 sit
1035 2027 1137 2076 omne
1158 2002 1269 2076 nostri
1291 1999 1408 2076 cordis
1424 1999 1528 2074 debet
1545 2023 1605 2073 ex-

384 2119 630 2193 cuterenead
648 2119 811 2216 quaedam
829 2143 909 2216 quae
925 2117 1081 2214 agimus,
1099 2141 1160 2213 per
1176 2125 1342 2213 apertum
1355 2114 1475 2196 carnis
1492 2114 1604 2211 impe·

383 2241 462 2305 tum
475 2230 660 2320 ducemur,
673 2256 717 2306 ne
731 2233 830 2329 prius
847 2228 1140 2307 delectationibus
1153 2225 1490 2314 animus'seductus,
1509 2225 1605 2299 mala

384 2368 461 2418 csse
479 2353 670 2440 cognoscat
688 2354 860 2419 ettamen
878 2345 998 2420 faciat.
1015 2342 1180 2418 Secunda
1197 2365 1282 2416 vero
1298 2364 1362 2414 nos
1387 2364 1475 2416 cura
1499 2339 1604 2414 debet

382 2453 577 2552 vigilantes
591 2457 746 2546 reddere,
759 2483 803 2532 ne
817 2482 855 2533 se
868 2457 1024 2556 impetus
1036 2457 1156 2532 carnis
1170 2453 1272 2554 quasi
1286 2453 1354 2528 sub
1366 2453 1522 2551 impetus
1534 2451 1605 2548 spi-

383 2569 475 2642 ritns
492 2568 656 2659 subiciat,
678 2579 714 2646 et
738 2569 863 2671 culpas
888 2595 977 2669 quas
1001 2569 1274 2667 agimusncbis
1299 2569 1453 2642 virtutes
1478 2567 1604 2662 fingat.

382 2683 576 2758 Sciendum
593 2707 678 2759 vero
690 2693 745 2760 est
762 2685 848 2782 quia
863 2685 1048 2780 graviores
1065 2681 1180 2780 culpae
1194 2691 1279 2755 sunt
1295 2679 1510 2778 superducta
1527 2703 1604 2777 spe-

380 2797 434 2872 cie
459 2797 614 2872 virtutes
631 2798 831 2890 imitantur.
853 2796 946 2886 Quia
973 2797 1034 2873 ille
1059 2797 1096 2870 iu
1117 2804 1238 2894 aperto
1259 2794 1414 2888 cognitae
1438 2791 1602 2866 animum

381 2910 587 2985 confusione
609 2910 769 2985 deiciunt
792 2921 900 3010 atque
917 2912 962 2986 ad
986 2909 1219 3008 penitentiam
1244 2905 1404 2980 trahunt.
1424 2909 1496 2980 Iste
1517 2929 1603 2981 vero

379 3047 450 3097 non
463 3023 579 3097 solnm
596 3023 635 3096 in
652 3023 848 3122 penitentie
865 3045 935 3097 non
952 3023 1155 3111 humiliant,
1168 3021 1229 3096 sed
1247 3019 1356 3096 etiam
1370 3028 1508 3096 mentes
1524 3042 1603 3117 ope

380 3135 496 3212 ran-tis
513 3135 667 3228 elevant,
684 3136 771 3212 dum
788 3137 942 3212 virtutes
959 3137 1187 3234 deputantur.
1717 3135 1721 3142 '

897 3299 1088 3386 LXXXIII.

476 3473 674 3571 Gregorius
691 3469 729 3547 in
748 3475 852 3548 VIIII
868 3472 971 3548 omel.
987 3471 1148 3547 Stultum
1162 3471 1267 3546 valde
1279 3479 1333 3546 est
1347 3469 1377 3543 si
1391 3469 1444 3542 illi
1458 3467 1601 3568 placere

380 3587 576 3684 querimus,
593 3609 679 3685 quos
696 3610 766 3660 non
792 3585 931 3684 placere
957 3583 1106 3658 Domino
1131 3583 1276 3657 scimus.
1302 3585 1349 3655 Et
1374 3589 1601 3678 postpauca.

378 3700 472 3774 Nam
490 3690 737 3798 perversorum
754 3699 946 3796 derogatio,
962 3698 1048 3772 vitae
1064 3705 1194 3772 nostrae
1210 3696 1413 3794 approbatio
1429 3705 1493 3768 est.
1506 3693 1600 3780 Quia

380 3813 452 3890 iam
470 3813 668 3887 ostenditur
685 3835 749 3887 nos
767 3811 903 3910 aliquid
919 3811 1068 3886 iustitiae
1083 3809 1224 3895 habere,
1240 3807 1270 3882 si
1288 3808 1344 3880 illi
1356 3805 1600 3904 displicemus,

379 3950 459 4024 quae
475 3949 546 4000 non
563 3925 706 4024 placent
723 3929 804 4000 Deo.
820 3929 934 4001 Nemo
951 3925 1046 4002 enim
1065 3931 1179 4022 potest
1195 3923 1233 3994 in
1250 3945 1324 3994 una
1341 3920 1535 4020 eademque
1559 3943 1599 3994 re

377 4037 608 4136 omnipotenti
627 4037 777 4112 Domino
793 4047 899 4136 atque
917 4039 995 4113 eius
1010 4037 1146 4112 ostibus
1162 4035 1298 4132 gradus
1319 4035 1480 4108 existere.
1504 4035 1600 4106 Nam

378 4153 450 4226 Deo
467 4175 504 4226 se
521 4150 678 4227 amicum
696 4151 861 4248 denegat,
878 4149 940 4250 qui
957 4151 1036 4226 eius
1052 4149 1169 4250 placet
1186 4148 1353 4222 inimicis.
1370 4151 1417 4221 Et
1441 4145 1600 4220 inimicis

377 4264 731 4339 veritatisadsabitur
741 4264 829 4364 (sic),
839 4263 899 4362 qui
909 4264 1021 4340 eidem
1037 4264 1180 4339 veritati
1191 4263 1228 4336 in
1239 4271 1357 4337 mente
1371 4260 1600 4356 subiugatur,

377 4379 471 4452 unde
488 4379 604 4454 sancti
622 4379 698 4452 viri·
709 4379 747 4452 in
761 4402 852 4454 voce
870 4378 980 4454 libere
997 4375 1252 4476 increpationis
1270 4373 1445 4464 succensi,
1470 4396 1528 4449 eos
1553 4372 1600 4446 ad

360 4479 442 4567 'sua
458 4491 536 4566 odia
553 4491 710 4588 excitare
727 4514 797 4566 non
815 4500 994 4580 metuunt,
1008 4487 1178 4587 quosdam
1192 4510 1262 4563 non
1276 4487 1456 4583 digligere
1468 4509 1600 4582 cogno·
