<?xml version="1.0" encoding="UTF-8"?>
<!DOCTYPE html PUBLIC "-//W3C//DTD XHTML 1.0 Transitional//EN"
    "http://www.w3.org/TR/xhtml1/DTD/xhtml1-transitional.dtd">
<html xmlns="http://www.w3.org/1999/xhtml" xml:lang="en" lang="en">
 <head>
  <title>
</title>
<meta http-equiv="Content-Type" content="text/html;charset=utf-8" />
  <meta name='ocr-system' content='tesseract 3.04.00' />
  <meta name='ocr-capabilities' content='ocr_page ocr_carea ocr_par ocr_line ocrx_word'/>
</head>
<body>
  <div class='ocr_page' id='page_1' title='image "./deusdeditpresby00martgoog_0218.png"; bbox 0 0 3646 5292; ppageno 0'>
   <div class='ocr_carea' id='block_1_1' title="bbox 747 419 944 481">
    <p class='ocr_par' dir='ltr' id='par_1_1' title="bbox 747 419 944 481">
     <span class='ocr_line' id='line_1_1' title="bbox 747 419 944 481; baseline 0 0"><span class='ocrx_word' id='word_1_1' title='bbox 747 419 944 481; x_wconf 80' lang='lat'><strong>-193-</strong></span> 
     </span>
    </p>
   </div>
   <div class='ocr_carea' id='block_1_2' title="bbox 234 533 1456 2428">
    <p class='ocr_par' dir='ltr' id='par_1_2' title="bbox 234 533 1456 2428">
     <span class='ocr_line' id='line_1_2' title="bbox 239 533 1454 637; baseline -0.005 -25"><span class='ocrx_word' id='word_1_2' title='bbox 239 546 378 613; x_wconf 85' lang='lat' dir='ltr'><strong>ntorum</strong></span> <span class='ocrx_word' id='word_1_3' title='bbox 392 547 533 637; x_wconf 85' lang='lat' dir='ltr'><strong>patrum</strong></span> <span class='ocrx_word' id='word_1_4' title='bbox 547 539 714 615; x_wconf 83' lang='lat' dir='ltr'><strong>instituta</strong></span> <span class='ocrx_word' id='word_1_5' title='bbox 727 537 904 637; x_wconf 78' lang='lat' dir='ltr'><strong>propriam</strong></span> <span class='ocrx_word' id='word_1_6' title='bbox 917 534 1104 612; x_wconf 86' lang='lat' dir='ltr'><strong>ecclesiam</strong></span> <span class='ocrx_word' id='word_1_7' title='bbox 1118 533 1294 624; x_wconf 85' lang='lat' dir='ltr'><strong>deserens,</strong></span> <span class='ocrx_word' id='word_1_8' title='bbox 1307 533 1376 607; x_wconf 85' lang='lat' dir='ltr'><strong>ium</strong></span> <span class='ocrx_word' id='word_1_9' title='bbox 1392 557 1454 632; x_wconf 92' lang='lat' dir='ltr'><strong>per</strong></span> 
     </span>
     <span class='ocr_line' id='line_1_3' title="bbox 237 646 1453 750; baseline -0.002 -26"><span class='ocrx_word' id='word_1_10' title='bbox 237 651 471 750; x_wconf 90' lang='lat' dir='ltr'><strong>quinquennii</strong></span> <span class='ocrx_word' id='word_1_11' title='bbox 491 660 632 750; x_wconf 85' lang='lat' dir='ltr'><strong>tempus</strong></span> <span class='ocrx_word' id='word_1_12' title='bbox 649 653 685 726; x_wconf 91' lang='lat' dir='ltr'><strong>in</strong></span> <span class='ocrx_word' id='word_1_13' title='bbox 711 651 839 726; x_wconf 88' lang='lat' dir='ltr'><strong>alienis</strong></span> <span class='ocrx_word' id='word_1_14' title='bbox 865 649 1071 748; x_wconf 83' lang='lat' dir='ltr'><strong>parraechiis</strong></span> <span class='ocrx_word' id='word_1_15' title='bbox 1095 658 1227 724; x_wconf 86' lang='lat' dir='ltr'><strong>temere</strong></span> <span class='ocrx_word' id='word_1_16' title='bbox 1252 646 1453 722; x_wconf 86' lang='lat' dir='ltr'><strong>inhabitare</strong></span> 
     </span>
     <span class='ocr_line' id='line_1_4' title="bbox 237 760 1454 864; baseline 0 -29"><span class='ocrx_word' id='word_1_17' title='bbox 237 764 472 864; x_wconf 71' lang='lat' dir='ltr'><strong>presumpsit.</strong></span> <span class='ocrx_word' id='word_1_18' title='bbox 491 768 605 852; x_wconf 84' lang='lat' dir='ltr'>Quem</span> <span class='ocrx_word' id='word_1_19' title='bbox 622 765 834 839; x_wconf 85' lang='lat' dir='ltr'><strong>auctoritate</strong></span> <span class='ocrx_word' id='word_1_20' title='bbox 851 763 933 839; x_wconf 87' lang='lat' dir='ltr'><strong>fulti</strong></span> <span class='ocrx_word' id='word_1_21' title='bbox 952 763 1134 854; x_wconf 88' lang='lat' dir='ltr'><strong>canonica,</strong></span> <span class='ocrx_word' id='word_1_22' title='bbox 1159 761 1371 860; x_wconf 85' lang='lat' dir='ltr'><strong>Apostolicis</strong></span> <span class='ocrx_word' id='word_1_23' title='bbox 1396 760 1454 835; x_wconf 88' lang='lat' dir='ltr'><strong>lit·</strong></span> 
     </span>
     <span class='ocr_line' id='line_1_5' title="bbox 236 874 1454 976; baseline 0 -27"><span class='ocrx_word' id='word_1_24' title='bbox 236 877 334 966; x_wconf 77' lang='lat' dir='ltr'><strong>teriS,</strong></span> <span class='ocrx_word' id='word_1_25' title='bbox 350 901 413 974; x_wconf 90' lang='lat' dir='ltr'><strong>per</strong></span> <span class='ocrx_word' id='word_1_26' title='bbox 429 878 572 952; x_wconf 82' lang='lat' dir='ltr'><strong>tertiam</strong></span> <span class='ocrx_word' id='word_1_27' title='bbox 586 887 820 976; x_wconf 81' lang='lat' dir='ltr'><strong>quartamque</strong></span> <span class='ocrx_word' id='word_1_28' title='bbox 833 878 949 952; x_wconf 86' lang='lat' dir='ltr'><strong>vicem</strong></span> <span class='ocrx_word' id='word_1_29' title='bbox 964 877 1183 953; x_wconf 82' lang='lat' dir='ltr'><strong>vocavimus.</strong></span> <span class='ocrx_word' id='word_1_30' title='bbox 1196 881 1245 948; x_wconf 81' lang='lat' dir='ltr'><strong>At</strong></span> <span class='ocrx_word' id='word_1_31' title='bbox 1260 874 1322 948; x_wconf 90' lang='lat' dir='ltr'><strong>ubi</strong></span> <span class='ocrx_word' id='word_1_32' title='bbox 1341 875 1454 950; x_wconf 87' lang='lat' dir='ltr'><strong>redire</strong></span> 
     </span>
     <span class='ocr_line' id='line_1_6' title="bbox 237 987 1454 1089; baseline -0.002 -25"><span class='ocrx_word' id='word_1_33' title='bbox 237 990 386 1080; x_wconf 82' lang='lat' dir='ltr'><strong>distulit,</strong></span> <span class='ocrx_word' id='word_1_34' title='bbox 403 991 540 1066; x_wconf 89' lang='lat' dir='ltr'><strong>duobus</strong></span> <span class='ocrx_word' id='word_1_35' title='bbox 557 992 788 1089; x_wconf 82' lang='lat' dir='ltr'><strong>congregatis</strong></span> <span class='ocrx_word' id='word_1_36' title='bbox 805 991 1058 1088; x_wconf 87' lang='lat' dir='ltr'><strong>Episcoporum</strong></span> <span class='ocrx_word' id='word_1_37' title='bbox 1075 989 1249 1077; x_wconf 87' lang='lat' dir='ltr'><strong>conciliis,</strong></span> <span class='ocrx_word' id='word_1_38' title='bbox 1272 1013 1355 1063; x_wconf 90' lang='lat' dir='ltr'><strong>curn</strong></span> <span class='ocrx_word' id='word_1_39' title='bbox 1376 987 1454 1062; x_wconf 86' lang='lat' dir='ltr'><strong>eius</strong></span> 
     </span>
     <span class='ocr_line' id='line_1_7' title="bbox 237 1101 1456 1202; baseline -0.002 -26"><span class='ocrx_word' id='word_1_40' title='bbox 237 1125 307 1178; x_wconf 89' lang='lat' dir='ltr'><strong>nou</strong></span> <span class='ocrx_word' id='word_1_41' title='bbox 320 1104 558 1201; x_wconf 84' lang='lat' dir='ltr'><strong>potuissemus</strong></span> <span class='ocrx_word' id='word_1_42' title='bbox 567 1104 687 1180; x_wconf 86' lang='lat' dir='ltr'><strong>videre</strong></span> <span class='ocrx_word' id='word_1_43' title='bbox 699 1104 934 1202; x_wconf 84' lang='lat' dir='ltr'><strong>praesontiam,</strong></span> <span class='ocrx_word' id='word_1_44' title='bbox 943 1102 1123 1179; x_wconf 90' lang='lat' dir='ltr'><strong>communi</strong></span> <span class='ocrx_word' id='word_1_45' title='bbox 1136 1127 1219 1178; x_wconf 88' lang='lat' dir='ltr'><strong>eum</strong></span> <span class='ocrx_word' id='word_1_46' title='bbox 1227 1101 1367 1178; x_wconf 86' lang='lat' dir='ltr'><strong>decreto</strong></span> <span class='ocrx_word' id='word_1_47' title='bbox 1375 1124 1456 1174; x_wconf 84' lang='lat' dir='ltr'><strong>san·</strong></span> 
     </span>
     <span class='ocr_line' id='line_1_8' title="bbox 238 1211 1455 1316; baseline -0.003 -26"><span class='ocrx_word' id='word_1_48' title='bbox 238 1223 296 1290; x_wconf 76' lang='lat' dir='ltr'><strong>cta</strong></span> <span class='ocrx_word' id='word_1_49' title='bbox 313 1218 560 1294; x_wconf 90' lang='lat' dir='ltr'><strong>communione</strong></span> <span class='ocrx_word' id='word_1_50' title='bbox 577 1217 813 1316; x_wconf 82' lang='lat' dir='ltr'><strong>privavimus,</strong></span> <span class='ocrx_word' id='word_1_51' title='bbox 830 1216 990 1291; x_wconf 83' lang='lat' dir='ltr'><strong>volentos</strong></span> <span class='ocrx_word' id='word_1_52' title='bbox 1007 1215 1181 1314; x_wconf 85' lang='lat' dir='ltr'><strong>siqnidem</strong></span> <span class='ocrx_word' id='word_1_53' title='bbox 1198 1239 1260 1312; x_wconf 93' lang='lat' dir='ltr'><strong>per</strong></span> <span class='ocrx_word' id='word_1_54' title='bbox 1276 1211 1386 1286; x_wconf 85' lang='lat' dir='ltr'><strong>huius</strong></span> <span class='ocrx_word' id='word_1_55' title='bbox 1398 1235 1455 1287; x_wconf 84' lang='lat' dir='ltr'><strong>ex·</strong></span> 
     </span>
     <span class='ocr_line' id='line_1_9' title="bbox 238 1325 1456 1425; baseline -0.002 -23"><span class='ocrx_word' id='word_1_56' title='bbox 238 1330 571 1406; x_wconf 77' lang='lat' dir='ltr'><strong>communicationis</strong></span> <span class='ocrx_word' id='word_1_57' title='bbox 588 1355 776 1406; x_wconf 85' lang='lat' dir='ltr'><strong>censuram</strong></span> <span class='ocrx_word' id='word_1_58' title='bbox 793 1329 838 1404; x_wconf 88' lang='lat' dir='ltr'><strong>ad</strong></span> <span class='ocrx_word' id='word_1_59' title='bbox 854 1329 1045 1425; x_wconf 84' lang='lat' dir='ltr'><strong>gruemium</strong></span> <span class='ocrx_word' id='word_1_60' title='bbox 1063 1337 1196 1406; x_wconf 76' lang='lat' dir='ltr'><strong>sanctor</strong></span> <span class='ocrx_word' id='word_1_61' title='bbox 1212 1349 1316 1424; x_wconf 84' lang='lat' dir='ltr'><strong>aquo</strong></span> <span class='ocrx_word' id='word_1_62' title='bbox 1327 1325 1456 1400; x_wconf 84' lang='lat' dir='ltr'><strong>disces-</strong></span> 
     </span>
     <span class='ocr_line' id='line_1_10' title="bbox 239 1437 1454 1542; baseline -0.003 -28"><span class='ocrx_word' id='word_1_63' title='bbox 239 1451 336 1516; x_wconf 80' lang='lat' dir='ltr'><strong>serat</strong></span> <span class='ocrx_word' id='word_1_64' title='bbox 353 1443 478 1519; x_wconf 86' lang='lat' dir='ltr'><strong>matris</strong></span> <span class='ocrx_word' id='word_1_65' title='bbox 494 1443 665 1522; x_wconf 82' lang='lat' dir='ltr'><strong>aecolesiae</strong></span> <span class='ocrx_word' id='word_1_66' title='bbox 690 1467 874 1542; x_wconf 85' lang='lat' dir='ltr'><strong>personam</strong></span> <span class='ocrx_word' id='word_1_67' title='bbox 900 1442 1079 1532; x_wconf 80' lang='lat' dir='ltr'><strong>reducere,</strong></span> <span class='ocrx_word' id='word_1_68' title='bbox 1104 1441 1204 1516; x_wconf 82' lang='lat' dir='ltr'><strong>iuxta</strong></span> <span class='ocrx_word' id='word_1_69' title='bbox 1228 1441 1317 1513; x_wconf 89' lang='lat' dir='ltr'><strong>XVI</strong></span> <span class='ocrx_word' id='word_1_70' title='bbox 1337 1437 1454 1514; x_wconf 83' lang='lat' dir='ltr'><strong>sancti</strong></span> 
     </span>
     <span class='ocr_line' id='line_1_11' title="bbox 239 1552 1455 1659; baseline -0.002 -31"><span class='ocrx_word' id='word_1_71' title='bbox 239 1557 433 1654; x_wconf 86' lang='lat' dir='ltr'><strong>magnique</strong></span> <span class='ocrx_word' id='word_1_72' title='bbox 441 1557 570 1633; x_wconf 90' lang='lat' dir='ltr'><strong>Niceni</strong></span> <span class='ocrx_word' id='word_1_73' title='bbox 580 1557 731 1634; x_wconf 82' lang='lat' dir='ltr'><strong>Concilii</strong></span> <span class='ocrx_word' id='word_1_74' title='bbox 741 1553 1005 1659; x_wconf 87' lang='lat' dir='ltr'><strong>capitulumEt</strong></span> <span class='ocrx_word' id='word_1_75' title='bbox 1014 1553 1161 1627; x_wconf 85' lang='lat' dir='ltr'><strong>infraed</strong></span> <span class='ocrx_word' id='word_1_76' title='bbox 1174 1552 1348 1628; x_wconf 90' lang='lat' dir='ltr'><strong>eumdem.</strong></span> <span class='ocrx_word' id='word_1_77' title='bbox 1360 1553 1455 1626; x_wconf 85' lang='lat' dir='ltr'><strong>Nam</strong></span> 
     </span>
     <span class='ocr_line' id='line_1_12' title="bbox 237 1667 1454 1772; baseline 0.001 -31"><span class='ocrx_word' id='word_1_78' title='bbox 237 1669 360 1742; x_wconf 86' lang='lat' dir='ltr'><strong>multis</strong></span> <span class='ocrx_word' id='word_1_79' title='bbox 374 1671 487 1745; x_wconf 88' lang='lat' dir='ltr'><strong>modis</strong></span> <span class='ocrx_word' id='word_1_80' title='bbox 500 1681 535 1746; x_wconf 92' lang='lat' dir='ltr'><strong>te</strong></span> <span class='ocrx_word' id='word_1_81' title='bbox 549 1671 854 1772; x_wconf 69' lang='lat' dir='ltr'><strong>reprehendimus</strong></span> <span class='ocrx_word' id='word_1_82' title='bbox 862 1693 905 1744; x_wconf 85' lang='lat' dir='ltr'><strong>ac</strong></span> <span class='ocrx_word' id='word_1_83' title='bbox 919 1667 1229 1769; x_wconf 85' lang='lat' dir='ltr'><strong>reprehensibilem</strong></span> <span class='ocrx_word' id='word_1_84' title='bbox 1243 1667 1454 1742; x_wconf 86' lang='lat' dir='ltr'><strong>iudicemus.</strong></span> 
     </span>
     <span class='ocr_line' id='line_1_13' title="bbox 236 1779 1454 1883; baseline 0 -28"><span class='ocrx_word' id='word_1_85' title='bbox 236 1782 329 1868; x_wconf 88' lang='lat' dir='ltr'><strong>Quia</strong></span> <span class='ocrx_word' id='word_1_86' title='bbox 347 1783 390 1857; x_wconf 89' lang='lat' dir='ltr'><strong>ad</strong></span> <span class='ocrx_word' id='word_1_87' title='bbox 408 1784 477 1858; x_wconf 90' lang='lat' dir='ltr'><strong>duo</strong></span> <span class='ocrx_word' id='word_1_88' title='bbox 494 1795 608 1883; x_wconf 86' lang='lat' dir='ltr'><strong>prote</strong></span> <span class='ocrx_word' id='word_1_89' title='bbox 626 1795 847 1881; x_wconf 84' lang='lat' dir='ltr'><strong>congregata</strong></span> <span class='ocrx_word' id='word_1_90' title='bbox 864 1782 1026 1872; x_wconf 88' lang='lat' dir='ltr'><strong>concilia,</strong></span> <span class='ocrx_word' id='word_1_91' title='bbox 1042 1805 1189 1856; x_wconf 88' lang='lat' dir='ltr'><strong>occurre</strong></span> <span class='ocrx_word' id='word_1_92' title='bbox 1206 1779 1342 1869; x_wconf 85' lang='lat' dir='ltr'><strong>distuli,</strong></span> <span class='ocrx_word' id='word_1_93' title='bbox 1358 1781 1454 1856; x_wconf 85' lang='lat' dir='ltr'><strong>sicut</strong></span> 
     </span>
     <span class='ocr_line' id='line_1_14' title="bbox 237 1893 1456 1998; baseline 0.002 -31"><span class='ocrx_word' id='word_1_94' title='bbox 237 1893 276 1968; x_wconf 92' lang='lat' dir='ltr'><strong>hi</strong></span> <span class='ocrx_word' id='word_1_95' title='bbox 293 1908 495 1992; x_wconf 84' lang='lat' dir='ltr'><strong>praesentes.</strong></span> <span class='ocrx_word' id='word_1_96' title='bbox 511 1898 722 1998; x_wconf 84' lang='lat' dir='ltr'><strong>Nycholaus</strong></span> <span class='ocrx_word' id='word_1_97' title='bbox 740 1898 983 1986; x_wconf 87' lang='lat' dir='ltr'><strong>Petronacius,</strong></span> <span class='ocrx_word' id='word_1_98' title='bbox 996 1905 1102 1994; x_wconf 85' lang='lat' dir='ltr'><strong>atque</strong></span> <span class='ocrx_word' id='word_1_99' title='bbox 1119 1895 1292 1970; x_wconf 83' lang='lat' dir='ltr'><strong>Iohannes</strong></span> <span class='ocrx_word' id='word_1_100' title='bbox 1309 1919 1456 1970; x_wconf 87' lang='lat' dir='ltr'><strong>venera·</strong></span> 
     </span>
     <span class='ocr_line' id='line_1_15' title="bbox 236 2007 1454 2110; baseline 0.002 -28"><span class='ocrx_word' id='word_1_101' title='bbox 236 2007 325 2083; x_wconf 86' lang='lat' dir='ltr'><strong>biles</strong></span> <span class='ocrx_word' id='word_1_102' title='bbox 343 2011 517 2110; x_wconf 79' lang='lat' dir='ltr'><strong>Episcopi,</strong></span> <span class='ocrx_word' id='word_1_103' title='bbox 535 2036 597 2109; x_wconf 93' lang='lat' dir='ltr'><strong>per</strong></span> <span class='ocrx_word' id='word_1_104' title='bbox 614 2037 702 2110; x_wconf 88' lang='lat' dir='ltr'><strong>quos</strong></span> <span class='ocrx_word' id='word_1_105' title='bbox 714 2037 813 2087; x_wconf 90' lang='lat' dir='ltr'><strong>nunc</strong></span> <span class='ocrx_word' id='word_1_106' title='bbox 825 2010 1037 2084; x_wconf 86' lang='lat' dir='ltr'><strong>auctoritate</strong></span> <span class='ocrx_word' id='word_1_107' title='bbox 1049 2010 1220 2085; x_wconf 83' lang='lat' dir='ltr'><strong>canonica</strong></span> <span class='ocrx_word' id='word_1_108' title='bbox 1233 2020 1268 2083; x_wconf 86' lang='lat' dir='ltr'><strong>te</strong></span> <span class='ocrx_word' id='word_1_109' title='bbox 1280 2007 1454 2084; x_wconf 81' lang='lat' dir='ltr'><strong>iussimus</strong></span> 
     </span>
     <span class='ocr_line' id='line_1_16' title="bbox 235 2123 1454 2224; baseline 0.002 -30"><span class='ocrx_word' id='word_1_110' title='bbox 235 2143 383 2196; x_wconf 83' lang='lat' dir='ltr'><strong>evocare</strong></span> <span class='ocrx_word' id='word_1_111' title='bbox 399 2145 459 2198; x_wconf 94' lang='lat' dir='ltr'><strong>ore</strong></span> <span class='ocrx_word' id='word_1_112' title='bbox 475 2124 613 2224; x_wconf 94' lang='lat' dir='ltr'><strong>proprio</strong></span> <span class='ocrx_word' id='word_1_113' title='bbox 630 2125 848 2200; x_wconf 87' lang='lat' dir='ltr'><strong>iudicabunt.</strong></span> <span class='ocrx_word' id='word_1_114' title='bbox 871 2123 910 2198; x_wconf 89' lang='lat' dir='ltr'><strong>Si</strong></span> <span class='ocrx_word' id='word_1_115' title='bbox 934 2131 1054 2200; x_wconf 85' lang='lat' dir='ltr'><strong>autem</strong></span> <span class='ocrx_word' id='word_1_116' title='bbox 1079 2123 1272 2198; x_wconf 83' lang='lat' dir='ltr'><strong>constituto</strong></span> <span class='ocrx_word' id='word_1_117' title='bbox 1296 2130 1454 2220; x_wconf 87' lang='lat' dir='ltr'><strong>tempore</strong></span> 
     </span>
     <span class='ocr_line' id='line_1_17' title="bbox 234 2234 1454 2334; baseline 0.002 -26"><span class='ocrx_word' id='word_1_118' title='bbox 234 2234 277 2308; x_wconf 85' lang='lat' dir='ltr'><strong>ad</strong></span> <span class='ocrx_word' id='word_1_119' title='bbox 291 2235 497 2331; x_wconf 84' lang='lat' dir='ltr'><strong>praedictum</strong></span> <span class='ocrx_word' id='word_1_120' title='bbox 514 2238 706 2312; x_wconf 92' lang='lat' dir='ltr'><strong>concilium</strong></span> <span class='ocrx_word' id='word_1_121' title='bbox 721 2239 844 2313; x_wconf 88' lang='lat' dir='ltr'><strong>venire</strong></span> <span class='ocrx_word' id='word_1_122' title='bbox 857 2237 1070 2334; x_wconf 83' lang='lat' dir='ltr'><strong>neglexeris,</strong></span> <span class='ocrx_word' id='word_1_123' title='bbox 1087 2236 1154 2312; x_wconf 88' lang='lat' dir='ltr'><strong>sub</strong></span> <span class='ocrx_word' id='word_1_124' title='bbox 1170 2236 1454 2312; x_wconf 84' lang='lat' dir='ltr'><strong>excommunica·</strong></span> 
     </span>
     <span class='ocr_line' id='line_1_18' title="bbox 234 2349 1267 2428; baseline 0.002 -6"><span class='ocrx_word' id='word_1_125' title='bbox 234 2349 328 2424; x_wconf 84' lang='lat' dir='ltr'><strong>tione</strong></span> <span class='ocrx_word' id='word_1_126' title='bbox 345 2357 380 2424; x_wconf 91' lang='lat' dir='ltr'><strong>te</strong></span> <span class='ocrx_word' id='word_1_127' title='bbox 398 2350 510 2425; x_wconf 90' lang='lat' dir='ltr'><strong>modis</strong></span> <span class='ocrx_word' id='word_1_128' title='bbox 526 2352 692 2427; x_wconf 89' lang='lat' dir='ltr'><strong>omnibus</strong></span> <span class='ocrx_word' id='word_1_129' title='bbox 707 2352 934 2428; x_wconf 86' lang='lat' dir='ltr'><strong>decernimus</strong></span> <span class='ocrx_word' id='word_1_130' title='bbox 950 2375 1027 2426; x_wconf 80' lang='lat' dir='ltr'><strong>esse</strong></span> <span class='ocrx_word' id='word_1_131' title='bbox 1046 2375 1267 2426; x_wconf 86' lang='lat' dir='ltr'><strong>mansurum.</strong></span> 
     </span>
    </p>
   </div>
   <div class='ocr_carea' id='block_1_3' title="bbox 770 2553 910 2637">
    <p class='ocr_par' dir='ltr' id='par_1_3' title="bbox 770 2553 910 2637">
     <span class='ocr_line' id='line_1_19' title="bbox 770 2553 910 2637; baseline 0 -1"><span class='ocrx_word' id='word_1_132' title='bbox 770 2553 910 2637; x_wconf 85' lang='lat' dir='ltr'><strong>XLVII.</strong></span> 
     </span>
    </p>
   </div>
   <div class='ocr_carea' id='block_1_4' title="bbox 315 2763 1362 2928">
    <p class='ocr_par' dir='ltr' id='par_1_4' title="bbox 315 2763 1362 2928">
     <span class='ocr_line' id='line_1_20' title="bbox 315 2763 1362 2830; baseline 0.004 -17"><span class='ocrx_word' id='word_1_133' title='bbox 315 2763 351 2814; x_wconf 84' lang='lat' dir='ltr'><strong>ln</strong></span> <span class='ocrx_word' id='word_1_134' title='bbox 369 2763 485 2816; x_wconf 85' lang='lat' dir='ltr'><strong>eodem</strong></span> <span class='ocrx_word' id='word_1_135' title='bbox 503 2776 575 2830; x_wconf 83' lang='lat' dir='ltr'><strong>cap.</strong></span> <span class='ocrx_word' id='word_1_136' title='bbox 594 2765 656 2816; x_wconf 81' lang='grc' dir='ltr'><strong>ΧΠ</strong></span> <span class='ocrx_word' id='word_1_137' title='bbox 674 2765 708 2817; x_wconf 86' lang='lat' dir='ltr'><strong>et</strong></span> <span class='ocrx_word' id='word_1_138' title='bbox 725 2773 768 2820; x_wconf 79' lang='lat' dir='ltr'><strong>ex</strong></span> <span class='ocrx_word' id='word_1_139' title='bbox 786 2765 921 2819; x_wconf 82' lang='lat' dir='ltr'><strong>concilio</strong></span> <span class='ocrx_word' id='word_1_140' title='bbox 940 2765 1084 2820; x_wconf 84' lang='lat' dir='ltr'><strong>secundo</strong></span> <span class='ocrx_word' id='word_1_141' title='bbox 1102 2765 1205 2830; x_wconf 79' lang='lat' dir='ltr'><strong>Papae</strong></span> <span class='ocrx_word' id='word_1_142' title='bbox 1223 2767 1362 2830; x_wconf 66' lang='lat' dir='ltr'><strong>nugensi</strong></span> 
     </span>
     <span class='ocr_line' id='line_1_21' title="bbox 533 2861 1144 2928; baseline 0.002 -15"><span class='ocrx_word' id='word_1_143' title='bbox 533 2861 769 2928; x_wconf 79' lang='lat' dir='ltr'><strong>nplscoporum</strong></span> <span class='ocrx_word' id='word_1_144' title='bbox 786 2864 866 2918; x_wconf 74' lang='grc' dir='ltr'><strong>ΧΗ.</strong></span> <span class='ocrx_word' id='word_1_145' title='bbox 885 2873 958 2928; x_wconf 80' lang='lat' dir='ltr'><strong>cup.</strong></span> <span class='ocrx_word' id='word_1_146' title='bbox 977 2863 1057 2917; x_wconf 84' lang='lat' dir='ltr'><strong>item</strong></span> <span class='ocrx_word' id='word_1_147' title='bbox 1073 2863 1144 2915; x_wconf 82' lang='lat' dir='ltr'><strong>xn.</strong></span> 
     </span>
    </p>
   </div>
   <div class='ocr_carea' id='block_1_5' title="bbox 229 3029 1450 3468">
    <p class='ocr_par' dir='ltr' id='par_1_5' title="bbox 229 3029 1450 3468">
     <span class='ocr_line' id='line_1_22' title="bbox 327 3029 1449 3132; baseline 0.006 -31"><span class='ocrx_word' id='word_1_148' title='bbox 327 3029 411 3103; x_wconf 85' lang='lat' dir='ltr'><strong>Sine</strong></span> <span class='ocrx_word' id='word_1_149' title='bbox 428 3039 555 3105; x_wconf 91' lang='lat' dir='ltr'><strong>ornatu</strong></span> <span class='ocrx_word' id='word_1_150' title='bbox 571 3031 780 3107; x_wconf 83' lang='lat' dir='ltr'><strong>sacerdotali</strong></span> <span class='ocrx_word' id='word_1_151' title='bbox 798 3041 899 3108; x_wconf 87' lang='lat' dir='ltr'><strong>extra</strong></span> <span class='ocrx_word' id='word_1_152' title='bbox 916 3033 1036 3108; x_wconf 87' lang='lat' dir='ltr'><strong>domos</strong></span> <span class='ocrx_word' id='word_1_153' title='bbox 1056 3033 1256 3108; x_wconf 83' lang='lat' dir='ltr'><strong>sacerdotes</strong></span> <span class='ocrx_word' id='word_1_154' title='bbox 1280 3055 1449 3132; x_wconf 83' lang='lat' dir='ltr'><strong>apparere</strong></span> 
     </span>
     <span class='ocr_line' id='line_1_23' title="bbox 231 3140 1450 3245; baseline 0.005 -33"><span class='ocrx_word' id='word_1_155' title='bbox 231 3140 432 3216; x_wconf 92' lang='lat' dir='ltr'><strong>nullomodo</strong></span> <span class='ocrx_word' id='word_1_156' title='bbox 448 3145 627 3233; x_wconf 87' lang='lat' dir='ltr'><strong>convenit,</strong></span> <span class='ocrx_word' id='word_1_157' title='bbox 643 3169 688 3219; x_wconf 89' lang='lat' dir='ltr'><strong>ne</strong></span> <span class='ocrx_word' id='word_1_158' title='bbox 705 3155 747 3220; x_wconf 89' lang='lat' dir='ltr'><strong>ut</strong></span> <span class='ocrx_word' id='word_1_159' title='bbox 759 3145 890 3244; x_wconf 84' lang='lat' dir='ltr'><strong>aliquis</strong></span> <span class='ocrx_word' id='word_1_160' title='bbox 903 3145 1130 3221; x_wconf 76' lang='lat' dir='ltr'><strong>saecularium</strong></span> <span class='ocrx_word' id='word_1_161' title='bbox 1144 3145 1296 3219; x_wconf 87' lang='lat' dir='ltr'><strong>iniurias</strong></span> <span class='ocrx_word' id='word_1_162' title='bbox 1312 3145 1450 3245; x_wconf 86' lang='lat' dir='ltr'><strong>patian-</strong></span> 
     </span>
     <span class='ocr_line' id='line_1_24' title="bbox 229 3255 1450 3355; baseline 0.005 -29"><span class='ocrx_word' id='word_1_163' title='bbox 229 3262 300 3326; x_wconf 87' lang='lat' dir='ltr'><strong>tur.</strong></span> <span class='ocrx_word' id='word_1_164' title='bbox 317 3255 528 3330; x_wconf 84' lang='lat' dir='ltr'><strong>Oontrarius</strong></span> <span class='ocrx_word' id='word_1_165' title='bbox 545 3256 697 3355; x_wconf 88' lang='lat' dir='ltr'><strong>denique</strong></span> <span class='ocrx_word' id='word_1_166' title='bbox 723 3260 905 3349; x_wconf 75' lang='lat' dir='ltr'><strong>inventae,</strong></span> <span class='ocrx_word' id='word_1_167' title='bbox 922 3269 987 3334; x_wconf 86' lang='lat' dir='ltr'><strong>aut</strong></span> <span class='ocrx_word' id='word_1_168' title='bbox 1007 3259 1157 3349; x_wconf 83' lang='lat' dir='ltr'><strong>desinat,</strong></span> <span class='ocrx_word' id='word_1_169' title='bbox 1180 3267 1245 3334; x_wconf 88' lang='lat' dir='ltr'><strong>aut</strong></span> <span class='ocrx_word' id='word_1_170' title='bbox 1270 3259 1450 3333; x_wconf 79' lang='lat' dir='ltr'><strong>canonicae</strong></span> 
     </span>
     <span class='ocr_line' id='line_1_25' title="bbox 229 3364 1385 3468; baseline 0.009 -32"><span class='ocrx_word' id='word_1_171' title='bbox 229 3364 413 3443; x_wconf 83' lang='lat' dir='ltr'><strong>subiaceat</strong></span> <span class='ocrx_word' id='word_1_172' title='bbox 430 3368 635 3467; x_wconf 83' lang='lat' dir='ltr'><strong>disciplinoe.</strong></span> <span class='ocrx_word' id='word_1_173' title='bbox 655 3371 830 3447; x_wconf 89' lang='lat' dir='ltr'><strong>Similiter</strong></span> <span class='ocrx_word' id='word_1_174' title='bbox 846 3372 885 3446; x_wconf 91' lang='lat' dir='ltr'><strong>in</strong></span> <span class='ocrx_word' id='word_1_175' title='bbox 903 3371 1063 3448; x_wconf 81' lang='lat' dir='ltr'><strong>Concilio</strong></span> <span class='ocrx_word' id='word_1_176' title='bbox 1083 3371 1254 3448; x_wconf 85' lang='lat' dir='ltr'><strong>Zacharie</strong></span> <span class='ocrx_word' id='word_1_177' title='bbox 1271 3374 1385 3468; x_wconf 82' lang='lat' dir='ltr'><strong>Pupae.</strong></span> 
     </span>
    </p>
   </div>
   <div class='ocr_carea' id='block_1_6' title="bbox 754 3563 911 3647">
    <p class='ocr_par' dir='ltr' id='par_1_6' title="bbox 754 3563 911 3647">
     <span class='ocr_line' id='line_1_26' title="bbox 754 3563 911 3647; baseline 0.006 -1"><span class='ocrx_word' id='word_1_178' title='bbox 754 3563 911 3647; x_wconf 82' lang='lat' dir='ltr'>XLVIII.</span> 
     </span>
    </p>
   </div>
   <div class='ocr_carea' id='block_1_7' title="bbox 438 3772 1235 3839">
    <p class='ocr_par' dir='ltr' id='par_1_7' title="bbox 438 3772 1235 3839">
     <span class='ocr_line' id='line_1_27' title="bbox 438 3772 1235 3839; baseline 0.004 -16"><span class='ocrx_word' id='word_1_179' title='bbox 438 3772 559 3827; x_wconf 76' lang='lat' dir='ltr'><strong>Nicolal</strong></span> <span class='ocrx_word' id='word_1_180' title='bbox 577 3774 641 3826; x_wconf 88' lang='lat' dir='ltr'><strong>PP.</strong></span> <span class='ocrx_word' id='word_1_181' title='bbox 662 3775 677 3825; x_wconf 94' lang='lat'>1</span> <span class='ocrx_word' id='word_1_182' title='bbox 695 3773 741 3828; x_wconf 77' lang='lat' dir='ltr'><strong>ed</strong></span> <span class='ocrx_word' id='word_1_183' title='bbox 757 3774 973 3827; x_wconf 78' lang='lat' dir='ltr'><strong>Michehelem</strong></span> <span class='ocrx_word' id='word_1_184' title='bbox 992 3775 1235 3839; x_wconf 77' lang='lat' dir='ltr'><strong>Imperatorem.</strong></span> 
     </span>
    </p>
   </div>
   <div class='ocr_carea' id='block_1_8' title="bbox 131 3931 1451 4489">
    <p class='ocr_par' dir='ltr' id='par_1_8' title="bbox 131 3931 1451 4489">
     <span class='ocr_line' id='line_1_28' title="bbox 324 3931 1449 4034; baseline 0.007 -29"><span class='ocrx_word' id='word_1_185' title='bbox 324 3931 484 4028; x_wconf 89' lang='lat' dir='ltr'><strong>Denique</strong></span> <span class='ocrx_word' id='word_1_186' title='bbox 501 3933 532 4007; x_wconf 88' lang='lat' dir='ltr'><strong>si</strong></span> <span class='ocrx_word' id='word_1_187' title='bbox 549 3934 587 4006; x_wconf 89' lang='lat' dir='ltr'><strong>in</strong></span> <span class='ocrx_word' id='word_1_188' title='bbox 605 3934 753 4033; x_wconf 82' lang='lat' dir='ltr'><strong>epistola</strong></span> <span class='ocrx_word' id='word_1_189' title='bbox 770 3934 815 4009; x_wconf 85' lang='lat' dir='ltr'><strong>ad</strong></span> <span class='ocrx_word' id='word_1_190' title='bbox 834 3933 981 4009; x_wconf 87' lang='lat' dir='ltr'><strong>hebreos</strong></span> <span class='ocrx_word' id='word_1_191' title='bbox 999 3934 1157 4031; x_wconf 85' lang='lat' dir='ltr'><strong>legimus</strong></span> <span class='ocrx_word' id='word_1_192' title='bbox 1169 3936 1266 4034; x_wconf 33' lang='lat' dir='ltr'><strong>,quod</strong></span> <span class='ocrx_word' id='word_1_193' title='bbox 1292 3937 1406 4012; x_wconf 91' lang='lat' dir='ltr'><strong>minor</strong></span> <span class='ocrx_word' id='word_1_194' title='bbox 1427 3963 1449 4013; x_wconf 85' lang='lat' dir='ltr'><strong>a</strong></span> 
     </span>
     <span class='ocr_line' id='line_1_29' title="bbox 229 4041 1449 4144; baseline 0.009 -30"><span class='ocrx_word' id='word_1_195' title='bbox 229 4041 360 4117; x_wconf 88' lang='lat' dir='ltr'><strong>maiore</strong></span> <span class='ocrx_word' id='word_1_196' title='bbox 376 4041 619 4134; x_wconf 86' lang='lat' dir='ltr'><strong>benedicatur,</strong></span> <span class='ocrx_word' id='word_1_197' title='bbox 636 4055 748 4121; x_wconf 86' lang='lat' dir='ltr'><strong>restat</strong></span> <span class='ocrx_word' id='word_1_198' title='bbox 764 4048 921 4144; x_wconf 87' lang='lat' dir='ltr'><strong>prolecto</strong></span> <span class='ocrx_word' id='word_1_199' title='bbox 937 4057 980 4122; x_wconf 88' lang='lat' dir='ltr'><strong>ut</strong></span> <span class='ocrx_word' id='word_1_200' title='bbox 995 4050 1163 4144; x_wconf 85' lang='lat' dir='ltr'><strong>exigente</strong></span> <span class='ocrx_word' id='word_1_201' title='bbox 1181 4049 1316 4125; x_wconf 86' lang='lat' dir='ltr'><strong>ratione</strong></span> <span class='ocrx_word' id='word_1_202' title='bbox 1340 4052 1449 4126; x_wconf 87' lang='lat' dir='ltr'><strong>etiam</strong></span> 
     </span>
     <span class='ocr_line' id='line_1_30' title="bbox 228 4153 1449 4262; baseline 0.011 -36"><span class='ocrx_word' id='word_1_203' title='bbox 228 4153 472 4230; x_wconf 87' lang='lat' dir='ltr'><strong>maledicatur.</strong></span> <span class='ocrx_word' id='word_1_204' title='bbox 502 4158 682 4256; x_wconf 85' lang='lat' dir='ltr'><strong>Siquidem</strong></span> <span class='ocrx_word' id='word_1_205' title='bbox 714 4158 791 4234; x_wconf 77' lang='lat' dir='ltr'><strong>haee</strong></span> <span class='ocrx_word' id='word_1_206' title='bbox 819 4162 944 4260; x_wconf 86' lang='lat' dir='ltr'><strong>utique</strong></span> <span class='ocrx_word' id='word_1_207' title='bbox 970 4175 1228 4260; x_wconf 75' lang='lat' dir='ltr'><strong>praenoscentes</strong></span> <span class='ocrx_word' id='word_1_208' title='bbox 1252 4165 1449 4262; x_wconf 88' lang='lat' dir='ltr'><strong>periculosa</strong></span> 
     </span>
     <span class='ocr_line' id='line_1_31' title="bbox 131 4269 1451 4372; baseline 0.01 -32"><span class='ocrx_word' id='word_1_209' title='bbox 131 4365 134 4368; x_wconf 21' lang='grc' dir='ltr'>Ι</span> <span class='ocrx_word' id='word_1_210' title='bbox 227 4276 383 4367; x_wconf 86' lang='lat' dir='ltr'><strong>tempora</strong></span> <span class='ocrx_word' id='word_1_211' title='bbox 397 4269 452 4343; x_wconf 92' lang='lat' dir='ltr'><strong>illi</strong></span> <span class='ocrx_word' id='word_1_212' title='bbox 466 4272 528 4368; x_wconf 93' lang='lat' dir='ltr'><strong>qui</strong></span> <span class='ocrx_word' id='word_1_213' title='bbox 542 4282 625 4346; x_wconf 86' lang='lat' dir='ltr'><strong>ante</strong></span> <span class='ocrx_word' id='word_1_214' title='bbox 641 4295 704 4346; x_wconf 87' lang='lat' dir='ltr'><strong>nos</strong></span> <span class='ocrx_word' id='word_1_215' title='bbox 717 4273 874 4363; x_wconf 85' lang='lat' dir='ltr'><strong>fuerunt,</strong></span> <span class='ocrx_word' id='word_1_216' title='bbox 884 4275 1066 4372; x_wconf 83' lang='lat' dir='ltr'><strong>providam</strong></span> <span class='ocrx_word' id='word_1_217' title='bbox 1076 4277 1112 4349; x_wconf 90' lang='lat' dir='ltr'><strong>iu</strong></span> <span class='ocrx_word' id='word_1_218' title='bbox 1124 4277 1293 4353; x_wconf 85' lang='lat' dir='ltr'><strong>aecclesiis</strong></span> <span class='ocrx_word' id='word_1_219' title='bbox 1306 4301 1451 4353; x_wconf 82' lang='lat' dir='ltr'><strong>consue·</strong></span> 
     </span>
     <span class='ocr_line' id='line_1_32' title="bbox 228 4381 1450 4489; baseline 0.01 -36"><span class='ocrx_word' id='word_1_220' title='bbox 228 4381 388 4457; x_wconf 88' lang='lat' dir='ltr'><strong>tudinem</strong></span> <span class='ocrx_word' id='word_1_221' title='bbox 405 4384 640 4472; x_wconf 85' lang='lat' dir='ltr'><strong>tradiderunt,</strong></span> <span class='ocrx_word' id='word_1_222' title='bbox 657 4385 828 4484; x_wconf 92' lang='lat' dir='ltr'><strong>hodieque</strong></span> <span class='ocrx_word' id='word_1_223' title='bbox 843 4387 880 4460; x_wconf 90' lang='lat' dir='ltr'><strong>in</strong></span> <span class='ocrx_word' id='word_1_224' title='bbox 895 4390 1053 4462; x_wconf 85' lang='lat' dir='ltr'><strong>Romana</strong></span> <span class='ocrx_word' id='word_1_225' title='bbox 1066 4389 1227 4465; x_wconf 83' lang='lat' dir='ltr'><strong>aecclesia</strong></span> <span class='ocrx_word' id='word_1_226' title='bbox 1245 4415 1324 4489; x_wconf 83' lang='lat' dir='ltr'><strong>qnae</strong></span> <span class='ocrx_word' id='word_1_227' title='bbox 1336 4393 1450 4488; x_wconf 87' lang='lat' dir='ltr'><strong>magi·</strong></span> 
     </span>
    </p>
   </div>
   <div class='ocr_carea' id='block_1_9' title="bbox 227 4497 1449 4671">
    <p class='ocr_par' dir='ltr' id='par_1_9' title="bbox 227 4497 1449 4671">
     <span class='ocr_line' id='line_1_33' title="bbox 227 4497 1449 4597; baseline 0.011 -33"><span class='ocrx_word' id='word_1_228' title='bbox 227 4501 300 4567; x_wconf 83' lang='lat' dir='ltr'><strong>stra</strong></span> <span class='ocrx_word' id='word_1_229' title='bbox 317 4504 372 4569; x_wconf 88' lang='lat' dir='ltr'><strong>est</strong></span> <span class='ocrx_word' id='word_1_230' title='bbox 388 4498 546 4571; x_wconf 92' lang='lat' dir='ltr'><strong>omnium</strong></span> <span class='ocrx_word' id='word_1_231' title='bbox 565 4497 802 4572; x_wconf 84' lang='lat' dir='ltr'><strong>ecclesiarum</strong></span> <span class='ocrx_word' id='word_1_232' title='bbox 820 4498 1110 4597; x_wconf 82' lang='lat' dir='ltr'><strong>impraetermisse</strong></span> <span class='ocrx_word' id='word_1_233' title='bbox 1134 4512 1311 4594; x_wconf 86' lang='lat' dir='ltr'><strong>servatur,</strong></span> <span class='ocrx_word' id='word_1_234' title='bbox 1335 4504 1386 4579; x_wconf 89' lang='lat' dir='ltr'><strong>ita</strong></span> <span class='ocrx_word' id='word_1_235' title='bbox 1407 4512 1449 4578; x_wconf 89' lang='lat' dir='ltr'><strong>ut</strong></span> 
     </span>
     <span class='ocr_line' id='line_1_34' title="bbox 1235 4618 1267 4671; baseline 0 0"><span class='ocrx_word' id='word_1_236' title='bbox 1235 4618 1267 4671; x_wconf 81' lang='lat' dir='ltr'><strong>re</strong></span> 
     </span>
    </p>
   </div>
   <div class='ocr_carea' id='block_1_10' title="bbox 0 0 1828 5292">
    <p class='ocr_par' dir='ltr' id='par_1_10' title="bbox 0 0 1828 5292">
     <span class='ocr_line' id='line_1_35' title="bbox 0 0 1828 5292; baseline 0 3"><span class='ocrx_word' id='word_1_237' title='bbox 0 0 1828 5292; x_wconf 95' lang='lat' dir='ltr'><strong> </strong></span> 
     </span>
    </p>
   </div>
  </div>
 </body>
</html>
