3654 5302
729 415 925 478 -385-

212 531 295 630 quia
313 556 395 608 cum
413 533 548 608 veritas
564 534 709 625 diceret,
725 558 796 610 non
813 536 907 634 quod
922 535 1035 612 intrat
1051 536 1090 611 in
1102 559 1140 617 oa
1154 536 1361 636 coinquinat
1373 535 1434 612 ho·

212 645 357 735 minem,
379 658 415 722 et
435 648 602 746 discipuli
626 650 878 747 responderent
894 651 1064 741 dicentes,
1081 651 1153 726 sois
1170 652 1255 750 quia
1278 651 1434 750 pharisei

211 760 333 834 audito
349 761 414 837 hoc
431 763 540 838 verbo
556 763 790 840 scandalizati
808 774 905 852 sunt,
922 755 1084 864 protinus
1102 765 1291 863 respondit.
1309 765 1436 840 Omnis

211 871 384 970 plantatio
401 899 508 982 quam
522 875 592 952 non
606 877 785 975 plantavit
798 887 898 974 pater
911 901 1012 952 mens
1025 877 1167 953 celestis
1180 878 1433 968 eradicabitur,
1483 887 1486 894 '

212 987 319 1062 sinite
336 987 427 1078 illos,
442 991 529 1065 caeci
542 1000 627 1065 sunt
643 993 753 1066 duces
767 1015 951 1067 caecorum.
964 995 1012 1070 Et
1023 1003 1143 1068 tamen
1161 1017 1244 1068 curn
1257 992 1434 1067 tributum

211 1110 391 1196 peteretur
407 1103 509 1203 prius
527 1106 701 1181 rationem
720 1104 873 1182 reddidit
889 1130 952 1204 per
968 1130 1075 1204 quam
1094 1107 1270 1182 tributum
1297 1107 1435 1184 solvero

212 1237 281 1288 non
299 1215 454 1307 deberet,
471 1227 578 1317 atque
602 1220 684 1296 ilico
710 1218 930 1296 subiuncxit.
947 1223 997 1296 Ut
1018 1229 1137 1296 eutem
1162 1243 1233 1294 non
1259 1220 1435 1296 scandali·

211 1353 334 1404 nemus
350 1353 419 1420 eos,
437 1331 529 1407 vade
547 1333 672 1432 inquid
690 1335 733 1409 ad
755 1359 864 1423 mare,
881 1345 917 1408 et
934 1332 1037 1409 mitte
1054 1333 1219 1424 hamum,
1230 1342 1267 1408 et
1284 1359 1367 1410 eum
1385 1333 1436 1431 pi·

211 1459 306 1516 scem
324 1443 386 1541 qui
404 1445 541 1541 primus
558 1447 769 1537 ascenderit,
785 1447 870 1522 tolle
887 1456 924 1521 et
940 1457 1062 1545 aperto
1078 1471 1137 1522 ore
1155 1447 1232 1524 eius
1245 1433 1435 1522 inveniens

211 1565 390 1646 staterem,
408 1557 511 1634 illum
530 1586 631 1636 sume
648 1561 801 1636 etdabis
826 1560 879 1636 eis
904 1583 965 1658 pro
990 1585 1048 1635 me
1073 1568 1109 1634 et
1133 1568 1178 1634 te.
1204 1559 1297 1648 Quid
1314 1569 1369 1634 est
1392 1560 1436 1635 de

210 1665 462 1745 scandalizatis
479 1671 561 1746 aliis
578 1671 724 1762 dicitur,
741 1674 849 1748 sinite
866 1673 947 1746 illos
971 1671 1057 1748 caeci
1083 1683 1179 1763 sunt,
1201 1673 1309 1749 duces
1327 1698 1436 1749 creoc-

212 1806 307 1868 rum,
330 1791 366 1856 et
391 1782 454 1858 alii
477 1808 523 1858 ne
549 1785 836 1861 scandalizentur
861 1812 882 1860 a
907 1787 1057 1862 Domino
1080 1787 1256 1862 tributum
1282 1787 1435 1864 solvitur

211 1897 303 1993 quod
326 1921 395 1972 non
413 1898 570 1974 debetur.
589 1899 683 1988 Quid
700 1911 756 1976 est
776 1901 869 1999 quod
892 1901 991 1976 aliud
1016 1902 1225 1986 scandalum
1252 1926 1329 1978 esse
1358 1929 1435 2002 per-

211 2009 319 2100 misit,
335 2010 434 2086 aliud
450 2036 534 2088 vero
552 2014 675 2090 venire
689 2015 880 2112 prohibuit,
896 2015 966 2088 nisi
991 2024 1033 2090 ut
1057 2037 1121 2090 nos
1146 2016 1287 2091 doceret
1311 2025 1347 2090 et
1371 2015 1434 2090 illa

211 2125 378 2200 scandala
395 2149 474 2223 quae
490 2151 554 2202 nos
568 2127 756 2226 implicant
772 2129 811 2202 in
828 2140 975 2226 peccata
988 2137 1238 2226 contempnere
1250 2138 1287 2204 et
1299 2153 1341 2204 ea
1354 2151 1434 2226 quac

210 2236 349 2334 placere
367 2238 445 2315 sinc
462 2251 606 2338 peccato
623 2265 812 2340 possumus
829 2242 943 2317 modis
960 2242 1126 2318 omnibus
1142 2243 1322 2340 mitigare.

749 2373 890 2492 nxvn.

305 2579 503 2675 Gregorius
513 2569 722 2656 Godiscaldo
734 2581 839 2670 Duoi,
848 2578 1024 2656 Mauricio
1037 2581 1256 2681 Imperatori.
1265 2581 1333 2656 Illa
1346 2607 1433 2682 prae-

210 2691 403 2788 positorum
427 2693 628 2770 sollicitudo
644 2695 756 2784 utilis,
773 2694 835 2768 illa
853 2704 908 2768 est
924 2695 1065 2770 cautela
1087 2694 1287 2784 laudabilis,
1303 2694 1341 2768 in
1359 2719 1431 2792 qua

208 2812 323 2877 totum
342 2805 432 2878 ratio
448 2807 537 2902 agit,
555 2817 591 2881 et
610 2807 710 2881 furor
735 2807 802 2882 sibi
828 2806 940 2882 nichil
966 2806 1143 2882 vendicat.
1168 2807 1432 2903 Rostringenda

208 2915 275 2989 sub
292 2917 428 2994 ratione
444 2929 599 3017 potestas
616 2907 681 3009 est,
698 2945 764 2995 nec
782 2921 868 3018 quid
884 2921 1064 3016 agendum
1088 2920 1297 3018 priusquam
1314 2923 1432 2997 conoi-

207 3039 282 3104 tata
298 3031 343 3105 ad
359 3033 658 3131 tranquillitatem
677 3059 779 3109 meus
805 3033 933 3109 redeat.
950 3037 1044 3108 Nam
1069 3033 1314 3110 commotionis
1338 3044 1429 3111 tem·

208 3166 289 3239 pore
306 3143 443 3219 iustum
462 3155 564 3244 putat
580 3169 683 3222 omne
700 3147 793 3244 quod
810 3146 945 3223 fecerit.

732 3311 890 3398 LXVIII.

302 3483 500 3579 Gregorius
525 3483 681 3581 Agnello
705 3484 877 3584 Episcopo
901 3484 1163 3574 Tarracinensi,
1180 3485 1276 3561 inter
1299 3495 1428 3564 cetera.

206 3595 300 3682 Quia
316 3619 400 3671 vero
416 3598 653 3694 comperimus
675 3597 807 3672 multos
828 3621 865 3671 se
886 3621 907 3668 a
930 3620 1113 3672 murorum
1140 3598 1280 3694 vigiliis
1305 3623 1430 3674 eausa·

206 3735 245 3785 re
259 3711 405 3810 (0101011
421 3712 629 3786 fraternitas
646 3722 767 3788 vestra
784 3710 947 3798 sollicita,
961 3720 996 3786 et
1008 3710 1151 3785 nullum
1166 3733 1281 3810 neque
1295 3736 1358 3809 per
1370 3735 1430 3787 no

206 3832 289 3898 strae
303 3823 360 3898 vel
377 3824 538 3899 ecclesiae
555 3848 629 3898 suae
646 3847 784 3912 nomen,
797 3832 861 3896 aut
874 3823 1032 3920 quolibet
1047 3823 1118 3898 alio
1135 3824 1235 3898 modo
1251 3825 1392 3900 defendi
1406 3851 1428 3898 a

205 3935 345 4032 vigiliis
358 3938 526 4035 patiatur,
536 3938 596 4011 sed
610 3959 731 4015 omnes
744 3935 963 4032 generaliter
976 3934 1243 4034 compellantur,
1257 3936 1427 4034 quatinus

205 4050 347 4124 cunctis
368 4049 620 4145 vigilantibus,
638 4039 767 4125 melius
791 4048 988 4124 auxiliante
1007 4049 1156 4123 Domino
1181 4049 1341 4124 civitatis
1367 4075 1428 4123 va·

205 4160 275 4236 leat
285 4163 445 4238 custodia
459 4165 653 4260 provocari.
663 4163 759 4238 Idem
770 4161 936 4236 Ianuario
948 4161 1109 4260 episcopo
1119 4161 1333 4238 Calaritano.
1343 4166 1428 4236 Fra·

203 4274 354 4350 territas
370 4286 490 4350 vestra
507 4277 593 4350 dum
611 4276 697 4352 licet
712 4277 897 4351 civitatem
916 4286 1016 4350 tuam
1034 4275 1092 4350 vel
1110 4275 1181 4348 alia'.
1199 4275 1276 4350 loca
1293 4275 1424 4351 fortius

203 4389 338 4462 muniri
364 4389 692 4487 praevaleat„atque
717 4389 905 4464 immineat
922 4398 964 4462 ut
980 4388 1201 4464 abundanter
1226 4389 1335 4464 ineis
1353 4413 1427 4464 cre·

201 4500 276 4575 dita
293 4511 539 4599 procurentur,
555 4512 597 4578 ut
614 4501 644 4576 si
665 4501 853 4598 Agilulfua
874 4499 975 4591 illuc,
991 4497 1060 4576 sibi
1077 4503 1150 4577 Deo
1175 4501 1290 4577 iratus
1306 4525 1427 4578 acces·

1007 4635 1009 4642 ,
1208 4617 1244 4669 ao
