3646 5292
896 397 1093 462 -176-

388 543 472 596 vero
488 519 640 594 orationi
658 527 694 594 et
710 517 1027 594 ministerio.verbi
1045 519 1222 600 instantes
1241 517 1387 605 erimus.
1404 518 1451 590 Et
1470 511 1608 614 placuit

391 656 508 708 sermo
524 656 642 708 coram
668 631 764 706 omni
786 630 1029 724 multitudine,
1053 643 1090 709 et
1110 632 1301 730 elegerunt
1325 629 1546 731 Stephanum
1571 636 1609 702 et

390 755 547 837 oaeoeros,
560 747 623 821 hos
636 754 841 820 statuerunt
853 754 938 821 aute
950 757 1180 851 conspectum
1195 745 1441 857 Apostolorum
1455 753 1491 821 et
1507 766 1609 818 oran-

390 871 444 936 tes
461 861 707 960 imposuerunt
720 860 772 935 eis
789 885 928 934 manus.
987 865 990 872 '

964 1063 1029 1147 ΙΙΙ.

743 1266 794 1318 Ex
813 1266 953 1330 epistola
971 1265 1245 1334 art-Timotheum.

483 1426 554 1514 Qui
570 1427 661 1503 bene
679 1436 838 1525 presunt
856 1427 1060 1522 Preshiteri,
1077 1427 1235 1528 dupplici
1259 1428 1391 1504 honore
1419 1426 1521 1521 digni
1545 1425 1608 1500 ha·

386 1539 540 1616 beantur
557 1540 710 1616 maxime
727 1541 789 1638 qui
806 1539 968 1615 laborant
984 1540 1022 1614 in
1039 1541 1147 1617 verbo
1172 1551 1209 1616 et
1231 1541 1393 1616 doctrina
1418 1539 1493 1614 Dei.
1510 1538 1607 1613 Dicit

391 1653 488 1729 enim
505 1655 671 1732 scritura.
688 1657 769 1730 Non
786 1654 983 1730 infrenabis
995 1677 1033 1728 os
1046 1655 1127 1730 bovi
1140 1655 1336 1729 trituranti.
1349 1658 1396 1729 Et
1407 1655 1540 1750 dignus
1552 1661 1608 1728 est

385 1767 574 1867 operarius
592 1768 753 1845 mercede
769 1793 845 1842 sua.
862 1768 1047 1844 Adversus
1071 1768 1321 1868 presbyterum
1342 1766 1606 1844 accusationem

390 1882 464 1956 noli
481 1882 650 1980 recipere,
666 1882 737 1956 nisi
755 1881 822 1956 sub
842 1882 979 1956 duobus
1003 1893 1068 1957 aut
1092 1882 1208 1958 tribus
1233 1882 1394 1958 testibus
1410 1880 1546 1954 Paulus
1570 1893 1607 1955 et

389 1995 595 2071 Timotheus
607 1995 703 2072 servi
714 1996 820 2072 Ihesu
835 1995 969 2072 Christi
983 1993 1042 2068 his
1054 1996 1114 2094 qui
1129 2005 1215 2071 sunt
1228 1995 1414 2096 philippic,
1427 2020 1511 2070 cum
1525 1993 1607 2092 Epi-

389 2110 504 2207 scopis
530 2119 566 2185 et
590 2109 816 2186 Diaconibus.
833 2113 881 2184 Et
904 2108 999 2183 alibi.
1017 2110 1152 2186 Paulus
1176 2119 1213 2186 et
1237 2109 1409 2184 Silvanus
1432 2118 1468 2185 et
1492 2108 1607 2183 Timo-

385 2221 492 2298 theus
509 2223 693 2299 Ecelesias
709 2223 1091 2300 Thessalonicensium.

952 2427 1035 2512 llll.

711 2624 762 2676 Ex
778 2619 886 2676 xvm
906 2633 978 2687 cap.
998 2623 1113 2676 Nicent
1133 2623 1275 2676 concilii.

484 2786 526 2858 In
543 2811 609 2860 sua
625 2784 774 2862 Diaconi
793 2793 1026 2884 permaneant
1043 2809 1222 2876 mensura,
1239 2786 1394 2862 scientes
1414 2784 1507 2883 quod
1523 2782 1605 2882 Epi-

385 2921 570 2998 scoporum
589 2899 732 2998 quidem
751 2897 909 2973 ministri
928 2905 1023 2973 sunt.
1037 2897 1227 2973 Inferiores
1244 2907 1365 2972 autem
1378 2895 1605 2994 Presbyteris

384 3011 595 3089 habeantur.
611 3018 681 3090 Per
697 3013 857 3089 ordinem
874 3037 961 3110 ergo
978 3011 1079 3111 prius
1093 3011 1319 3110 Presbyteris
1331 3010 1488 3107 gratiam
1502 3032 1603 3085 sacre

385 3127 647 3202 communionis
675 3125 855 3224 accipiant
881 3135 946 3200 aut
970 3124 1140 3223 Episcopo
1170 3134 1234 3199 aut
1258 3124 1472 3222 Presbytero
1496 3121 1605 3220 porri-

383 3247 502 3336 gente
521 3240 590 3315 Sed
606 3265 674 3316 nec
698 3239 820 3316 sedere
845 3238 884 3313 in
909 3239 1023 3314 medio
1046 3238 1344 3336 Presbyterorum
1368 3238 1541 3312 Diacones
1564 3235 1605 3309 li-

383 3361 473 3428 ceat.
498 3351 591 3440 Quia
615 3353 646 3427 si
671 3352 738 3429 hoc
762 3353 836 3443 fist,
860 3363 990 3450 preter
1015 3351 1180 3448 regulam
1198 3351 1368 3451 probatur
1385 3351 1546 3426 existere.
1564 3349 1602 3424 si

386 3465 468 3564 quis
484 3474 606 3541 autem
622 3467 731 3542 etiam
750 3476 827 3565 post
843 3467 910 3541 has
926 3465 1156 3542 diffinitiones
1172 3465 1311 3544 obedire
1328 3464 1493 3556 uoluerit,
1505 3491 1526 3539 a
1540 3463 1604 3538 mi-

383 3577 531 3654 nisterio
547 3603 687 3656 cessare
703 3579 816 3655 debet.

904 3781 1013 3870 ,V0

651 3985 701 4040 Ex
714 3985 846 4039 concillo
860 3983 1117 4040 chalcedonensi
1129 3997 1202 4052 cap.
1216 3987 1331 4040 xm.

479 4145 656 4238 Quoniam
674 4147 770 4222 utin
789 4145 1001 4246 quibusdam
1018 4148 1181 4226 eeclesiis
1198 4149 1395 4248 reperimus
1411 4148 1489 4223 sine
1501 4147 1600 4223 echo

380 4259 494 4334 nomis
513 4285 569 4335 res
585 4260 846 4337 ecclesiasticas
863 4271 1018 4337 tractare
1036 4261 1200 4360 Episcopi
1225 4262 1362 4362 placuit
1378 4262 1532 4350 omnino,
1554 4269 1595 4334 ut

382 4373 498 4447 omnis
515 4373 676 4449 aeeclesia
697 4373 832 4452 habens
857 4375 1070 4474 Episcopum
1096 4373 1205 4448 etiam
1221 4373 1455 4450 echonomum
1473 4372 1603 4448 hahere

381 4485 424 4559 de
442 4486 581 4584 proprio
593 4485 774 4586 cler0,fflqui
792 4513 849 4563 res
863 4487 1127 4577 ecclesiasticas
1139 4486 1320 4586 dispenset
1332 4512 1414 4562 cum
1427 4509 1604 4562 consensu
1700 4513 1708 4532 ’
