3582 5288
892 376 1089 442 -124-

906 615 1107 712 otxxxu.

470 847 677 944 Gregorius.
686 849 756 935 Qui
769 845 1033 948 provectionem
1048 869 1151 920 suam
1164 846 1287 922 divino
1301 847 1434 923 iudicio
1448 849 1485 922 in
1500 850 1606 924 cuius

379 963 553 1038 nimirum
568 987 677 1036 manu
691 963 797 1037 corda
811 985 939 1056 regum
953 960 1196 1048 consistentia,
1211 983 1435 1059 quocumque
1453 962 1607 1038 voluerit

380 1076 616 1164 inclinantur,
641 1098 711 1150 non
741 1074 889 1150 caducis
913 1073 1064 1148 humaui
1086 1074 1221 1148 favoris
1246 1074 1384 1150 viribus
1408 1077 1609 1176 deputabat.

376 1189 553 1264 Mauricio
569 1189 778 1289 Imperatori
795 1188 908 1264 libera
926 1211 1012 1264 voce
1029 1187 1305 1263 contradicebat.

883 1390 1100 1474 oIIIIIII.

619 1597 668 1648 Ex
686 1597 749 1647 1111
769 1596 849 1650 libro
868 1596 933 1648 vite
952 1593 1099 1649 eiusdem
1118 1605 1191 1659 cap.
1210 1595 1359 1648 xxxnr.

471 1760 525 1834 Ab
541 1758 624 1833 aliis
642 1758 825 1858 Episcopis
841 1759 1092 1834 communiora
1116 1757 1274 1856 privatos
1288 1757 1486 1856 Gregorius
1503 1783 1598 1835 com-

376 1871 537 1948 munioni
554 1869 714 1970 pristinae
732 1869 954 1945 reformabat.
980 1876 1198 1973 Quapropter
1223 1897 1355 1970 magno
1381 1873 1596 1972 Presbytero

376 1985 650 2062 Mediolanensis
664 1984 833 2060 aecclesiae
842 1985 1002 2060 scribens
1011 1986 1072 2062 ait.
1081 1987 1185 2062 Sicut
1197 1987 1364 2082 exigente
1377 1985 1483 2087 culpa
1492 1987 1602 2084 digne

375 2101 456 2199 quis
472 2109 695 2174 sacramento
712 2099 974 2173 communionis
994 2101 1160 2190 abicitur,
1185 2101 1235 2175 ita
1261 2101 1461 2176 insontibus
1486 2101 1601 2176 nullo-

376 2214 477 2289 modo
494 2212 580 2288 talis
592 2212 745 2308 irrogari
758 2212 861 2287 debet
874 2212 1042 2289 vindicta.
1056 2215 1303 2314 Comperimus
1316 2213 1490 2312 siquidem
1505 2214 1596 2313 quod

374 2326 592 2403 Laurentius
608 2326 718 2400 irater
735 2335 771 2401 et
789 2327 1014 2426 coepiscopus
1032 2336 1151 2403 noster
1169 2326 1279 2401 nullis
1295 2337 1332 2402 tc
1344 2326 1460 2426 culpis
1477 2337 1599 2402 extan-

379 2441 476 2516 tibus
493 2440 741 2516 communione
757 2440 966 2541 privaverit.
987 2441 1138 2539 Ideoque
1163 2441 1273 2516 huius
1291 2441 1459 2541 praecepti
1485 2441 1597 2516 nostri

376 2555 590 2630 auctoritate
608 2555 781 2644 munitus,
793 2554 950 2630 officium
963 2563 1067 2628 tuum
1081 2579 1230 2630 securus
1243 2579 1376 2655 perage
1389 2565 1425 2630 et
1442 2578 1600 2629 commu·

377 2669 519 2744 nionem
537 2669 614 2744 sine
632 2668 708 2743 ulla
725 2669 914 2744 formidine
932 2693 1043 2743 sume.
1515 2697 1519 2704 ¹

873 2871 1108 2956 oIIIIIIII.

698 3079 747 3130 Ex
766 3088 838 3140 cap.
858 3077 1014 3128 xxxnII
1034 3075 1181 3128 eiusdem
1199 3076 1281 3128 libro.

470 3243 564 3315 Dum
578 3241 643 3315 tihi
658 3239 854 3314 Athanasio
867 3239 1081 3336 Presbytero
1094 3237 1300 3313 monasterii
1314 3238 1430 3314 sancti
1443 3237 1532 3313 Mile
1541 3236 1601 3312 cui

375 3364 430 3431 est
443 3354 658 3462 vocabulum
676 3357 851 3443 Tannae0,
868 3354 960 3452 quod
973 3352 1152 3427 illioaouia
1165 3361 1219 3426 est
1235 3351 1418 3451 provincia
1431 3351 1602 3427 constitu·

373 3481 463 3562 turn,
480 3469 658 3545 contraria
676 3468 819 3564 integre
836 3467 917 3542 fidei
934 3466 1061 3542 fuisset
1077 3475 1154 3541 orta
1172 3465 1337 3566 suspicio,
1356 3474 1399 3540 ut
1420 3463 1602 3566 professio

373 3586 430 3656 nis
443 3594 515 3658 tuae
528 3584 700 3682 potuisset
713 3582 904 3678 integritas
916 3605 1096 3680 apparare,
1108 3580 1153 3654 ad
1166 3580 1394 3680 apostolicam
1408 3579 1526 3654 sedem
1540 3578 1600 3654 cui

372 3697 604 3796 praesidemus
621 3693 764 3794 elegisti
783 3719 979 3782 recurrere,
995 3717 1159 3767 assereus
1176 3692 1286 3767 etiam
1311 3702 1346 3766 te
1372 3691 1600 3789 corporaliter

374 3810 601 3886 verberatum
627 3821 663 3886 et
687 3811 753 3886 tibi
770 3810 892 3908 aliqua
909 3807 1042 3882 iniuste
1067 3831 1110 3880 ac
1136 3805 1310 3881 violenter
1335 3804 1431 3879 facta
1448 3827 1536 3880 esse.
1554 3807 1600 3878 Et

372 3949 589 4024 quamquam
607 3951 649 4001 ea
666 3951 745 4024 quae
759 3925 796 3998 vi
809 3921 1036 4022 impulsionis
1050 3921 1152 4009 fiunt,
1165 3942 1343 3995 canonum
1357 3918 1507 3992 minime
1519 3941 1600 3992 can·

372 4065 457 4113 sura
475 4039 633 4137 recipiat,
650 4050 686 4115 et
703 4041 781 4114 iure
799 4039 999 4114 habeantur
1015 4035 1169 4124 infirma,
1182 4034 1268 4131 quia
1281 4034 1355 4132 ipse
1369 4057 1410 4108 ea
1424 4031 1600 4121 dissolvit,

374 4151 436 4251 qui
454 4152 630 4227 iniustum
648 4153 752 4228 fateri
770 4151 962 4250 compellit,
979 4149 1041 4225 sed
1066 4147 1185 4243 magis
1209 4148 1271 4221 illa
1288 4155 1343 4222 est
1367 4145 1596 4244 suscipienda

373 4275 409 4342 et
425 4265 671 4363 amplectenda
688 4266 872 4356 confessio,
893 4265 952 4365 qui
972 4291 1016 4341 ex
1032 4275 1225 4362 spontanee
1241 4274 1461 4338 monstratur
1474 4261 1600 4337 volun-

375 4389 448 4454 tate
462 4380 658 4477 procedere,
668 4381 764 4456 sicut
775 4381 868 4478 apud
881 4403 945 4458 uos
959 4379 1085 4454 secisse
1100 4377 1306 4466 dinosceris,
1320 4401 1365 4450 ne
1378 4376 1465 4474 qnid
1477 4385 1598 4450 tamen

372 4493 474 4571 nobis
490 4493 703 4594 ambiguum
722 4494 894 4596 potuisset
910 4493 1073 4582 existere,
1086 4491 1313 4568 sanctissimo
1326 4491 1477 4566 Iohanni
1491 4514 1600 4590 quon·
