3618 5316
714 419 911 486 -283-

204 536 284 615 vioe
302 537 389 615 huic
402 539 573 616 aecclesiae
590 544 757 616 1101110001
781 540 1021 640 praesidemus,
1038 551 1081 617 ut
1104 541 1227 616 nullus
1247 540 1421 641 episcopo

204 677 285 726 rum
311 662 376 727 aut
399 653 616 729 secularium
636 655 733 730 ultra
750 665 943 754 praesumat
963 655 1007 731 de
1025 655 1220 732 redditibus
1235 655 1294 730 vel
1311 655 1420 731 cartis

203 765 513 855 monasteriorum,
529 767 588 843 vel
612 768 654 843 dc
680 768 794 858 cellis,
811 768 870 844 vel
895 768 938 843 de
966 767 1066 842 villis
1092 793 1171 866 quaa
1194 768 1240 842 ad
1256 793 1297 843 ea
1314 768 1421 866 perti·

202 888 300 969 nent,
316 903 540 979 quocumque
567 882 678 972 modo,
703 907 766 957 seu
784 881 945 981 qualibet
969 881 1153 958 occasione
1171 881 1344 972 minuere,
1360 881 1419 958 vol

204 991 311 1080 dolos,
326 991 385 1067 vel
400 991 639 1070 immissiones
654 994 794 1094 ¹aliquas
811 995 938 1070 facere.
952 992 1078 1091 Siqua
1095 1017 1204 1069 causa
1222 992 1312 1069 forte
1324 993 1419 1068 inter

202 1117 335 1182 terram
355 1105 560 1181 venientem
577 1107 622 1182 ad
644 1117 782 1206 patrem
803 1131 951 1183 suarum
977 1105 1209 1182 ecclesiarum
1239 1115 1276 1180 et
1301 1129 1420 1180 mona·

203 1217 393 1294 steriorum
422 1219 594 1309 evenerit,
618 1230 655 1296 et
678 1220 827 1319 pacifice
855 1243 926 1295 non
951 1219 1106 1318 potuerit
1133 1217 1302 1307 ordinari,
1322 1219 1418 1316 apud

203 1334 333 1410 electos
345 1332 502 1416 abbates,
515 1342 551 1408 et
563 1333 652 1409 alios
665 1343 783 1432 patres
797 1333 966 1408 timentes
980 1332 1108 1421 Deum,
1120 1330 1198 1405 sine
1214 1329 1419 1405 voluntaria

202 1445 371 1520 dilatione
387 1444 514 1520 mediis
531 1446 771 1522 sacrosanctis
784 1445 986 1542 evangeliis
998 1443 1155 1518 finiatur.
1165 1443 1342 1518 Defuncto
1354 1467 1416 1517 au·

202 1567 275 1634 tem
295 1557 432 1632 Abbate
457 1558 632 1658 cuiusque
649 1559 952 1656 congregationis,
966 1582 1035 1633 non
1053 1567 1244 1633 extraneus
1260 1556 1419 1652 eligatur

203 1671 274 1747 nisi
299 1672 342 1747 de
370 1673 493 1748 eadem
518 1675 810 1771 congregatione.
827 1677 939 1762 Quem
967 1673 1034 1747 sibi
1064 1671 1204 1770 propria
1232 1671 1418 1745 voluntate

205 1809 350 1862 concors
367 1788 520 1862 fratrum
547 1788 696 1864 sociatas
721 1787 882 1886 elegerit.
898 1790 947 1862 Et
974 1786 1036 1884 qui
1060 1785 1197 1862 electus
1213 1785 1324 1860 fuerit
1341 1785 1418 1860 sine

204 1901 293 1989 dolo,
308 1900 368 1975 vel
386 1901 580 1976 venalitate
604 1901 725 2000 aliqua
743 1902 937 1977 ordinetur.
955 1901 1054 1988 Quod
1083 1899 1113 1974 si
1130 1909 1247 1997 aptam
1268 1900 1363 1975 111101
1379 1925 1418 1975 se

202 2037 387 2111 personam
406 2013 570 2090 invenire
586 2025 779 2113 nequeunt,
788 2015 949 2090 sollerter
963 2014 1030 2088 sibi
1044 2013 1085 2088 de
1099 2013 1179 2087 aliis
1192 2011 1418 2088 monasteriis

203 2125 368 2200 similiter
385 2125 526 2222 eligant
541 2127 789 2201 ordinandum.
806 2131 933 2225 Neque
958 2126 1152 2203 constituto
1170 2125 1300 2200 Abbati
1325 2149 1419 2223 qum-

201 2261 355 2335 oumquo
373 2261 522 2335 persona
539 2239 698 2337 qualibet
714 2241 897 2316 occasione
915 2248 1150 2338 praeponatur,
1164 2239 1234 2312 nisi
1250 2239 1340 2314 forte
1357 2265 1417 2314 ex-

201 2351 362 2428 tantibus
395 2352 487 2450 quod
518 2352 613 2428 absit
644 2354 857 2430 criminibus
882 2379 961 2453 quae
990 2353 1083 2430 sacri
1113 2377 1266 2428 canones
1294 2352 1416 2451 puniri

202 2475 410 2542 monstrant.
428 2465 568 2541 Pariter
591 2477 713 2543 autem
726 2468 996 2544 custodiendum
1019 2477 1084 2558 est,
1101 2477 1143 2542 ut
1159 2466 1273 2541 invito
1290 2466 1416 2541 abbate

202 2579 246 2653 ad
263 2579 456 2654 ordinanda
474 2580 687 2655 monasteria
704 2579 786 2670 alia,
803 2581 928 2656 autad
945 2581 1085 2656 ordines
1098 2603 1228 2670 sacros,
1241 2579 1299 2654 vel
1312 2578 1415 2654 cleri·

207 2702 310 2768 catus
327 2693 483 2769 officium
500 2693 577 2768 tolli
594 2694 720 2769 exinde
739 2694 928 2770 monachos
945 2717 1016 2768 non
1033 2693 1193 2768 debeant.
1207 2690 1419 2788 Descriptio·

204 2833 268 2883 nes
285 2832 423 2907 quoque
442 2833 572 2898 rerum,
588 2817 652 2882 aut
676 2817 857 2883 cartarum
883 2805 1089 2881 monasterii
1114 2804 1158 2878 ab
1184 2803 1346 2901 episcopo
1362 2827 1417 2878 eo·

205 2920 425 2996 olesiasticas
443 2920 518 2995 lieri
535 2921 678 2996 omnino
694 2923 927 3016 denegamus.
941 2920 1009 2995 Sed
1025 2918 1055 2993 si
1070 2916 1210 3016 quando
1223 2942 1280 2991 res
1292 2915 1417 3012 exigit,

203 3033 395 3110 abbaslooi
413 3061 496 3109 011111
514 3034 597 3109 aliis
615 3036 786 3112 fratribus
811 3061 939 3112 causas
964 3059 1084 3109 rorum
1109 3033 1341 3108 inventarum
1367 3031 1385 3104 f
1403 3073 1415 3087 ·

203 3147 286 3236 ciat,
304 3157 341 3223 et
358 3171 480 3223 eornm
497 3148 644 3224 consilio
661 3151 738 3224 sine
756 3149 887 3224 iudicio
913 3150 984 3223 fiat.
1002 3148 1163 3223 Obeunte
1188 3169 1328 3244 quoque
1346 3145 1417 3219 Ab·

202 3259 292 3348 bate,
310 3259 505 3361 Episcopus
522 3261 560 3334 in
578 3261 819 3338 describendis
843 3261 1148 3360 praevidendisque
1174 3259 1280 3336 rebus
1298 3283 1417 3334 mona-

202 3373 301 3448 sterii
318 3373 516 3472 acquisitis,
528 3375 586 3450 vel
602 3375 706 3465 datis,
722 3377 780 3451 vel
797 3376 1034 3474 acquirendis,
1060 3374 1268 3449 nullatenus
1285 3397 1324 3448 se
1340 3397 1418 3471 per·

203 3485 357 3560 misceat
372 3487 501 3560 Missas
518 3511 656 3585 quoque
673 3488 835 3588 publicas
852 3489 897 3565 ab
913 3514 953 3566 00
969 3491 1006 3563 111
1021 3489 1168 3566 cenobio
1181 3487 1257 3563 fieri
1271 3486 1416 3561 omnino

203 3598 440 3697 prohibemus,
457 3623 502 3674 ne
516 3600 554 3673 in
572 3625 756 3676 servorum
771 3603 836 3679 Dei
850 3603 1059 3692 recessibus,
1072 3611 1108 3677 et
1121 3626 1241 3677 eorum
1261 3611 1419 3698 recepta·

201 3712 294 3787 culis
310 3711 384 3786 ulla
401 3713 580 3811 popularis
598 3715 797 3812 praebeatur
818 3717 956 3792 occasio
980 3725 1190 3804 conventus
1206 3713 1266 3789 vel
1291 3713 1418 3789 mulie·

202 3849 282 3899 rum
304 3826 366 3900 fiat
391 3850 505 3902 novus
523 3827 692 3904 introitus
713 3830 805 3926 quod
822 3830 966 3904 omnino
982 3853 1051 3904 non
1070 3828 1211 3926 expedit
1227 3827 1418 3902 animabus

202 3961 334 4013 eorum.
347 3943 423 4015 Nec
439 3941 569 4016 audeat
584 3941 633 4015 ibi
651 3942 858 4018 cathedram
875 3943 1059 4031 collocare,
1072 3943 1131 4017 vel
1148 3941 1345 4040 quamlibet
1363 3964 1419 4038 00

202 4062 367 4128 testatem
386 4053 582 4152 imperandi
599 4054 740 4146 habere,
756 4081 824 4133 nee
844 4056 1001 4154 aliquam
1019 4055 1278 4131 ordinationem
1296 4077 1419 4152 qnam·

202 4166 260 4240 vis
276 4167 497 4241 levissimam
522 4169 689 4255 faciendi,
706 4169 775 4244 nisi
801 4170 846 4245 ab
870 4170 995 4245 abbate
1020 4169 1089 4245 loci
1119 4169 1229 4243 fuerit
1258 4176 1418 4264 rogatus

203 4289 379 4377 quatenus
397 4281 574 4368 monachi,
593 4306 730 4380 semper
747 4283 784 4356 in
798 4283 964 4357 abbatum
983 4307 1127 4357 suorum
1146 4281 1219 4356 sint
1235 4289 1420 4379 potestate,

203 4391 397 4490 nullusque
414 4393 628 4468 monachum
647 4395 723 4472 sine
741 4397 953 4488 testimonio,
969 4398 1027 4474 vel
1040 4397 1264 4473 concessione
1281 4395 1419 4470 abbatis

152 4575 154 4580 .
204 4502 241 4580 in
260 4505 411 4584 eeclesia
427 4505 548 4610 aliqua
565 4517 696 4602 teneat,
708 4509 769 4588 vel
785 4511 829 4586 ad
846 4511 1001 4614 aliquem
1021 4521 1225 4612 promoveat
1240 4511 1419 4588 honorem.
