3642 5294
747 394 921 458 ..23-

217 515 319 601 Quod
334 511 438 586 irrite
450 513 499 586 sit
515 513 656 588 donatio
669 511 728 586 vel
742 511 973 587 commutatio
985 513 1162 612 Episcopi,
1175 514 1253 591 sine
1266 537 1443 592 consensu

293 627 601 724 Presbyterornm.
619 626 704 723 Cap.
721 629 820 700 XXI.
837 627 1026 699 XXXIIII.

218 742 320 827 Quod
337 740 509 838 Episcopo
532 739 760 837 depopulanti
787 763 843 814 res
868 738 1031 813 ecclesiae
1055 739 1175 814 clerus
1197 739 1276 814 eius
1301 739 1445 816 obviare

290 853 402 928 debet.
420 853 506 950 Cap.
523 855 658 928 XXIII.
675 863 711 927 et
728 853 859 927 XCVI.
876 855 919 926 In
936 853 987 927 ΙΙο
1005 849 1065 927 lib.
1082 855 1210 928 LVIII.

217 969 276 1041 De‘
303 966 475 1064 Episcopo
507 967 692 1042 auferente
724 975 843 1064 partes
875 965 1099 1041 clericorum.
1133 965 1219 1063 Cap.
1252 968 1443 1041 XXXVII.

290 1083 526 1156 LXXXVIII.
543 1081 581 1155 in
599 1084 650 1156 11⁰
667 1082 728 1156 lib.
746 1081 840 1156 CXI.

216 1199 270 1270 De
287 1195 501 1272 clericorum
517 1194 790 1291 coniugatorum
810 1194 977 1292 portione.
990 1193 1076 1290 Cap.
1092 1194 1275 1267 LXVlIll.

217 1314 266 1386 Ut
281 1311 435 1385 infirmis
451 1310 594 1385 clericis
611 1332 732 1384 eorum
751 1315 922 1384 consueto
938 1305 1204 1382 commodanon
1217 1304 1441 1380 auferantur.

291 1424 376 1520 Cap.
393 1426 575 1498 LXXVII.

222 1541 271 1613 Ut
287 1561 472 1612 successor
488 1538 684 1634 Episcopus
702 1535 869 1612 restituat
886 1534 1029 1611 clericis
1042 1542 1208 1631 quartam
1233 1557 1341 1631 quam
1358 1539 1441 1607 ante

290 1673 476 1725 successor
493 1674 563 1724 non
580 1651 685 1726 dedit.
703 1652 787 1748 Cap.
805 1651 1023 1725 LXXVIIII.

217 1767 267 1838 Ut
283 1763 449 1861 Episcopi
468 1787 543 1837 rem
557 1763 655 1837 tituli
673 1765 875 1863 presbyteri
893 1762 950 1838 sui
968 1787 1039 1837 non
1056 1770 1241 1859 usurpent.
1259 1763 1346 1859 Cap.
1362 1763 1444 1836 VII.

289 1880 424 1952 XVIII.
441 1881 593 1952 XVIIII.
611 1881 793 1952 XLVIIII.

216 1993 267 2064 Ut
295 1989 496 2064 ministeria
520 1991 680 2066 ecclesiae
704 1992 748 2065 ad
777 1991 928 2066 alteram
943 2012 1029 2064 non
1059 1988 1332 2064 transferentur.
1358 1987 1442 2084 Cap.

288 2104 473 2178 XCVIIII.

216 2219 267 2291 Ut
282 2240 466 2290 successor
484 2217 679 2316 Episcopus
700 2217 894 2293 decessoris
920 2216 1013 2289 mala
1039 2216 1135 2290 facta
1160 2213 1332 2289 emendet.
1357 2213 1441 2309 Cap.

288 2333 423 2404 XXVI.
440 2332 551 2406 XCII.

215 2447 269 2516 De
285 2468 373 2517 cura
390 2443 514 2518 clerici
532 2453 568 2519 et
584 2468 784 2542 pauperum
803 2443 914 2518 etiam
931 2452 1089 2540 tempore
1105 2439 1200 2516 belli.
1218 2440 1303 2536 Cep.
1320 2441 1401 2511 XV.

215 2559 268 2630 De
284 2557 633 2632 administratoribus
651 2558 901 2654 religiosorum
919 2557 1087 2631 locorum.
1105 2556 1191 2652 Cap.
1208 2554 1331 2628 CXLI.

215 2671 317 2758 Quod
334 2695 390 2746 res
407 2672 568 2747 ecolesiae
584 2671 757 2746 divitibus
774 2669 851 2745 dari
868 2693 938 2744 non
955 2669 1096 2744 debent.
1113 2668 1199 2764 Cap.
1216 2669 1315 2741 VIII.
1329 2666 1441 2742 CIIII.

289 2786 436 2860 CXXX.
455 2787 621 2861 CXXXI.
639 2786 841 2860 CXXXIII.

215 2898 317 2984 Quod
333 2897 476 2974 clericis
491 2921 562 2972 non
579 2897 682 2973 laicis
699 2897 828 2972 debent
845 2897 1019 2972 committi
1038 2895 1252 2993 patrimonia
1269 2892 1441 2970 ecclesiae.

289 3012 374 3110 Cap.
391 3014 500 3086 XLV.
517 3014 591 3085 LX.
608 3014 699 3086 LXI.
718 3012 902 3086 CXXXII.

217 3125 318 3212 Quod
334 3125 485 3200 alterius
501 3125 661 3201 ecclesis
677 3125 820 3200 clericis
836 3147 907 3199 non
924 3124 1054 3200 debent
1070 3124 1255 3201 committi.
1268 3125 1353 3220 Cap.
1365 3124 1442 3200 XC.

288 3239 327 3311 in
344 3241 395 3312 11⁰
412 3239 511 3313 libro.

217 3352 317 3437 Quod
333 3359 488 3426 rectores
505 3353 799 3449 patrimoniorum
818 3352 938 3425 iurare
960 3350 1098 3426 debent.
1112 3351 1197 3448 Cap.
1210 3351 1393 3426 LXXIIII.
1404 3358 1441 3425 et

288 3465 393 3540 CLV.
410 3474 446 3540 et
463 3467 585 3541 CLVI.
603 3477 639 3541 et
656 3468 796 3542 CLVII.

217 3581 268 3652 De
284 3577 441 3674 singulis
457 3580 608 3654 ducibus
625 3589 662 3654 et
678 3579 859 3655 iudicibus
872 3577 1176 3675 patrimoniorum.
1190 3579 1231 3652 In
1245 3579 1278 3652 1⁰
1291 3576 1351 3651 lib.
1364 3601 1439 3676 cap.

289 3691 360 3765 CC.
384 3693 493 3766 XLII.
511 3693 683 3767 CCXLV.

221 3803 414 3900 Exemplar
452 3804 639 3880 locationis
673 3829 793 3881 rerum
818 3805 1151 3882 ecclesiasticarum.
1182 3807 1266 3905 Cap.
1295 3805 1442 3882 CXVII.

289 3914 451 3989 CXVIII.
470 3917 652 3992 CXVIlIl.

219 4029 267 4102 Ut
282 4028 395 4102 annui
408 4029 568 4104 redditus
582 4031 876 4128 patrimoniorum
888 4056 910 4106 a
923 4033 1071 4108 notariis
1083 4033 1340 4109 describantur.
1354 4035 1440 4133 Cap.

288 4144 434 4217 LXXV.
451 4145 561 4219 XCII.

220 4258 268 4330 Ut
281 4257 577 4353 patrimoniorum
596 4270 749 4336 rectores
765 4285 827 4359 per
852 4259 1018 4357 singulas
1042 4259 1255 4336 indictiones
1279 4261 1440 4338 desusce-

288 4379 388 4465 ptum
417 4372 597 4469 accipiant
621 4383 657 4448 et
681 4373 975 4472 patrimoniorum
1001 4377 1234 4452 conductores
1263 4376 1439 4453 similiter.

288 4481 371 4580 Cap.
391 4484 448 4559 Cl.
467 4485 539 4560 Cll.
558 4487 648 4562 CIII.
667 4488 812 4563 CVIIII.
830 4489 922 4564 CXI.
