3642 5294
704 437 752 446 --
779 413 844 465 XIX
870 437 919 448 --

198 544 403 660 usitata,
441 544 533 668 quo
566 550 776 671 tempore
812 549 980 644 titulus
1013 549 1347 672 Apostolorum
1380 551 1428 645 in

198 709 432 827 Eudoxio,
450 711 644 832 antiqua
661 713 968 834 appellatione
988 713 1195 830 dimissa,
1212 741 1254 809 s.
1273 714 1434 810 Petri

197 873 273 968 od
298 871 514 968 celocula
538 875 641 996 jam
675 876 1055 998 nuncupabatur,
1078 877 1180 969 tum
1205 875 1345 969 etiam
1368 905 1427 969 ex

196 1035 399 1130 nomine·
419 1035 684 1152 onolacco,
721 1065 812 1160 quo
852 1066 976 1132 unus
1010 1037 1175 1132 titulus
1206 1035 1278 1130 Ss.
1302 1036 1429 1159 Apo-

195 1200 424 1295 stolorum
458 1201 604 1325 supra
635 1199 838 1321 reliquos
877 1201 1199 1322 distinguitur,
1231 1204 1277 1296 et
1314 1202 1429 1295 Bes-

195 1361 370 1456 sarioni
393 1361 441 1456 in
463 1363 754 1486 promotione
787 1363 846 1459 ad
881 1363 1236 1458 Cardinalitiam
1275 1363 1428 1484 digni-

195 1527 343 1620 tatem
375 1527 581 1621 tributus
614 1525 714 1622 luit.

325 1687 430 1780 Hac
457 1716 541 1781 nos
565 1687 763 1782 editione
785 1716 1029 1782 sacrorum
1055 1690 1302 1783 Oanonum
1325 1692 1426 1785 stu-

197 1847 355 1964 diosiS,
371 1848 650 1970 praesertim
668 1849 949 1956 adventante
967 1879 1101 1944 sacro
1121 1849 1328 1944 Concilio
1351 1881 1426 1946 oe-
1513 1956 1519 1968 ,

195 2009 455 2127 cumenico,
478 2011 601 2132 quod
624 2014 814 2106 auctore
837 2010 1034 2106 Summo
1057 2011 1287 2106 Pontifice
1309 2011 1422 2106 PlO

194 2171 271 2265 IX
288 2172 335 2266 in
353 2172 586 2266 Vaticana
605 2172 940 2296 Apostolorum
963 2172 1199 2296 Principis
1222 2173 1426 2274 Basilica

194 2334 424 2430 indictum
447 2338 533 2446 est,
550 2364 672 2430 nora
694 2339 1002 2430 monumenta
1023 2335 1304 2430 illustranda
1318 2364 1425 2458 pro-

195 2497 431 2622 ponimuS,
454 2500 626 2622 quitus
649 2498 887 2594 Ecclesiae
911 2497 1178 2594 Catholicae
1205 2499 1422 2593 sensibus

194 2661 244 2756 in
267 2664 580 2760 ecclesiastica
597 2662 842 2785 disciplina
859 2663 1131 2757 adornanda
1147 2690 1270 2759 nova
1286 2691 1422 2784 seges

195 2823 535 2945 suppeditetur,
558 2828 698 2946 atque
720 2824 939 2945 exiguus,
963 2853 1102 2947 quern
1125 2825 1422 2946 pertulimuS,

194 2985 326 3079 labor
341 2985 391 3080 in
407 2987 496 3082 Dei
513 2987 842 3111 omnipotentis
859 2987 1058 3108 gloriam
1077 2987 1210 3082 cedat
1227 2989 1421 3110 ejusque

195 3144 434 3244 Ecclesiae
457 3152 677 3246 benerert
708 3156 740 3245 t.
