<?xml version="1.0" encoding="UTF-8"?>
<!DOCTYPE html PUBLIC "-//W3C//DTD XHTML 1.0 Transitional//EN"
    "http://www.w3.org/TR/xhtml1/DTD/xhtml1-transitional.dtd">
<html xmlns="http://www.w3.org/1999/xhtml" xml:lang="en" lang="en">
 <head>
  <title>
</title>
<meta http-equiv="Content-Type" content="text/html;charset=utf-8" />
  <meta name='ocr-system' content='tesseract 3.04.00' />
  <meta name='ocr-capabilities' content='ocr_page ocr_carea ocr_par ocr_line ocrx_word'/>
</head>
<body>
  <div class='ocr_page' id='page_1' title='image "./deusdeditpresby00martgoog_0299.png"; bbox 0 0 3618 5316; ppageno 0'>
   <div class='ocr_carea' id='block_1_1' title="bbox 915 396 1112 464">
    <p class='ocr_par' dir='ltr' id='par_1_1' title="bbox 915 396 1112 464">
     <span class='ocr_line' id='line_1_1' title="bbox 915 396 1112 464; baseline -0.02 -1"><span class='ocrx_word' id='word_1_1' title='bbox 915 396 1112 464; x_wconf 76' lang='lat'><strong>-274-</strong></span> 
     </span>
    </p>
   </div>
   <div class='ocr_carea' id='block_1_2' title="bbox 403 513 1632 1408">
    <p class='ocr_par' dir='ltr' id='par_1_2' title="bbox 403 513 1632 1408">
     <span class='ocr_line' id='line_1_2' title="bbox 406 513 1631 616; baseline 0.004 -28"><span class='ocrx_word' id='word_1_2' title='bbox 406 513 603 612; x_wconf 90' lang='lat' dir='ltr'>unicuique</span> <span class='ocrx_word' id='word_1_3' title='bbox 619 513 703 588; x_wconf 86' lang='lat' dir='ltr'>dere</span> <span class='ocrx_word' id='word_1_4' title='bbox 728 515 960 612; x_wconf 79' lang='lat' dir='ltr'>prospexeris,</span> <span class='ocrx_word' id='word_1_5' title='bbox 976 517 1054 592; x_wconf 89' lang='lat' dir='ltr'>sine</span> <span class='ocrx_word' id='word_1_6' title='bbox 1080 516 1200 615; x_wconf 85' lang='lat' dir='ltr'>aliqua</span> <span class='ocrx_word' id='word_1_7' title='bbox 1222 519 1378 616; x_wconf 85' lang='lat' dir='ltr'>proebere</span> <span class='ocrx_word' id='word_1_8' title='bbox 1395 520 1500 596; x_wconf 87' lang='lat' dir='ltr'>debes</span> <span class='ocrx_word' id='word_1_9' title='bbox 1517 521 1631 595; x_wconf 82' lang='lat' dir='ltr'>tardi-</span> 
     </span>
     <span class='ocr_line' id='line_1_3' title="bbox 406 627 1632 733; baseline 0.008 -32"><span class='ocrx_word' id='word_1_10' title='bbox 406 636 490 702; x_wconf 84' lang='lat' dir='ltr'><strong>tate.</strong></span> <span class='ocrx_word' id='word_1_11' title='bbox 515 628 613 702; x_wconf 88' lang='lat' dir='ltr'>Idem</span> <span class='ocrx_word' id='word_1_12' title='bbox 636 627 839 702; x_wconf 73' lang='lat' dir='ltr'>Gaudentio</span> <span class='ocrx_word' id='word_1_13' title='bbox 855 629 1016 727; x_wconf 89' lang='lat' dir='ltr'>episcopo</span> <span class='ocrx_word' id='word_1_14' title='bbox 1034 631 1180 707; x_wconf 89' lang='lat' dir='ltr'>Nolano.</span> <span class='ocrx_word' id='word_1_15' title='bbox 1199 633 1351 709; x_wconf 86' lang='lat' dir='ltr'>Clericis</span> <span class='ocrx_word' id='word_1_16' title='bbox 1368 635 1548 733; x_wconf 83' lang='lat' dir='ltr'>Capuanae</span> <span class='ocrx_word' id='word_1_17' title='bbox 1559 661 1632 710; x_wconf 85' lang='lat' dir='ltr'>aec·</span> 
     </span>
     <span class='ocr_line' id='line_1_4' title="bbox 406 739 1631 846; baseline 0.007 -31"><span class='ocrx_word' id='word_1_18' title='bbox 406 739 524 815; x_wconf 84' lang='lat' dir='ltr'>clesiae</span> <span class='ocrx_word' id='word_1_19' title='bbox 537 741 598 838; x_wconf 92' lang='lat' dir='ltr'>qui</span> <span class='ocrx_word' id='word_1_20' title='bbox 612 740 649 813; x_wconf 94' lang='lat' dir='ltr'>in</span> <span class='ocrx_word' id='word_1_21' title='bbox 662 741 897 838; x_wconf 87' lang='lat' dir='ltr'>Neapolitana</span> <span class='ocrx_word' id='word_1_22' title='bbox 915 741 1062 819; x_wconf 89' lang='lat' dir='ltr'>civitate</span> <span class='ocrx_word' id='word_1_23' title='bbox 1080 746 1294 836; x_wconf 89' lang='lat' dir='ltr'>consistunt,</span> <span class='ocrx_word' id='word_1_24' title='bbox 1312 757 1476 845; x_wconf 81' lang='lat' dir='ltr'>quartam</span> <span class='ocrx_word' id='word_1_25' title='bbox 1494 749 1533 821; x_wconf 91' lang='lat' dir='ltr'>in</span> <span class='ocrx_word' id='word_1_26' title='bbox 1550 773 1631 846; x_wconf 90' lang='lat' dir='ltr'>pre·</span> 
     </span>
     <span class='ocr_line' id='line_1_5' title="bbox 403 852 1631 956; baseline 0.006 -29"><span class='ocrx_word' id='word_1_27' title='bbox 403 852 606 950; x_wconf 83' lang='lat' dir='ltr'>sbyterium</span> <span class='ocrx_word' id='word_1_28' title='bbox 623 865 678 928; x_wconf 92' lang='lat' dir='ltr'>est</span> <span class='ocrx_word' id='word_1_29' title='bbox 695 853 737 928; x_wconf 92' lang='lat' dir='ltr'>de</span> <span class='ocrx_word' id='word_1_30' title='bbox 754 853 821 928; x_wconf 90' lang='lat' dir='ltr'>hoc</span> <span class='ocrx_word' id='word_1_31' title='bbox 839 855 930 952; x_wconf 92' lang='lat' dir='ltr'>quod</span> <span class='ocrx_word' id='word_1_32' title='bbox 947 858 1136 933; x_wconf 79' lang='lat' dir='ltr'>antedictae</span> <span class='ocrx_word' id='word_1_33' title='bbox 1152 859 1325 935; x_wconf 86' lang='lat' dir='ltr'>eecclesiae</span> <span class='ocrx_word' id='word_1_34' title='bbox 1346 861 1503 956; x_wconf 89' lang='lat' dir='ltr'>singulis</span> <span class='ocrx_word' id='word_1_35' title='bbox 1519 861 1631 935; x_wconf 90' lang='lat' dir='ltr'>annis</span> 
     </span>
     <span class='ocr_line' id='line_1_6' title="bbox 405 967 1629 1066; baseline 0.006 -26"><span class='ocrx_word' id='word_1_36' title='bbox 405 967 606 1057; x_wconf 86' lang='lat' dir='ltr'>accesserit,</span> <span class='ocrx_word' id='word_1_37' title='bbox 615 967 716 1042; x_wconf 83' lang='lat' dir='ltr'>iuxta</span> <span class='ocrx_word' id='word_1_38' title='bbox 725 967 910 1066; x_wconf 87' lang='lat' dir='ltr'>antiquam</span> <span class='ocrx_word' id='word_1_39' title='bbox 923 971 1218 1046; x_wconf 83' lang='lat' dir='ltr'><strong>consuetudinem</strong></span> <span class='ocrx_word' id='word_1_40' title='bbox 1233 973 1417 1063; x_wconf 88' lang='lat' dir='ltr'>distribue,</span> <span class='ocrx_word' id='word_1_41' title='bbox 1426 975 1629 1050; x_wconf 90' lang='lat' dir='ltr'>secundum</span> 
     </span>
     <span class='ocr_line' id='line_1_7' title="bbox 405 1081 1632 1182; baseline 0.007 -29"><span class='ocrx_word' id='word_1_42' title='bbox 405 1103 635 1176; x_wconf 89' lang='lat' dir='ltr'>personarum</span> <span class='ocrx_word' id='word_1_43' title='bbox 654 1081 876 1179; x_wconf 78' lang='lat' dir='ltr'>qualitatem,</span> <span class='ocrx_word' id='word_1_44' title='bbox 892 1093 934 1157; x_wconf 90' lang='lat' dir='ltr'>ut</span> <span class='ocrx_word' id='word_1_45' title='bbox 951 1083 1094 1181; x_wconf 82' lang='lat' dir='ltr'>aliquod</span> <span class='ocrx_word' id='word_1_46' title='bbox 1110 1085 1366 1182; x_wconf 84' lang='lat' dir='ltr'><strong>stipendiorum</strong></span> <span class='ocrx_word' id='word_1_47' title='bbox 1385 1085 1557 1162; x_wconf 89' lang='lat' dir='ltr'>habentes</span> <span class='ocrx_word' id='word_1_48' title='bbox 1572 1111 1632 1161; x_wconf 90' lang='lat' dir='ltr'>so·</span> 
     </span>
     <span class='ocr_line' id='line_1_8' title="bbox 404 1193 1632 1296; baseline 0.008 -30"><span class='ocrx_word' id='word_1_49' title='bbox 404 1193 536 1269; x_wconf 82' lang='lat' dir='ltr'>lucium</span> <span class='ocrx_word' id='word_1_50' title='bbox 563 1195 803 1270; x_wconf 89' lang='lat' dir='ltr'>ministerium</span> <span class='ocrx_word' id='word_1_51' title='bbox 829 1197 1055 1296; x_wconf 85' lang='lat' dir='ltr'>officiumque</span> <span class='ocrx_word' id='word_1_52' title='bbox 1080 1224 1186 1272; x_wconf 91' lang='lat' dir='ltr'>suum</span> <span class='ocrx_word' id='word_1_53' title='bbox 1212 1200 1311 1274; x_wconf 88' lang='lat' dir='ltr'>circa</span> <span class='ocrx_word' id='word_1_54' title='bbox 1336 1201 1485 1276; x_wconf 86' lang='lat' dir='ltr'>eandem</span> <span class='ocrx_word' id='word_1_55' title='bbox 1502 1200 1632 1276; x_wconf 87' lang='lat' dir='ltr'>aeccle-</span> 
     </span>
     <span class='ocr_line' id='line_1_9' title="bbox 406 1308 910 1408; baseline 0.014 -28"><span class='ocrx_word' id='word_1_56' title='bbox 406 1308 495 1381; x_wconf 89' lang='lat' dir='ltr'>siam</span> <span class='ocrx_word' id='word_1_57' title='bbox 514 1309 677 1384; x_wconf 87' lang='lat' dir='ltr'>devotius</span> <span class='ocrx_word' id='word_1_58' title='bbox 693 1309 910 1408; x_wconf 80' lang='lat' dir='ltr'>impendant.</span> 
     </span>
    </p>
   </div>
   <div class='ocr_carea' id='block_1_3' title="bbox 941 1453 1093 1540">
    <p class='ocr_par' dir='ltr' id='par_1_3' title="bbox 941 1453 1093 1540">
     <span class='ocr_line' id='line_1_10' title="bbox 941 1453 1093 1540; baseline -0.013 -1"><span class='ocrx_word' id='word_1_59' title='bbox 941 1453 1093 1540; x_wconf 83' lang='lat' dir='ltr'>LXXXI.</span> 
     </span>
    </p>
   </div>
   <div class='ocr_carea' id='block_1_4' title="bbox 402 1651 1629 2202">
    <p class='ocr_par' dir='ltr' id='par_1_4' title="bbox 402 1651 1629 2202">
     <span class='ocr_line' id='line_1_11' title="bbox 500 1651 1629 1754; baseline 0.005 -30"><span class='ocrx_word' id='word_1_60' title='bbox 500 1651 697 1748; x_wconf 85' lang='lat' dir='ltr'>Gregorius</span> <span class='ocrx_word' id='word_1_61' title='bbox 726 1652 875 1727; x_wconf 86' lang='lat' dir='ltr'>Iohanni</span> <span class='ocrx_word' id='word_1_62' title='bbox 902 1653 1153 1729; x_wconf 83' lang='lat' dir='ltr'>Panormitano</span> <span class='ocrx_word' id='word_1_63' title='bbox 1184 1655 1354 1754; x_wconf 90' lang='lat' dir='ltr'>episcopo.</span> <span class='ocrx_word' id='word_1_64' title='bbox 1380 1656 1629 1732; x_wconf 88' lang='lat' dir='ltr'>Possessiones</span> 
     </span>
     <span class='ocr_line' id='line_1_12' title="bbox 404 1763 1629 1867; baseline 0.008 -31"><span class='ocrx_word' id='word_1_65' title='bbox 404 1763 521 1860; x_wconf 85' lang='lat' dir='ltr'>igitur</span> <span class='ocrx_word' id='word_1_66' title='bbox 537 1765 567 1838; x_wconf 89' lang='lat' dir='ltr'>si</span> <span class='ocrx_word' id='word_1_67' title='bbox 586 1790 665 1863; x_wconf 86' lang='lat' dir='ltr'>queo</span> <span class='ocrx_word' id='word_1_68' title='bbox 690 1777 777 1842; x_wconf 89' lang='lat' dir='ltr'>sunt</span> <span class='ocrx_word' id='word_1_69' title='bbox 801 1766 872 1840; x_wconf 87' lang='lat' dir='ltr'>alia</span> <span class='ocrx_word' id='word_1_70' title='bbox 897 1767 1137 1845; x_wconf 87' lang='lat' dir='ltr'>ecclesiastico</span> <span class='ocrx_word' id='word_1_71' title='bbox 1161 1769 1232 1842; x_wconf 90' lang='lat' dir='ltr'>iuri</span> <span class='ocrx_word' id='word_1_72' title='bbox 1257 1771 1495 1867; x_wconf 84' lang='lat' dir='ltr'>competentia</span> <span class='ocrx_word' id='word_1_73' title='bbox 1519 1780 1555 1846; x_wconf 90' lang='lat' dir='ltr'>et</span> <span class='ocrx_word' id='word_1_74' title='bbox 1577 1771 1629 1846; x_wconf 85' lang='lat' dir='ltr'>ab</span> 
     </span>
     <span class='ocr_line' id='line_1_13' title="bbox 404 1879 1627 1970; baseline 0.001 -18"><span class='ocrx_word' id='word_1_75' title='bbox 404 1879 584 1954; x_wconf 87' lang='lat' dir='ltr'>extraneis</span> <span class='ocrx_word' id='word_1_76' title='bbox 601 1880 757 1955; x_wconf 85' lang='lat' dir='ltr'>indebite</span> <span class='ocrx_word' id='word_1_77' title='bbox 781 1879 997 1970; x_wconf 75' lang='lat' dir='ltr'>detinentur,</span> <span class='ocrx_word' id='word_1_78' title='bbox 1014 1906 1097 1955; x_wconf 94' lang='lat' dir='ltr'>cum</span> <span class='ocrx_word' id='word_1_79' title='bbox 1122 1880 1218 1954; x_wconf 92' lang='lat' dir='ltr'>omni</span> <span class='ocrx_word' id='word_1_80' title='bbox 1240 1881 1357 1956; x_wconf 89' lang='lat' dir='ltr'>studio</span> <span class='ocrx_word' id='word_1_81' title='bbox 1373 1893 1515 1956; x_wconf 85' lang='lat' dir='ltr'>servata</span> <span class='ocrx_word' id='word_1_82' title='bbox 1532 1881 1627 1956; x_wconf 60' lang='lat' dir='ltr'>ciriss</span> 
     </span>
     <span class='ocr_line' id='line_1_14' title="bbox 402 1989 1627 2092; baseline 0.003 -30"><span class='ocrx_word' id='word_1_83' title='bbox 402 1989 514 2080; x_wconf 86' lang='lat' dir='ltr'>litate,</span> <span class='ocrx_word' id='word_1_84' title='bbox 531 1993 568 2064; x_wconf 94' lang='lat' dir='ltr'>in</span> <span class='ocrx_word' id='word_1_85' title='bbox 594 1992 652 2066; x_wconf 88' lang='lat' dir='ltr'>ius</span> <span class='ocrx_word' id='word_1_86' title='bbox 668 1992 839 2069; x_wconf 78' lang='lat' dir='ltr'>aeoclesiar</span> <span class='ocrx_word' id='word_1_87' title='bbox 861 2003 933 2068; x_wconf 87' lang='lat' dir='ltr'>tuae</span> <span class='ocrx_word' id='word_1_88' title='bbox 950 2018 1116 2092; x_wconf 85' lang='lat' dir='ltr'>reparare</span> <span class='ocrx_word' id='word_1_89' title='bbox 1142 1993 1283 2084; x_wconf 85' lang='lat' dir='ltr'>festina,</span> <span class='ocrx_word' id='word_1_90' title='bbox 1301 2004 1342 2068; x_wconf 92' lang='lat' dir='ltr'>ut</span> <span class='ocrx_word' id='word_1_91' title='bbox 1367 1993 1567 2091; x_wconf 82' lang='lat' dir='ltr'>neglegens</span> <span class='ocrx_word' id='word_1_92' title='bbox 1584 1994 1627 2066; x_wconf 91' lang='lat' dir='ltr'>in</span> 
     </span>
     <span class='ocr_line' id='line_1_15' title="bbox 402 2104 887 2202; baseline 0.004 -25"><span class='ocrx_word' id='word_1_93' title='bbox 402 2104 521 2202; x_wconf 89' lang='lat' dir='ltr'>aliquo</span> <span class='ocrx_word' id='word_1_94' title='bbox 537 2104 652 2180; x_wconf 86' lang='lat' dir='ltr'>videri</span> <span class='ocrx_word' id='word_1_95' title='bbox 669 2129 740 2180; x_wconf 91' lang='lat' dir='ltr'>non</span> <span class='ocrx_word' id='word_1_96' title='bbox 757 2105 887 2182; x_wconf 89' lang='lat' dir='ltr'>valeas.</span> 
     </span>
    </p>
   </div>
   <div class='ocr_carea' id='block_1_5' title="bbox 931 2247 1102 2331">
    <p class='ocr_par' dir='ltr' id='par_1_5' title="bbox 931 2247 1102 2331">
     <span class='ocr_line' id='line_1_16' title="bbox 931 2247 1102 2331; baseline -0.006 0"><span class='ocrx_word' id='word_1_97' title='bbox 931 2247 1102 2331; x_wconf 84' lang='lat' dir='ltr'>LXXXII.</span> 
     </span>
    </p>
   </div>
   <div class='ocr_carea' id='block_1_6' title="bbox 399 2445 1625 3336">
    <p class='ocr_par' dir='ltr' id='par_1_6' title="bbox 399 2445 1625 3336">
     <span class='ocr_line' id='line_1_17' title="bbox 497 2445 1624 2544; baseline -0.002 -24"><span class='ocrx_word' id='word_1_98' title='bbox 497 2447 695 2542; x_wconf 82' lang='lat' dir='ltr'>Gregorius</span> <span class='ocrx_word' id='word_1_99' title='bbox 713 2448 873 2522; x_wconf 85' lang='lat' dir='ltr'>Castorio</span> <span class='ocrx_word' id='word_1_100' title='bbox 890 2447 1061 2544; x_wconf 88' lang='lat' dir='ltr'>episcopo.</span> <span class='ocrx_word' id='word_1_101' title='bbox 1076 2445 1251 2520; x_wconf 89' lang='lat' dir='ltr'>Abbatom</span> <span class='ocrx_word' id='word_1_102' title='bbox 1272 2469 1357 2521; x_wconf 85' lang='lat' dir='ltr'>vero</span> <span class='ocrx_word' id='word_1_103' title='bbox 1373 2447 1534 2522; x_wconf 82' lang='lat' dir='ltr'>eiusdem</span> <span class='ocrx_word' id='word_1_104' title='bbox 1552 2469 1624 2519; x_wconf 91' lang='lat' dir='ltr'>mo-</span> 
     </span>
     <span class='ocr_line' id='line_1_18' title="bbox 400 2557 1625 2658; baseline 0.001 -28"><span class='ocrx_word' id='word_1_105' title='bbox 400 2559 562 2648; x_wconf 85' lang='lat' dir='ltr'>nasterii,</span> <span class='ocrx_word' id='word_1_106' title='bbox 578 2584 647 2634; x_wconf 95' lang='lat' dir='ltr'>non</span> <span class='ocrx_word' id='word_1_107' title='bbox 664 2560 778 2633; x_wconf 86' lang='lat' dir='ltr'>alium</span> <span class='ocrx_word' id='word_1_108' title='bbox 795 2561 856 2636; x_wconf 87' lang='lat' dir='ltr'>sed</span> <span class='ocrx_word' id='word_1_109' title='bbox 877 2583 984 2658; x_wconf 90' lang='lat' dir='ltr'>quem</span> <span class='ocrx_word' id='word_1_110' title='bbox 1009 2558 1161 2654; x_wconf 90' lang='lat' dir='ltr'>dignum</span> <span class='ocrx_word' id='word_1_111' title='bbox 1188 2557 1345 2632; x_wconf 88' lang='lat' dir='ltr'>moribus</span> <span class='ocrx_word' id='word_1_112' title='bbox 1370 2568 1406 2634; x_wconf 92' lang='lat' dir='ltr'>et</span> <span class='ocrx_word' id='word_1_113' title='bbox 1422 2569 1544 2634; x_wconf 83' lang='lat' dir='ltr'>actum</span> <span class='ocrx_word' id='word_1_114' title='bbox 1571 2559 1625 2632; x_wconf 92' lang='lat' dir='ltr'>di-</span> 
     </span>
     <span class='ocr_line' id='line_1_19' title="bbox 400 2671 1624 2770; baseline 0.002 -26"><span class='ocrx_word' id='word_1_115' title='bbox 400 2671 551 2768; x_wconf 90' lang='lat' dir='ltr'>scipline</span> <span class='ocrx_word' id='word_1_116' title='bbox 575 2674 780 2748; x_wconf 84' lang='lat' dir='ltr'>monasticae</span> <span class='ocrx_word' id='word_1_117' title='bbox 802 2673 983 2749; x_wconf 91' lang='lat' dir='ltr'>communi</span> <span class='ocrx_word' id='word_1_118' title='bbox 1005 2695 1181 2747; x_wconf 87' lang='lat' dir='ltr'>consensu</span> <span class='ocrx_word' id='word_1_119' title='bbox 1209 2673 1443 2768; x_wconf 87' lang='lat' dir='ltr'>congregatio</span> <span class='ocrx_word' id='word_1_120' title='bbox 1468 2683 1542 2747; x_wconf 84' lang='lat' dir='ltr'>tota</span> <span class='ocrx_word' id='word_1_121' title='bbox 1566 2695 1624 2770; x_wconf 84' lang='lat' dir='ltr'>po</span> 
     </span>
     <span class='ocr_line' id='line_1_20' title="bbox 401 2785 1623 2884; baseline -0.002 -25"><span class='ocrx_word' id='word_1_122' title='bbox 401 2788 553 2882; x_wconf 85' lang='lat' dir='ltr'>poscerit</span> <span class='ocrx_word' id='word_1_123' title='bbox 576 2787 732 2861; x_wconf 88' lang='lat' dir='ltr'>ordinari</span> <span class='ocrx_word' id='word_1_124' title='bbox 758 2788 936 2862; x_wconf 83' lang='lat' dir='ltr'>volumus.</span> <span class='ocrx_word' id='word_1_125' title='bbox 976 2786 1107 2860; x_wconf 87' lang='lat' dir='ltr'>Missas</span> <span class='ocrx_word' id='word_1_126' title='bbox 1131 2796 1252 2861; x_wconf 89' lang='lat' dir='ltr'>autem</span> <span class='ocrx_word' id='word_1_127' title='bbox 1278 2786 1354 2861; x_wconf 87' lang='lat' dir='ltr'>illio</span> <span class='ocrx_word' id='word_1_128' title='bbox 1379 2785 1541 2884; x_wconf 89' lang='lat' dir='ltr'>publicas</span> <span class='ocrx_word' id='word_1_129' title='bbox 1561 2810 1623 2882; x_wconf 90' lang='lat' dir='ltr'>per</span> 
     </span>
     <span class='ocr_line' id='line_1_21' title="bbox 400 2899 1620 2998; baseline -0.002 -24"><span class='ocrx_word' id='word_1_130' title='bbox 400 2899 579 2997; x_wconf 91' lang='lat' dir='ltr'>episcopos</span> <span class='ocrx_word' id='word_1_131' title='bbox 596 2901 672 2975; x_wconf 90' lang='lat' dir='ltr'>fieri</span> <span class='ocrx_word' id='word_1_132' title='bbox 698 2902 794 2974; x_wconf 91' lang='lat' dir='ltr'>omni</span> <span class='ocrx_word' id='word_1_133' title='bbox 824 2901 925 2975; x_wconf 92' lang='lat' dir='ltr'>modo</span> <span class='ocrx_word' id='word_1_134' title='bbox 954 2899 1193 2998; x_wconf 91' lang='lat' dir='ltr'>prohibemus,</span> <span class='ocrx_word' id='word_1_135' title='bbox 1219 2925 1263 2974; x_wconf 91' lang='lat' dir='ltr'>ne</span> <span class='ocrx_word' id='word_1_136' title='bbox 1287 2899 1326 2973; x_wconf 92' lang='lat' dir='ltr'>in</span> <span class='ocrx_word' id='word_1_137' title='bbox 1352 2924 1538 2974; x_wconf 88' lang='lat' dir='ltr'>servorum</span> <span class='ocrx_word' id='word_1_138' title='bbox 1556 2899 1620 2973; x_wconf 88' lang='lat' dir='ltr'>Dei</span> 
     </span>
     <span class='ocr_line' id='line_1_22' title="bbox 399 3011 1619 3112; baseline 0 -28"><span class='ocrx_word' id='word_1_139' title='bbox 399 3012 598 3087; x_wconf 80' lang='lat' dir='ltr'>recessibus</span> <span class='ocrx_word' id='word_1_140' title='bbox 627 3013 855 3112; x_wconf 91' lang='lat' dir='ltr'>popularibus</span> <span class='ocrx_word' id='word_1_141' title='bbox 883 3013 1025 3088; x_wconf 84' lang='lat' dir='ltr'>occasio</span> <span class='ocrx_word' id='word_1_142' title='bbox 1054 3011 1254 3112; x_wconf 74' lang='lat' dir='ltr'>prebeatur</span> <span class='ocrx_word' id='word_1_143' title='bbox 1272 3012 1346 3085; x_wconf 88' lang='lat' dir='ltr'>nlla</span> <span class='ocrx_word' id='word_1_144' title='bbox 1370 3012 1619 3100; x_wconf 90' lang='lat' dir='ltr'>conventibus,</span> 
     </span>
     <span class='ocr_line' id='line_1_23' title="bbox 403 3123 1620 3222; baseline -0.003 -23"><span class='ocrx_word' id='word_1_145' title='bbox 403 3125 463 3200; x_wconf 90' lang='lat' dir='ltr'>vel</span> <span class='ocrx_word' id='word_1_146' title='bbox 481 3125 672 3202; x_wconf 86' lang='lat' dir='ltr'>mulierum</span> <span class='ocrx_word' id='word_1_147' title='bbox 691 3128 753 3202; x_wconf 86' lang='lat' dir='ltr'>fiat</span> <span class='ocrx_word' id='word_1_148' title='bbox 769 3151 883 3201; x_wconf 86' lang='lat' dir='ltr'>novus</span> <span class='ocrx_word' id='word_1_149' title='bbox 900 3127 1080 3214; x_wconf 81' lang='lat' dir='ltr'>introitus,</span> <span class='ocrx_word' id='word_1_150' title='bbox 1093 3135 1129 3200; x_wconf 88' lang='lat' dir='ltr'>et</span> <span class='ocrx_word' id='word_1_151' title='bbox 1149 3125 1385 3222; x_wconf 85' lang='lat' dir='ltr'>simpliciores</span> <span class='ocrx_word' id='word_1_152' title='bbox 1401 3151 1445 3200; x_wconf 84' lang='lat' dir='ltr'>ex</span> <span class='ocrx_word' id='word_1_153' title='bbox 1460 3123 1528 3199; x_wconf 91' lang='lat' dir='ltr'>hoc</span> <span class='ocrx_word' id='word_1_154' title='bbox 1544 3123 1620 3196; x_wconf 90' lang='lat' dir='ltr'>ani-</span> 
     </span>
     <span class='ocr_line' id='line_1_24' title="bbox 401 3237 1357 3336; baseline 0.002 -26"><span class='ocrx_word' id='word_1_155' title='bbox 401 3237 710 3336; x_wconf 85' lang='lat' dir='ltr'>masplerumque</span> <span class='ocrx_word' id='word_1_156' title='bbox 727 3239 818 3336; x_wconf 89' lang='lat' dir='ltr'>quod</span> <span class='ocrx_word' id='word_1_157' title='bbox 835 3238 930 3314; x_wconf 88' lang='lat' dir='ltr'>absit</span> <span class='ocrx_word' id='word_1_158' title='bbox 946 3237 984 3312; x_wconf 90' lang='lat' dir='ltr'>in</span> <span class='ocrx_word' id='word_1_159' title='bbox 1001 3237 1210 3314; x_wconf 89' lang='lat' dir='ltr'>scandalum</span> <span class='ocrx_word' id='word_1_160' title='bbox 1227 3239 1357 3314; x_wconf 86' lang='lat' dir='ltr'>trahat.</span> 
     </span>
    </p>
   </div>
   <div class='ocr_carea' id='block_1_7' title="bbox 915 3463 1213 3598">
    <p class='ocr_par' dir='ltr' id='par_1_7' title="bbox 915 3463 1213 3598">
     <span class='ocr_line' id='line_1_25' title="bbox 915 3463 1213 3598; baseline -0.007 -50"><span class='ocrx_word' id='word_1_161' title='bbox 915 3463 1104 3548; x_wconf 80' lang='lat' dir='ltr'>nxnxm.</span> <span class='ocrx_word' id='word_1_162' title='bbox 1210 3593 1213 3598; x_wconf 15' lang='grc' dir='ltr'>Ι</span> 
     </span>
    </p>
   </div>
   <div class='ocr_carea' id='block_1_8' title="bbox 396 3689 1622 4576">
    <p class='ocr_par' dir='ltr' id='par_1_8' title="bbox 396 3689 1622 4576">
     <span class='ocr_line' id='line_1_26' title="bbox 496 3689 1621 3785; baseline -0.003 -22"><span class='ocrx_word' id='word_1_163' title='bbox 496 3691 692 3785; x_wconf 86' lang='lat' dir='ltr'>Gregorius</span> <span class='ocrx_word' id='word_1_164' title='bbox 706 3692 810 3764; x_wconf 88' lang='lat' dir='ltr'>Petro</span> <span class='ocrx_word' id='word_1_165' title='bbox 822 3689 1045 3765; x_wconf 87' lang='lat' dir='ltr'>subdiacono.</span> <span class='ocrx_word' id='word_1_166' title='bbox 1055 3693 1152 3764; x_wconf 90' lang='lat' dir='ltr'>Inter</span> <span class='ocrx_word' id='word_1_167' title='bbox 1165 3699 1304 3764; x_wconf 83' lang='lat' dir='ltr'>caetera.</span> <span class='ocrx_word' id='word_1_168' title='bbox 1313 3691 1351 3762; x_wconf 90' lang='lat' dir='ltr'>Si</span> <span class='ocrx_word' id='word_1_169' title='bbox 1367 3689 1621 3764; x_wconf 87' lang='lat' dir='ltr'>monasterinm</span> 
     </span>
     <span class='ocr_line' id='line_1_27' title="bbox 397 3799 1621 3900; baseline -0.002 -26"><span class='ocrx_word' id='word_1_170' title='bbox 397 3801 619 3900; x_wconf 67' lang='lat' dir='ltr'>prephatum</span> <span class='ocrx_word' id='word_1_171' title='bbox 636 3803 752 3877; x_wconf 90' lang='lat' dir='ltr'>sancti</span> <span class='ocrx_word' id='word_1_172' title='bbox 769 3801 940 3878; x_wconf 82' lang='lat' dir='ltr'>Theodori</span> <span class='ocrx_word' id='word_1_173' title='bbox 957 3803 1045 3876; x_wconf 90' lang='lat' dir='ltr'>fines</span> <span class='ocrx_word' id='word_1_174' title='bbox 1061 3800 1104 3876; x_wconf 93' lang='lat' dir='ltr'>de</span> <span class='ocrx_word' id='word_1_175' title='bbox 1120 3799 1251 3898; x_wconf 88' lang='lat' dir='ltr'>quibus</span> <span class='ocrx_word' id='word_1_176' title='bbox 1276 3801 1437 3875; x_wconf 87' lang='lat' dir='ltr'>causatio</span> <span class='ocrx_word' id='word_1_177' title='bbox 1454 3809 1549 3874; x_wconf 88' lang='lat' dir='ltr'>mota</span> <span class='ocrx_word' id='word_1_178' title='bbox 1565 3809 1621 3874; x_wconf 88' lang='lat' dir='ltr'>est</span> 
     </span>
     <span class='ocr_line' id='line_1_28' title="bbox 397 3913 1622 4014; baseline -0.005 -24"><span class='ocrx_word' id='word_1_179' title='bbox 397 3916 620 3992; x_wconf 87' lang='lat' dir='ltr'>inconcussis</span> <span class='ocrx_word' id='word_1_180' title='bbox 636 3919 701 3991; x_wconf 92' lang='lat' dir='ltr'>XL</span> <span class='ocrx_word' id='word_1_181' title='bbox 716 3916 821 3990; x_wconf 90' lang='lat' dir='ltr'>annis</span> <span class='ocrx_word' id='word_1_182' title='bbox 838 3915 1032 4014; x_wconf 87' lang='lat' dir='ltr'>possedisse</span> <span class='ocrx_word' id='word_1_183' title='bbox 1057 3913 1264 4010; x_wconf 85' lang='lat' dir='ltr'>reppereris,</span> <span class='ocrx_word' id='word_1_184' title='bbox 1290 3913 1428 3987; x_wconf 92' lang='lat' dir='ltr'>nullam</span> <span class='ocrx_word' id='word_1_185' title='bbox 1454 3913 1622 4010; x_wconf 89' lang='lat' dir='ltr'>deinceps</span> 
     </span>
     <span class='ocr_line' id='line_1_29' title="bbox 398 4021 1622 4126; baseline -0.005 -22"><span class='ocrx_word' id='word_1_186' title='bbox 398 4021 515 4104; x_wconf 51' lang='lat' dir='ltr'>etiam¹</span> <span class='ocrx_word' id='word_1_187' title='bbox 533 4029 564 4104; x_wconf 92' lang='lat' dir='ltr'>si</span> <span class='ocrx_word' id='word_1_188' title='bbox 582 4029 667 4126; x_wconf 91' lang='lat' dir='ltr'>quid</span> <span class='ocrx_word' id='word_1_189' title='bbox 683 4039 818 4104; x_wconf 77' lang='lat' dir='ltr'>sancta</span> <span class='ocrx_word' id='word_1_190' title='bbox 835 4033 1003 4104; x_wconf 80' lang='lat' dir='ltr'>Romame</span> <span class='ocrx_word' id='word_1_191' title='bbox 1020 4025 1190 4102; x_wconf 82' lang='lat' dir='ltr'>aecclesiae</span> <span class='ocrx_word' id='word_1_192' title='bbox 1207 4037 1404 4125; x_wconf 88' lang='lat' dir='ltr'>competere</span> <span class='ocrx_word' id='word_1_193' title='bbox 1421 4026 1547 4124; x_wconf 90' lang='lat' dir='ltr'>potuit,</span> <span class='ocrx_word' id='word_1_194' title='bbox 1563 4049 1622 4123; x_wconf 89' lang='lat' dir='ltr'>pa·</span> 
     </span>
     <span class='ocr_line' id='line_1_30' title="bbox 396 4139 1619 4237; baseline -0.002 -21"><span class='ocrx_word' id='word_1_195' title='bbox 396 4141 481 4216; x_wconf 88' lang='lat' dir='ltr'>tiari</span> <span class='ocrx_word' id='word_1_196' title='bbox 489 4143 668 4217; x_wconf 89' lang='lat' dir='ltr'>sustinere</span> <span class='ocrx_word' id='word_1_197' title='bbox 680 4141 910 4218; x_wconf 88' lang='lat' dir='ltr'>calumniam.</span> <span class='ocrx_word' id='word_1_198' title='bbox 920 4141 957 4214; x_wconf 84' lang='lat' dir='ltr'>Si</span> <span class='ocrx_word' id='word_1_199' title='bbox 968 4165 1051 4216; x_wconf 87' lang='lat' dir='ltr'>vero</span> <span class='ocrx_word' id='word_1_200' title='bbox 1064 4150 1200 4216; x_wconf 87' lang='lat' dir='ltr'>actores</span> <span class='ocrx_word' id='word_1_201' title='bbox 1213 4139 1384 4216; x_wconf 83' lang='lat' dir='ltr'>aecclesiae</span> <span class='ocrx_word' id='word_1_202' title='bbox 1393 4165 1464 4215; x_wconf 94' lang='lat' dir='ltr'>non</span> <span class='ocrx_word' id='word_1_203' title='bbox 1476 4163 1535 4214; x_wconf 89' lang='lat' dir='ltr'>eos</span> <span class='ocrx_word' id='word_1_204' title='bbox 1545 4163 1619 4237; x_wconf 90' lang='lat' dir='ltr'>pos·</span> 
     </span>
     <span class='ocr_line' id='line_1_31' title="bbox 398 4252 1619 4350; baseline -0.002 -24"><span class='ocrx_word' id='word_1_205' title='bbox 398 4253 542 4344; x_wconf 88' lang='lat' dir='ltr'>sedisse,</span> <span class='ocrx_word' id='word_1_206' title='bbox 554 4257 619 4328; x_wconf 89' lang='lat' dir='ltr'>XL</span> <span class='ocrx_word' id='word_1_207' title='bbox 630 4253 735 4328; x_wconf 91' lang='lat' dir='ltr'>annis</span> <span class='ocrx_word' id='word_1_208' title='bbox 752 4255 963 4328; x_wconf 86' lang='lat' dir='ltr'>inconcusso</span> <span class='ocrx_word' id='word_1_209' title='bbox 979 4252 1058 4328; x_wconf 91' lang='lat' dir='ltr'>iure</span> <span class='ocrx_word' id='word_1_210' title='bbox 1075 4252 1365 4340; x_wconf 86' lang='lat' dir='ltr'>monstraverint,</span> <span class='ocrx_word' id='word_1_211' title='bbox 1386 4253 1447 4328; x_wconf 90' lang='lat' dir='ltr'>sed</span> <span class='ocrx_word' id='word_1_212' title='bbox 1463 4253 1619 4350; x_wconf 84' lang='lat' dir='ltr'>aliquam</span> 
     </span>
     <span class='ocr_line' id='line_1_32' title="bbox 396 4363 1621 4464; baseline -0.002 -26"><span class='ocrx_word' id='word_1_213' title='bbox 396 4364 493 4440; x_wconf 89' lang='lat' dir='ltr'>intra</span> <span class='ocrx_word' id='word_1_214' title='bbox 505 4375 664 4464; x_wconf 89' lang='lat' dir='ltr'>tempora</span> <span class='ocrx_word' id='word_1_215' title='bbox 676 4365 754 4440; x_wconf 84' lang='lat' dir='ltr'>haec</span> <span class='ocrx_word' id='word_1_216' title='bbox 766 4375 896 4442; x_wconf 90' lang='lat' dir='ltr'>motam</span> <span class='ocrx_word' id='word_1_217' title='bbox 910 4365 1021 4440; x_wconf 86' lang='lat' dir='ltr'>fuisse</span> <span class='ocrx_word' id='word_1_218' title='bbox 1034 4363 1225 4462; x_wconf 92' lang='lat' dir='ltr'>aliquando</span> <span class='ocrx_word' id='word_1_219' title='bbox 1238 4363 1471 4461; x_wconf 86' lang='lat' dir='ltr'>questionem,</span> <span class='ocrx_word' id='word_1_220' title='bbox 1485 4387 1621 4439; x_wconf 90' lang='lat' dir='ltr'>eorum-</span> 
     </span>
     <span class='ocr_line' id='line_1_33' title="bbox 397 4475 1549 4576; baseline -0.001 -25"><span class='ocrx_word' id='word_1_221' title='bbox 397 4478 478 4553; x_wconf 89' lang='lat' dir='ltr'>dem</span> <span class='ocrx_word' id='word_1_222' title='bbox 498 4478 617 4552; x_wconf 90' lang='lat' dir='ltr'>linivit</span> <span class='ocrx_word' id='word_1_223' title='bbox 633 4475 759 4553; x_wconf 88' lang='lat' dir='ltr'>electis</span> <span class='ocrx_word' id='word_1_224' title='bbox 775 4477 922 4552; x_wconf 87' lang='lat' dir='ltr'>arbitris</span> <span class='ocrx_word' id='word_1_225' title='bbox 938 4476 1134 4576; x_wconf 90' lang='lat' dir='ltr'>tranquille</span> <span class='ocrx_word' id='word_1_226' title='bbox 1150 4487 1186 4551; x_wconf 89' lang='lat' dir='ltr'>et</span> <span class='ocrx_word' id='word_1_227' title='bbox 1198 4475 1367 4573; x_wconf 84' lang='lat' dir='ltr'>legaliter</span> <span class='ocrx_word' id='word_1_228' title='bbox 1378 4476 1549 4572; x_wconf 88' lang='lat' dir='ltr'>sopiatur.</span> 
     </span>
    </p>
   </div>
   <div class='ocr_carea' id='block_1_9' title="bbox 0 0 1814 5316">
    <p class='ocr_par' dir='ltr' id='par_1_9' title="bbox 0 0 1814 5316">
     <span class='ocr_line' id='line_1_34' title="bbox 0 0 1814 5316; baseline 0 3"><span class='ocrx_word' id='word_1_229' title='bbox 0 0 1814 5316; x_wconf 95' lang='lat' dir='ltr'> </span> 
     </span>
    </p>
   </div>
  </div>
 </body>
</html>
