3638 5294
895 407 1091 470 -486—

384 547 430 598 ne
457 546 527 598 non
554 533 790 600 removeatur.
820 525 857 600 Si
888 551 973 602 vero
997 527 1187 625 aliquando
1212 529 1367 604 defuerit
1396 529 1608 605 subtrahen-

380 660 443 721 sae,
454 635 617 710 restituto
635 637 672 708 in
690 638 939 713 communione
958 643 1214 740 epise0p0,ipse
1234 654 1457 718 removeatur
1475 671 1495 716 a
1512 667 1607 719 com*

384 747 553 822 munione
570 759 766 824 accusator.
783 752 837 822 Ita
855 759 987 841 tamen,
1005 766 1045 827 nt
1063 779 1128 830 nec
1147 755 1213 852 ipsi
1232 755 1413 829 adimatur
1430 757 1608 832 faccultas

383 885 502 936 causae
515 862 729 958 peragenda
742 862 773 935 si
787 887 824 937 se
838 887 859 934 a
872 864 966 938 dIem
980 889 1127 941 occurre
1141 891 1210 942 non
1225 869 1382 965 potuisse
1395 869 1607 966 probaverit.

383 973 479 1048 Illud
503 997 600 1064 vero,
616 984 658 1048 ut
684 999 767 1050 cum
785 999 892 1072 agere
915 979 1060 1076 caeperit
1085 980 1123 1052 in
1148 981 1391 1080 episcoporum
1416 983 1557 1070 iudicio,
1575 983 1607 1056 si

384 1086 496 1162 fuerit
518 1089 729 1177 accusatori,
754 1113 903 1186 persona
927 1091 1117 1190 culpabilis
1142 1095 1186 1168 ad
1211 1096 1437 1191 arguendum
1459 1119 1530 1170 non
1546 1097 1607 1170 ad·

384 1199 558 1284 mittatur,
571 1199 642 1273 nisi
655 1203 816 1299 proprias
828 1229 967 1295 causas,
980 1228 1050 1279 non
1064 1216 1184 1282 tamen
1198 1209 1461 1284 ecclesiasticas
1474 1234 1608 1284 assere·

384 1335 423 1385 re
437 1311 600 1386 voluerit.
614 1313 704 1386 Item
714 1315 751 1387 in
766 1317 885 1391 eodem
897 1341 971 1414 cap.
982 1321 1062 1392 XX.
1073 1320 1111 1393 si
1121 1320 1307 1417 presbiteri
1316 1322 1373 1396 vel
1383 1323 1522 1399 diaconi
1532 1323 1608 1397 fue·

384 1425 459 1500 rint
467 1427 640 1517 accusati,
652 1428 832 1503 adiunctis
845 1455 889 1504 ex
901 1431 1033 1506 vicinis
1046 1432 1132 1507 locis
1145 1435 1307 1530 proprius
1321 1435 1505 1532 episcopus
1519 1437 1606 1532 legi·

385 1539 472 1613 timo
487 1563 634 1614 numero
652 1541 885 1638 collegarum,
898 1567 985 1641 quos
1003 1545 1179 1620 abeodem
1193 1549 1353 1622 accusati
1367 1549 1516 1645 petirint
1529 1550 1607 1647 (sic)

385 1651 480 1726 idem
498 1676 570 1724 una
588 1676 710 1728 secum
728 1654 765 1726 in
781 1656 965 1752 presbiteri
977 1659 1120 1734 nomine
1133 1664 1196 1746 VI,
1214 1660 1252 1732 in
1274 1661 1414 1736 diaconi
1434 1665 1498 1744 III,
1519 1663 1608 1759 ipso

386 1791 468 1838 rum
485 1789 614 1840 causas
631 1766 838 1857 discutiant,
855 1770 976 1844 eadem
996 1773 1133 1846 dierum
1154 1781 1190 1846 et
1206 1772 1429 1860 dilationum,
1451 1783 1488 1847 et
1510 1797 1531 1844 a
1553 1797 1608 1846 co-

385 1869 553 1954 munione
572 1881 819 1972 remotionum,
837 1893 873 1957 ct
890 1883 1108 1959 discussione
1126 1908 1369 1982 personarum,
1391 1885 1487 1960 inter
1504 1911 1609 1959 accu-

384 2005 519 2069 satores
527 2003 564 2070 et
576 2017 634 2070 eos
647 1996 708 2094 qui
722 2006 940 2071 accusantur
952 1998 1065 2071 forma
1079 1998 1473 2096 servataReliquorum
1486 2008 1609 2072 autem

386 2109 597 2184 clericorum
613 2134 750 2199 causac,
764 2112 870 2186 etiam
886 2111 983 2185 solus
997 2111 1257 2209 episcopusloci
1267 2121 1486 2208 agnoscatet
1497 2113 1610 2186 finiat.

385 2227 477 2297 Item
496 2223 534 2296 in
552 2225 672 2299 eodem
690 2249 765 2321 cap.
782 2227 900 2299 XXX.
919 2225 1072 2320 Placuit,
1091 2236 1132 2300 ut
1148 2237 1340 2300 accusatus
1358 2226 1417 2300 vel
1434 2251 1611 2301 accusans

385 2339 423 2412 in
441 2363 480 2414 eo
496 2337 571 2412 loco
588 2339 681 2412 unde
698 2347 753 2412 est
769 2337 831 2412 ille
849 2338 910 2436 qui
928 2348 1131 2427 accusatur,
1149 2339 1179 2412 si
1198 2339 1326 2412 metuit
1348 2339 1506 2436 aliquam
1524 2364 1609 2414 curn

386 2454 573 2528 temerarie
591 2452 844 2540 multitudinis,
862 2452 979 2527 locum
998 2451 1064 2525 sibi
1083 2451 1195 2546 eligat
1217 2451 1419 2550 proximum
1444 2475 1513 2549 quo
1539 2475 1611 2525 non

387 2566 435 2639 sit
458 2564 602 2640 difficile
619 2573 728 2639 testes
753 2565 955 2660 producere,
981 2565 1042 2639 ubi
1068 2590 1176 2639 causa
1204 2567 1359 2638 liniatur.
1388 2564 1610 2639 affricanum

386 2679 579 2755 concilium
597 2702 672 2776 cap.
691 2681 817 2752 LXIII.
834 2677 874 2751 Si
891 2687 1011 2753 antem
1030 2680 1139 2754 luerit
1157 2689 1398 2777 provocatum,
1416 2679 1529 2774 eligat
1548 2679 1612 2776 qui

387 2793 633 2891 provocaverit
650 2791 795 2880 iudices,
813 2807 849 2866 et
866 2817 948 2866 cum
963 2815 1002 2867 eo
1019 2791 1081 2867 ille
1099 2802 1339 2890 contraquam
1355 2793 1613 2889 provocaverit,

388 2917 430 2982 ut
447 2907 490 2980 ab
508 2905 581 2980 illis
597 2905 764 3005 deinceps
781 2905 875 2978 nulli
894 2907 1000 2981 liceat
1017 2930 1217 3005 provocare.
1234 2907 1324 2979 Itoni
1340 2905 1376 2977 in
1391 2905 1523 2994 eodem,
1536 2929 1612 3001 cap.

387 3021 643 3095 LXXXVIIII.
670 3023 702 3092 A
727 3019 907 3094 iudicibus
932 3028 1052 3094 autem
1078 3043 1165 3116 quos
1190 3019 1391 3093 communis
1417 3041 1612 3092 consensus

387 3133 548 3230 elegerit,
565 3155 635 3206 non
654 3131 760 3208 liceat
778 3157 978 3230 provocare,
995 3141 1030 3207 et
1047 3130 1210 3229 quisquis
1229 3130 1394 3228 probatus
1413 3129 1523 3204 fuerit
1548 3153 1612 3228 pro

388 3245 612 3327 contumacia
631 3245 723 3321 nolle
737 3245 916 3320 iudicibus
933 3245 1185 3341 obtemperare,
1202 3269 1286 3318 cum
1300 3243 1366 3317 hoc
1379 3243 1504 3339 primae
1517 3242 1611 3316 sedis

390 3359 551 3456 episcopo
567 3357 679 3432 fuerit
696 3357 892 3455 probatum,
905 3359 964 3432 det
980 3357 1120 3433 litteras
1134 3367 1174 3430 ut
1187 3357 1311 3432 nullus
1324 3357 1355 3431 ei
1370 3355 1612 3430 communicet

389 3471 761 3570 episcoporum,donec
774 3471 1000 3568 obtemperet.
1013 3473 1054 3543 In
1069 3470 1190 3544 eodem
1203 3493 1278 3566 cap.
1292 3469 1422 3542 XCVI.
1436 3467 1613 3541 Omnibus

390 3584 520 3682 quibus
533 3585 714 3660 accusatio
725 3584 935 3680 denegatur,
948 3584 986 3656 in
1000 3582 1119 3657 causis
1132 3583 1283 3681 propriis
1296 3581 1491 3654 accusandi
1504 3579 1614 3654 licen-

389 3697 440 3770 tia
457 3720 528 3770 non
545 3697 720 3791 neganda.
738 3699 826 3770 Item
847 3698 885 3769 in
902 3697 1023 3770 eodem
1049 3719 1124 3793 cap.
1150 3695 1296 3769 XCVII.
1315 3693 1487 3780 Quotiens
1511 3719 1613 3768 eum·

390 3833 459 3908 que
485 3807 628 3884 clericis
653 3809 697 3883 ab
725 3811 994 3885 accusatoribus
1021 3809 1133 3882 multa
1159 3807 1311 3883 crimina
1336 3807 1552 3892 obiciuntur,
1577 3816 1614 3880 et

390 3947 503 3996 uuum
518 3947 562 3997 ex
578 3922 665 4020 ipsis
682 3923 725 3997 de
742 3947 811 4020 quo
828 3924 927 4020 prius
946 3923 1089 4018 egerint
1105 3922 1251 4020 probare
1268 3945 1338 3995 non
1355 3920 1548 4009 valuerint,
1568 3921 1614 3994 ad

391 4045 521 4110 caetera
537 4034 610 4107 iam
627 4058 696 4108 non
715 4035 961 4110 admittantur.
979 4039 1069 4110 Item
1088 4036 1125 4109 in
1144 4036 1262 4111 eodem
1283 4060 1358 4133 cap.
1371 4035 1538 4110 XCVIII.
1551 4037 1615 4108 Te-

390 4159 464 4223 stes
481 4147 524 4222 ad
542 4147 788 4222 testimonium
807 4171 875 4222 non
899 4149 1145 4238 admittendos,
1170 4149 1232 4246 qui
1257 4173 1324 4222 nec
1348 4149 1613 4224 accusationem

384 4249 533 4335 vadmitti
551 4261 716 4358 praecepti
742 4271 837 4350 sunt,
855 4261 913 4336 vel
931 4285 1018 4359 quos
1035 4273 1221 4335 accusator
1239 4263 1358 4335 desua
1373 4261 1615 4358 domoprodn-

391 4373 519 4448 xerint.
534 4373 590 4446 Ad
607 4373 850 4446 testimonium
872 4384 992 4448 autem
1010 4374 1105 4448 intra
1130 4398 1242 4448 annos
1266 4377 1374 4448 XIIII
1399 4373 1516 4447 aetatis
1541 4397 1615 4448 suae

393 4509 463 4564 non
493 4485 742 4562 admittantur.
771 4491 825 4563 Ex
850 4487 1117 4564 collectionibus
1145 4489 1292 4564 Adriani
1320 4511 1419 4588 papae
1441 4486 1486 4570 ud
1514 4487 1616 4584 Agil-
