3646 5292
726 391 922 452 -181-

756 611 887 696 XVIII.

571 807 621 858 Ex
640 807 771 860 concilii
790 803 930 862 Anreani
949 821 1021 876 cap.
1040 808 1080 860 x.

308 983 358 1055 Ut
374 979 559 1080 episcopus
576 980 709 1080 absque
726 981 1015 1082 presbyterorum
1030 1005 1176 1056 suorum
1190 980 1350 1072 concilio
1363 982 1433 1058 cle·

213 1094 305 1170 ricos
321 1117 392 1169 non
408 1093 557 1184 ordinet,
570 1094 620 1170 ita
633 1104 675 1171 ut
687 1095 824 1170 civium
837 1096 1124 1174 convenientiam
1138 1105 1175 1171 et
1186 1096 1431 1172 testimonium

214 1218 348 1306 querat.

747 1403 911 1487 XVIIII·

544 1601 593 1652 Ex
612 1599 744 1654 concilii
760 1600 931 1652 Neocesar.
952 1610 1024 1665 cap.
1043 1601 1099 1651 xl.

308 1773 503 1870 Presbyter
519 1780 603 1848 ante
619 1773 728 1847 XXX
744 1771 860 1848 aetatis
877 1798 952 1847 suae
968 1797 1105 1847 annum
1119 1771 1329 1847 nullatenus
1341 1772 1433 1846 ordi-

213 1894 332 1975 netur,
348 1885 434 1960 lioet
451 1885 555 1960 valde
573 1884 620 1960 sit
637 1884 780 1980 dignus.
793 1887 886 1959 Nam
905 1886 1078 1960 Dominus
1095 1887 1192 1961 Deus
1210 1895 1330 1960 noster
1360 1888 1433 1961 XX

214 2021 325 2073 annos
333 1998 441 2074 etatis
451 2024 525 2072 suae
533 1997 734 2096 baptizatus
746 2008 811 2088 est,
823 2007 859 2074 et
871 1999 924 2073 sic
937 1998 1032 2097 cepit
1044 1998 1177 2073 docere.
1186 1997 1333 2074 Diaconi
1347 2021 1432 2074 vero

215 2113 285 2186 VII
301 2111 431 2188 debent
447 2135 524 2188 esse
540 2111 641 2187 iuxta
660 2111 821 2207 regulam
839 2120 989 2187 actuum
1008 2111 1264 2210 Apostolorum.

787 2305 863 2389 XX.

473 2505 523 2556 Ex
542 2503 676 2555 concini
694 2501 882 2554 Antiochen.
903 2513 974 2568 cap.
995 2503 1051 2553 111.
1071 2503 1105 2554 et
1122 2503 1177 2555 VI.

209 2735 211 2738 .
308 2675 347 2748 Si
365 2673 514 2773 quilibet
531 2699 576 2750 ex
593 2675 688 2750 clero
704 2673 743 2747 in
760 2673 832 2748 alia
849 2675 1044 2772 parroechia
1061 2676 1175 2752 multo
1190 2685 1347 2778 tempore
1361 2700 1432 2752 mo-

212 2799 323 2878 ratur,
336 2798 373 2864 et
385 2801 536 2865 vocante
550 2814 632 2864 eum
650 2788 811 2887 episcopo
824 2788 868 2862 ad
881 2788 1057 2886 propriam
1071 2789 1302 2887 parroechiam
1316 2790 1431 2865 redire

210 2903 471 3002 contempserit,
488 2930 510 2977 a
527 2903 727 2978 ministerio
745 2911 971 2978 removeatur
989 2901 1122 3000 absque
1140 2901 1374 2977 restitutione.
1391 2903 1431 2978 si

210 3042 293 3094 vero
309 3042 371 3118 pro
383 3018 451 3094 hac
465 3043 574 3094 causa
587 3018 823 3116 dampnatum
836 3016 928 3090 alter
941 3015 1138 3114 Episcopus
1151 3016 1359 3114 susceperit,
1376 3039 1432 3092 co·

210 3141 372 3207 erceatur
388 3157 409 3206 a
426 3132 570 3231 synodo.
588 3132 627 3206 Si
645 3131 726 3230 quis
742 3140 863 3205 autern
880 3155 901 3202 a
919 3131 1058 3230 proprio
1079 3130 1252 3228 Episcopo
1276 3154 1432 3205 commu·

210 3245 313 3320 uione
339 3245 503 3342 privatus
520 3255 585 3334 cst,
602 3269 672 3320 non
690 3254 774 3318 ante
792 3242 965 3340 suscipiat
989 3242 1035 3318 ab
1058 3242 1140 3317 aliis
1165 3266 1273 3340 quarn
1294 3266 1358 3317 suo
1378 3267 1432 3317 re-

211 3358 423 3434 concilietur
440 3358 612 3456 episcopo,
629 3367 692 3431 aut
710 3366 807 3432 certe
825 3356 869 3432 ad
888 3357 1063 3454 synodum
1083 3382 1161 3454 quse
1186 3365 1431 3453 congregatur

210 3496 402 3548 occurrens
415 3495 477 3570 pro
491 3497 527 3548 se
542 3471 751 3558 satisfaciat,
765 3479 801 3545 et
814 3468 1030 3568 persuadens
1042 3469 1205 3558 concilio,
1218 3469 1431 3544 sententiam

210 3586 382 3685 suscipiat
399 3587 560 3662 alteram.
573 3588 660 3661 Haec
676 3594 796 3660 autem
814 3583 979 3659 diffinitio
996 3593 1139 3660 maneat
1152 3584 1249 3660 circa
1262 3583 1382 3672 laicos,
1394 3592 1431 3659 et

210 3700 447 3798 presbyteros,
464 3709 499 3776 et
515 3700 692 3788 diaconos
708 3721 900 3798 omnesque
922 3698 984 3796 qui
1009 3697 1077 3774 sub
1094 3697 1223 3794 regula
1239 3722 1317 3774 esse
1334 3721 1430 3772 mon·

211 3822 382 3889 strantur.

770 4037 864 4122 XXI.

303 4267 468 4343 Clemens
485 4267 621 4358 Iacobo,
637 4266 733 4342 inter
749 4275 887 4344 caetera.
905 4263 944 4338 Si
961 4263 1043 4363 quis
1060 4287 1105 4340 ex
1126 4261 1299 4338 fratribus
1323 4283 1430 4356 nego

208 4381 259 4456 tia
274 4379 408 4456 habent
425 4381 519 4456 inter
535 4405 585 4470 se,
601 4381 695 4480 apud
713 4382 915 4478 cognitores
940 4377 1062 4453 saculi
1087 4400 1158 4452 non
1175 4375 1428 4466 diiudicentur,

207 4493 268 4568 sed
284 4492 378 4592 apud
396 4492 621 4592 presbyteros
637 4493 809 4593 quicquid
825 4491 916 4568 illud
932 4501 988 4569 est
1003 4492 1203 4569 dirimatur.
1215 4493 1306 4567 Item
1319 4489 1359 4564 in
1371 4512 1428 4565 ea-
