3654 5302
748 417 879 482 -427
907 452 945 466 -

236 565 336 628 num,
349 535 522 614 adversus
540 538 772 636 Aistulphum
791 563 913 634 regem
939 539 1251 636 Langobardorum
1279 542 1456 616 auxilium

235 652 428 752 postulans.
446 653 607 728 Audiens
623 663 743 728 autem
762 653 854 728 idem
874 675 937 726 rex
953 651 1111 726 eiusdem
1125 651 1321 727 beatissimi
1337 655 1454 728 Ponti·

236 767 314 842 ficia
330 767 536 856 adveutum,
553 765 661 840 nimis
684 766 895 841 festinanter
920 765 957 839 in
981 765 1059 841 eius
1083 765 1230 842 advenit
1255 790 1457 858 occursum,

235 905 309 955 una
325 903 408 954 curn
426 878 580 974 coniuge
594 887 630 952 et
649 865 732 951 liliis
751 891 790 951 et
810 879 1033 976 primatibus,
1058 889 1095 954 et
1118 879 1192 954 fere
1216 881 1261 954 ad
1286 881 1316 956 O
1341 881 1456 954 milia-¹

237 992 331 1066 rium
349 992 461 1065 filium
482 1017 588 1066 suum
606 991 779 1065 Karalum
797 991 830 1066 ei
847 991 988 1066 obviarn
1007 993 1105 1068 misit
1118 1018 1201 1068 cum
1214 994 1396 1094 aliquibus
1413 1019 1457 1070 ex

235 1107 311 1182 suis
323 1106 560 1204 optimatibus.
577 1109 656 1204 Ipse
681 1128 819 1204 quoque
844 1105 882 1178 iu
907 1105 1043 1202 palatio·
1062 1106 1154 1204 quod
1178 1107 1312 1182 dicitur
1338 1108 1456 1182 Ponti-

236 1243 321 1296 cone
348 1219 426 1293 lere
447 1219 491 1292 ad
515 1219 627 1293 trium
648 1217 883 1294 miliariorum
900 1220 1054 1316 spatium
1073 1219 1290 1296 descendens
1306 1221 1349 1296 de
1365 1245 1457 1319 equo

235 1356 310 1422 suc,
327 1357 411 1409 cum
429 1355 562 1430 magna
578 1331 784 1408 humilitate
801 1341 906 1407 terrae
922 1341 1129 1430 prostratus
1149 1359 1316 1408 unacum
1334 1335 1455 1410 coniu-

237 1469 285 1542 ge
298 1457 334 1521 et
347 1445 431 1520 liliis
443 1454 480 1521 et
491 1445 721 1543 optimatibus
733 1470 817 1520 eum
834 1448 992 1543 suscepit
1005 1446 1223 1522 Pontificem.
1237 1447 1307 1521 Cui
1323 1447 1456 1523 etvice

239 1557 402 1632 stratoris
419 1581 533 1655 usque
550 1557 587 1630 in
604 1557 829 1654 aliquantum
847 1557 964 1634 locum
982 1559 1084 1632 iuxta
1101 1558 1179 1634 eius
1195 1559 1321 1634 sellam
1340 1583 1458 1658 prope·

234 1671 341 1758 ravit,
358 1683 493 1747 etcum
520 1695 654 1768 magna
678 1671 793 1767 gloria
817 1672 861 1746 ad
886 1695 991 1746 suum
1017 1673 1191 1772 palatium
1218 1673 1397 1769 perduxit,
1422 1682 1459 1748 et

236 1784 356 1858 omnia
374 1808 452 1882 quae
474 1784 544 1862 hab
568 1807 608 1859 eo
627 1784 791 1859 Pontifex
816 1785 944 1882 petivit
968 1784 1183 1882 impetravit.
1209 1789 1264 1858 Ex
1288 1785 1457 1860 chronica

234 1901 454 1972 Francorum
472 1921 565 1972 anno
584 1897 768 1973 Dominice
785 1897 1046 1972 Incuruationis
1069 1897 1392 1972 DCOLXXXVII.
1412 1903 1457 1971 A·

234 2010 383 2085 driauus
401 2013 496 2108 Papa
513 2009 550 2082 in
568 2009 624 2084 die
642 2019 765 2085 sancto
784 2009 929 2086 Paschae
953 2021 1127 2109 prasente
1152 2010 1284 2085 Karolo
1308 2011 1458 2108 impera·

234 2133 309 2200 ture
333 2122 654 2198 anathematizavit
679 2122 925 2199 Thassilouem
943 2125 1069 2200 ducem
1088 2122 1369 2212 Baiovariorum,
1385 2122 1457 2197 nisi

234 2237 272 2310 in
290 2234 454 2311 omnibus
470 2234 625 2311 obediret
651 2235 765 2310 eidem
791 2237 1007 2336 imperatori,
1025 2249 1060 2312 et
1078 2237 1162 2310 liliis
1179 2235 1327 2325 eiusne
1351 2236 1454 2332 genti

234 2355 466 2450 Francorum,
483 2349 579 2423 sicut
597 2348 780 2422 iuraverat
796 2349 895 2424 Patri
913 2373 977 2423 suo
997 2349 1121 2448 Pipino
1139 2361 1175 2425 et
1198 2349 1275 2424 sibi.
1302 2350 1401 2437 Quod
1426 2351 1457 2424 si

233 2463 345 2540 nollet
360 2472 396 2538 et
408 2461 599 2559 sanguinis
616 2461 741 2536 effusio
758 2461 868 2551 fieret,
885 2473 921 2538 et
937 2463 1036 2538 aliud
1052 2463 1188 2562 aliquid
1208 2464 1305 2554 mali,
1317 2464 1385 2539 hoc
1398 2491 1455 2538 su·

233 2603 296 2676 per
312 2579 475 2654 eumdem
501 2580 636 2652 Ducem
664 2586 699 2652 et
723 2576 802 2652 eius
826 2587 1080 2652 consentaneos
1104 2587 1209 2666 esset,
1226 2585 1262 2652 et
1287 2576 1457 2674 praelatus

233 2692 310 2764 Rex
322 2699 358 2764 et
370 2689 426 2763 sui
436 2689 481 2764 ab
493 2689 615 2765 eadem
625 2687 730 2786 eulpa
743 2689 1164 2766 immunesessent.1dem
1175 2714 1268 2765 auno
1278 2691 1458 2767 DCOOVI

234 2802 350 2877 tribus
367 2802 450 2877 filiis
468 2803 544 2876 suis
569 2809 723 2898 regnum
750 2801 884 2890 divisit,
909 2813 1165 2879 testamentum
1191 2803 1338 2893 faciens,
1363 2803 1457 2902 quod

235 2917 343 2992 Leoni
360 2919 427 2992 ΙΙΙο
444 2916 489 2990 ad
506 2915 798 2991 subscribendum
819 2916 924 2991 misit.
942 2920 1019 3004 Quo
1040 2919 1205 3016 perlect0,
1230 2916 1394 2992 Pontifex
1418 2925 1455 2990 et

234 3031 387 3106 assensit
403 3040 438 3106 et
456 3029 675 3128 subscripsit.
693 3029 789 3104 Idem
808 3050 903 3104 anno
916 3030 1157 3105 ococvun
1170 3029 1400 3129 quaestionem
1414 3029 1458 3104 de

234 3145 454 3242 processione
469 3143 624 3241 Spiritus
639 3140 762 3216 Sancti
776 3166 798 3215 a
810 3143 966 3218 Iohanne
977 3143 1457 3218 monachohierosolimitano

235 3256 402 3355 suscepit,
419 3279 527 3354 quam
544 3255 787 3330 diffiniendam
803 3257 873 3328 111⁰
892 3259 996 3354 Papae
1013 3255 1118 3331 Leoni
1137 3255 1276 3331 direxit.

780 3421 920 3504 oxffll.

330 3595 511 3670 Adrianus
529 3593 670 3668 natione
688 3596 869 3668 Romanus
883 3594 1094 3669 necessitate
1110 3593 1315 3692 compulsus
1328 3593 1459 3671 direxit

235 3709 373 3785 marino
390 3709 516 3784 itinere
533 3733 617 3782 suas
634 3706 843 3806 apostolicas
860 3704 999 3781 litteras
1016 3705 1147 3780 Karolo
1159 3706 1458 3784 excellentissimo

237 3824 315 3920 regi
335 3826 565 3912 Francorum,
582 3821 777 3918 deprecans
796 3829 836 3894 ut
853 3819 949 3895 siout
965 3845 1053 3894 suus
1070 3828 1170 3918 pater
1182 3829 1316 3895 sanctur
1329 3845 1459 3896 meme

237 3938 299 4012 riae
312 3937 472 4033 Pipinus,
485 3944 521 4010 et
533 3935 608 4032 ipse
622 3941 850 4008 succurreret
862 3945 996 4009 sanctae
1009 3935 1074 4009 Dei
1087 3933 1268 4023 aecclesiae,
1285 3934 1458 4010 adversus

236 4049 463 4126 insolentiam
492 4057 528 4125 et
557 4047 770 4122 tirannidem
803 4047 974 4123 Desiderii
1007 4047 1104 4144 regis
1135 4047 1458 4144 Langobardorum.

236 4169 339 4240 Tune
355 4163 430 4261 ipse
446 4188 468 4235 a
485 4165 557 4238 Deo
574 4169 755 4260 protectus
772 4162 928 4236 Karolus
946 4187 1007 4236 rex
1024 4183 1233 4258 aggregans
1251 4161 1458 4237 universam

237 4277 341 4374 regni
359 4277 416 4350 sui
439 4276 661 4352 exercituum
687 4275 970 4364 multitudinem,
994 4299 1056 4371 per
1082 4278 1134 4348 VI
1160 4299 1298 4350 menses
1323 4275 1459 4351 obsedit

234 4389 399 4466 eumdem
426 4389 648 4464 Desiderium
674 4389 709 4462 in
737 4389 885 4464 civitate
904 4388 1023 4486 Papia.
1041 4388 1265 4464 Adveniente
1283 4413 1368 4464 vero
1393 4393 1459 4464 Pa-

236 4502 348 4581 schali
365 4501 572 4592 festivitate,
591 4525 721 4601 magno
738 4501 909 4580 desiderio
922 4502 967 4577 ad
981 4501 1226 4602 Apostolorum
1242 4501 1368 4576 limina
1382 4525 1458 4600 pro
