<?xml version="1.0" encoding="UTF-8"?>
<!DOCTYPE html PUBLIC "-//W3C//DTD XHTML 1.0 Transitional//EN"
    "http://www.w3.org/TR/xhtml1/DTD/xhtml1-transitional.dtd">
<html xmlns="http://www.w3.org/1999/xhtml" xml:lang="en" lang="en">
 <head>
  <title>
</title>
<meta http-equiv="Content-Type" content="text/html;charset=utf-8" />
  <meta name='ocr-system' content='tesseract 3.04.00' />
  <meta name='ocr-capabilities' content='ocr_page ocr_carea ocr_par ocr_line ocrx_word'/>
</head>
<body>
  <div class='ocr_page' id='page_1' title='image "./deusdeditpresby00martgoog_0138.png"; bbox 0 0 3582 5288; ppageno 0'>
   <div class='ocr_carea' id='block_1_1' title="bbox 710 409 907 472">
    <p class='ocr_par' dir='ltr' id='par_1_1' title="bbox 710 409 907 472">
     <span class='ocr_line' id='line_1_1' title="bbox 710 409 907 472; baseline -0.005 0"><span class='ocrx_word' id='word_1_1' title='bbox 710 409 907 472; x_wconf 87' lang='lat'>-113-</span> 
     </span>
    </p>
   </div>
   <div class='ocr_carea' id='block_1_2' title="bbox 192 529 1422 1882">
    <p class='ocr_par' dir='ltr' id='par_1_2' title="bbox 192 529 1422 1882">
     <span class='ocr_line' id='line_1_2' title="bbox 194 529 1418 632; baseline -0.002 -26"><span class='ocrx_word' id='word_1_2' title='bbox 194 534 231 606; x_wconf 90' lang='lat' dir='ltr'><strong>in</strong></span> <span class='ocrx_word' id='word_1_3' title='bbox 248 532 413 609; x_wconf 74' lang='lat' dir='ltr'>Ecclesia</span> <span class='ocrx_word' id='word_1_4' title='bbox 430 531 646 607; x_wconf 84' lang='lat' dir='ltr'><strong>Siracusunn</strong></span> <span class='ocrx_word' id='word_1_5' title='bbox 664 530 911 632; x_wconf 84' lang='lat' dir='ltr'><strong>Subdiaconns</strong></span> <span class='ocrx_word' id='word_1_6' title='bbox 927 529 1057 622; x_wconf 79' lang='lat' dir='ltr'><strong>faetus,</strong></span> <span class='ocrx_word' id='word_1_7' title='bbox 1073 538 1180 628; x_wconf 88' lang='lat' dir='ltr'><strong>atque</strong></span> <span class='ocrx_word' id='word_1_8' title='bbox 1202 554 1224 602; x_wconf 89' lang='lat' dir='ltr'><strong>a</strong></span> <span class='ocrx_word' id='word_1_9' title='bbox 1241 538 1276 604; x_wconf 91' lang='lat' dir='ltr'><strong>te</strong></span> <span class='ocrx_word' id='word_1_10' title='bbox 1298 537 1418 628; x_wconf 83' lang='lat' dir='ltr'><strong>postea</strong></span> 
     </span>
     <span class='ocr_line' id='line_1_3' title="bbox 193 643 1420 745; baseline -0.004 -25"><span class='ocrx_word' id='word_1_11' title='bbox 193 648 232 720; x_wconf 92' lang='lat' dir='ltr'><strong>in</strong></span> <span class='ocrx_word' id='word_1_12' title='bbox 250 646 464 745; x_wconf 84' lang='lat' dir='ltr'>professione</span> <span class='ocrx_word' id='word_1_13' title='bbox 482 671 561 744; x_wconf 86' lang='lat' dir='ltr'><strong>quae</strong></span> <span class='ocrx_word' id='word_1_14' title='bbox 577 657 728 720; x_wconf 85' lang='lat' dir='ltr'><strong>vocatur</strong></span> <span class='ocrx_word' id='word_1_15' title='bbox 745 643 886 718; x_wconf 85' lang='lat' dir='ltr'><strong>Iuliana</strong></span> <span class='ocrx_word' id='word_1_16' title='bbox 905 643 1099 742; x_wconf 82' lang='lat' dir='ltr'>Presbyter</span> <span class='ocrx_word' id='word_1_17' title='bbox 1123 643 1255 718; x_wconf 91' lang='lat' dir='ltr'><strong>dieitur</strong></span> <span class='ocrx_word' id='word_1_18' title='bbox 1280 644 1420 718; x_wconf 90' lang='lat' dir='ltr'><strong>ordina·</strong></span> 
     </span>
     <span class='ocr_line' id='line_1_4' title="bbox 192 755 1419 855; baseline -0.002 -21"><span class='ocrx_word' id='word_1_19' title='bbox 192 775 253 834; x_wconf 91' lang='lat' dir='ltr'><strong>tus</strong></span> <span class='ocrx_word' id='word_1_20' title='bbox 269 761 321 834; x_wconf 89' lang='lat' dir='ltr'><strong>ita</strong></span> <span class='ocrx_word' id='word_1_21' title='bbox 338 759 451 834; x_wconf 82' lang='lat' dir='ltr'><strong>nimiu</strong></span> <span class='ocrx_word' id='word_1_22' title='bbox 468 758 618 833; x_wconf 79' lang='lat' dir='ltr'><strong>tristitia</strong></span> <span class='ocrx_word' id='word_1_23' title='bbox 629 767 666 833; x_wconf 89' lang='lat' dir='ltr'><strong>et</strong></span> <span class='ocrx_word' id='word_1_24' title='bbox 677 757 747 832; x_wconf 92' lang='lat' dir='ltr'><strong>loci</strong></span> <span class='ocrx_word' id='word_1_25' title='bbox 761 756 935 855; x_wconf 83' lang='lat' dir='ltr'><strong>qualitate</strong></span> <span class='ocrx_word' id='word_1_26' title='bbox 954 755 1183 831; x_wconf 84' lang='lat' dir='ltr'><strong>vehementer</strong></span> <span class='ocrx_word' id='word_1_27' title='bbox 1196 757 1364 848; x_wconf 78' lang='lat' dir='ltr'><strong>afflictus,</strong></span> <span class='ocrx_word' id='word_1_28' title='bbox 1377 767 1419 832; x_wconf 91' lang='lat' dir='ltr'><strong>ut</strong></span> 
     </span>
     <span class='ocr_line' id='line_1_5' title="bbox 193 869 1421 971; baseline 0.001 -26"><span class='ocrx_word' id='word_1_29' title='bbox 193 873 309 946; x_wconf 86' lang='lat' dir='ltr'><strong>vitam</strong></span> <span class='ocrx_word' id='word_1_30' title='bbox 320 872 387 948; x_wconf 91' lang='lat' dir='ltr'><strong>sibi</strong></span> <span class='ocrx_word' id='word_1_31' title='bbox 398 871 747 971; x_wconf 86' lang='lat' dir='ltr'><strong>penamexsistimct,</strong></span> <span class='ocrx_word' id='word_1_32' title='bbox 758 881 794 945; x_wconf 88' lang='lat' dir='ltr'><strong>et</strong></span> <span class='ocrx_word' id='word_1_33' title='bbox 803 869 1026 945; x_wconf 87' lang='lat' dir='ltr'><strong>contritionis</strong></span> <span class='ocrx_word' id='word_1_34' title='bbox 1035 870 1350 968; x_wconf 85' lang='lat' dir='ltr'><strong>suaequseratfuge</strong></span> <span class='ocrx_word' id='word_1_35' title='bbox 1359 895 1421 946; x_wconf 89' lang='lat' dir='ltr'><strong>au·</strong></span> 
     </span>
     <span class='ocr_line' id='line_1_6' title="bbox 193 983 1417 1084; baseline -0.003 -24"><span class='ocrx_word' id='word_1_36' title='bbox 193 987 334 1060; x_wconf 84' lang='lat' dir='ltr'><strong>xilium.</strong></span> <span class='ocrx_word' id='word_1_37' title='bbox 352 991 400 1062; x_wconf 84' lang='lat' dir='ltr'><strong>Et</strong></span> <span class='ocrx_word' id='word_1_38' title='bbox 416 987 493 1061; x_wconf 90' lang='lat' dir='ltr'><strong>ideo</strong></span> <span class='ocrx_word' id='word_1_39' title='bbox 509 986 593 1084; x_wconf 87' lang='lat' dir='ltr'><strong>quia</strong></span> <span class='ocrx_word' id='word_1_40' title='bbox 610 985 700 1060; x_wconf 86' lang='lat' dir='ltr'><strong>tales</strong></span> <span class='ocrx_word' id='word_1_41' title='bbox 718 1009 806 1080; x_wconf 78' lang='lat' dir='ltr'><strong>erga</strong></span> <span class='ocrx_word' id='word_1_42' title='bbox 823 983 1000 1059; x_wconf 89' lang='lat' dir='ltr'><strong>subiectos</strong></span> <span class='ocrx_word' id='word_1_43' title='bbox 1013 995 1151 1058; x_wconf 87' lang='lat' dir='ltr'><strong>nostros</strong></span> <span class='ocrx_word' id='word_1_44' title='bbox 1164 984 1333 1059; x_wconf 87' lang='lat' dir='ltr'><strong>debemus</strong></span> <span class='ocrx_word' id='word_1_45' title='bbox 1345 985 1417 1058; x_wconf 88' lang='lat' dir='ltr'><strong>exi·</strong></span> 
     </span>
     <span class='ocr_line' id='line_1_7' title="bbox 194 1098 1418 1198; baseline -0.003 -22"><span class='ocrx_word' id='word_1_46' title='bbox 194 1111 299 1190; x_wconf 79' lang='lat' dir='ltr'><strong>stem,</strong></span> <span class='ocrx_word' id='word_1_47' title='bbox 312 1101 438 1198; x_wconf 90' lang='lat' dir='ltr'><strong>quales</strong></span> <span class='ocrx_word' id='word_1_48' title='bbox 451 1123 515 1176; x_wconf 93' lang='lat' dir='ltr'><strong>nos</strong></span> <span class='ocrx_word' id='word_1_49' title='bbox 528 1102 558 1175; x_wconf 93' lang='lat' dir='ltr'><strong>si</strong></span> <span class='ocrx_word' id='word_1_50' title='bbox 572 1100 724 1176; x_wconf 89' lang='lat' dir='ltr'><strong>subiecti</strong></span> <span class='ocrx_word' id='word_1_51' title='bbox 738 1100 933 1173; x_wconf 82' lang='lat' dir='ltr'><strong>fuissemus</strong></span> <span class='ocrx_word' id='word_1_52' title='bbox 946 1107 1084 1174; x_wconf 88' lang='lat' dir='ltr'><strong>nostros</strong></span> <span class='ocrx_word' id='word_1_53' title='bbox 1097 1098 1326 1174; x_wconf 85' lang='lat' dir='ltr'><strong>volueramus</strong></span> <span class='ocrx_word' id='word_1_54' title='bbox 1343 1122 1418 1174; x_wconf 89' lang='lat' dir='ltr'><strong>esse</strong></span> 
     </span>
     <span class='ocr_line' id='line_1_8' title="bbox 194 1210 1422 1312; baseline -0.002 -24"><span class='ocrx_word' id='word_1_55' title='bbox 194 1215 401 1312; x_wconf 71' lang='lat' dir='ltr'><strong>propositos</strong></span> <span class='ocrx_word' id='word_1_56' title='bbox 418 1238 549 1310; x_wconf 87' lang='lat' dir='ltr'><strong>magne</strong></span> <span class='ocrx_word' id='word_1_57' title='bbox 566 1213 803 1310; x_wconf 80' lang='lat' dir='ltr'><strong>benignitatis</strong></span> <span class='ocrx_word' id='word_1_58' title='bbox 816 1222 882 1301; x_wconf 80' lang='lat' dir='ltr'><strong>est,</strong></span> <span class='ocrx_word' id='word_1_59' title='bbox 895 1213 925 1285; x_wconf 92' lang='lat' dir='ltr'><strong>si</strong></span> <span class='ocrx_word' id='word_1_60' title='bbox 939 1237 1022 1288; x_wconf 90' lang='lat' dir='ltr'><strong>eum</strong></span> <span class='ocrx_word' id='word_1_61' title='bbox 1040 1212 1078 1284; x_wconf 92' lang='lat' dir='ltr'><strong>in</strong></span> <span class='ocrx_word' id='word_1_62' title='bbox 1095 1211 1246 1287; x_wconf 85' lang='lat' dir='ltr'><strong>ecclesia</strong></span> <span class='ocrx_word' id='word_1_63' title='bbox 1261 1211 1322 1286; x_wconf 94' lang='lat' dir='ltr'><strong>ubi</strong></span> <span class='ocrx_word' id='word_1_64' title='bbox 1340 1210 1422 1286; x_wconf 90' lang='lat' dir='ltr'><strong>sub·</strong></span> 
     </span>
     <span class='ocr_line' id='line_1_9' title="bbox 201 1325 1421 1428; baseline 0.001 -28"><span class='ocrx_word' id='word_1_65' title='bbox 201 1327 354 1402; x_wconf 87' lang='lat' dir='ltr'><strong>diaconii</strong></span> <span class='ocrx_word' id='word_1_66' title='bbox 372 1335 427 1402; x_wconf 87' lang='lat' dir='ltr'><strong>est</strong></span> <span class='ocrx_word' id='word_1_67' title='bbox 444 1327 591 1402; x_wconf 88' lang='lat' dir='ltr'><strong>functus</strong></span> <span class='ocrx_word' id='word_1_68' title='bbox 608 1327 722 1401; x_wconf 89' lang='lat' dir='ltr'><strong>officio</strong></span> <span class='ocrx_word' id='word_1_69' title='bbox 739 1326 912 1401; x_wconf 86' lang='lat' dir='ltr'><strong>sanctitas</strong></span> <span class='ocrx_word' id='word_1_70' title='bbox 928 1336 992 1402; x_wconf 90' lang='lat' dir='ltr'><strong>tua</strong></span> <span class='ocrx_word' id='word_1_71' title='bbox 1009 1327 1190 1428; x_wconf 78' lang='lat' dir='ltr'><strong>reducere,</strong></span> <span class='ocrx_word' id='word_1_72' title='bbox 1214 1335 1321 1424; x_wconf 87' lang='lat' dir='ltr'><strong>atque</strong></span> <span class='ocrx_word' id='word_1_73' title='bbox 1345 1325 1421 1401; x_wconf 94' lang='lat' dir='ltr'><strong>illic</strong></span> 
     </span>
     <span class='ocr_line' id='line_1_10' title="bbox 194 1440 1419 1539; baseline 0.002 -27"><span class='ocrx_word' id='word_1_74' title='bbox 194 1440 446 1539; x_wconf 79' lang='lat' dir='ltr'><strong>presbyterum</strong></span> <span class='ocrx_word' id='word_1_75' title='bbox 465 1441 643 1514; x_wconf 80' lang='lat' dir='ltr'><strong>studuerit</strong></span> <span class='ocrx_word' id='word_1_76' title='bbox 659 1441 877 1522; x_wconf 84' lang='lat' dir='ltr'><strong>constituere</strong></span> <span class='ocrx_word' id='word_1_77' title='bbox 895 1440 1126 1516; x_wconf 88' lang='lat' dir='ltr'><strong>cardinalem.</strong></span> <span class='ocrx_word' id='word_1_78' title='bbox 1140 1441 1238 1528; x_wconf 84' lang='lat' dir='ltr'><strong>Quod</strong></span> <span class='ocrx_word' id='word_1_79' title='bbox 1252 1450 1288 1515; x_wconf 89' lang='lat' dir='ltr'><strong>et</strong></span> <span class='ocrx_word' id='word_1_80' title='bbox 1300 1441 1419 1516; x_wconf 87' lang='lat' dir='ltr'><strong>facere</strong></span> 
     </span>
     <span class='ocr_line' id='line_1_11' title="bbox 194 1552 1419 1652; baseline -0.002 -24"><span class='ocrx_word' id='word_1_81' title='bbox 194 1563 372 1652; x_wconf 89' lang='lat' dir='ltr'><strong>quantum</strong></span> <span class='ocrx_word' id='word_1_82' title='bbox 385 1553 603 1628; x_wconf 87' lang='lat' dir='ltr'><strong>arbitramur</strong></span> <span class='ocrx_word' id='word_1_83' title='bbox 616 1554 733 1642; x_wconf 78' lang='lat' dir='ltr'><strong>debes,</strong></span> <span class='ocrx_word' id='word_1_84' title='bbox 742 1554 772 1627; x_wconf 91' lang='lat' dir='ltr'><strong>si</strong></span> <span class='ocrx_word' id='word_1_85' title='bbox 782 1552 873 1626; x_wconf 92' lang='lat' dir='ltr'><strong>nihil</strong></span> <span class='ocrx_word' id='word_1_86' title='bbox 887 1554 1045 1650; x_wconf 91' lang='lat' dir='ltr'><strong>estquod</strong></span> <span class='ocrx_word' id='word_1_87' title='bbox 1058 1553 1419 1651; x_wconf 87' lang='lat' dir='ltr'><strong>iustecontreipsum</strong></span> 
     </span>
     <span class='ocr_line' id='line_1_12' title="bbox 192 1666 1421 1767; baseline 0.002 -28"><span class='ocrx_word' id='word_1_88' title='bbox 192 1668 332 1741; x_wconf 86' lang='lat' dir='ltr'><strong>animos</strong></span> <span class='ocrx_word' id='word_1_89' title='bbox 349 1675 429 1742; x_wconf 92' lang='lat' dir='ltr'><strong>tuos</strong></span> <span class='ocrx_word' id='word_1_90' title='bbox 446 1678 642 1767; x_wconf 84' lang='lat' dir='ltr'><strong>exasperet.</strong></span> <span class='ocrx_word' id='word_1_91' title='bbox 660 1669 700 1741; x_wconf 91' lang='lat' dir='ltr'><strong>Si</strong></span> <span class='ocrx_word' id='word_1_92' title='bbox 717 1691 803 1742; x_wconf 90' lang='lat' dir='ltr'><strong>vero</strong></span> <span class='ocrx_word' id='word_1_93' title='bbox 815 1666 937 1764; x_wconf 87' lang='lat' dir='ltr'><strong>aliqua</strong></span> <span class='ocrx_word' id='word_1_94' title='bbox 950 1666 1056 1765; x_wconf 87' lang='lat' dir='ltr'><strong>culpa</strong></span> <span class='ocrx_word' id='word_1_95' title='bbox 1070 1678 1135 1757; x_wconf 81' lang='lat' dir='ltr'><strong>est,</strong></span> <span class='ocrx_word' id='word_1_96' title='bbox 1149 1668 1226 1742; x_wconf 91' lang='lat' dir='ltr'><strong>suis</strong></span> <span class='ocrx_word' id='word_1_97' title='bbox 1239 1667 1340 1742; x_wconf 86' lang='lat' dir='ltr'><strong>nobis</strong></span> <span class='ocrx_word' id='word_1_98' title='bbox 1353 1667 1421 1742; x_wconf 89' lang='lat' dir='ltr'><strong>hoe</strong></span> 
     </span>
     <span class='ocr_line' id='line_1_13' title="bbox 192 1781 1207 1882; baseline 0.003 -27"><span class='ocrx_word' id='word_1_99' title='bbox 192 1781 353 1878; x_wconf 89' lang='lat' dir='ltr'><strong>epistolis</strong></span> <span class='ocrx_word' id='word_1_100' title='bbox 370 1783 578 1858; x_wconf 85' lang='lat' dir='ltr'><strong>fraternitas</strong></span> <span class='ocrx_word' id='word_1_101' title='bbox 594 1795 658 1858; x_wconf 88' lang='lat' dir='ltr'><strong>tua</strong></span> <span class='ocrx_word' id='word_1_102' title='bbox 675 1791 717 1857; x_wconf 92' lang='lat' dir='ltr'><strong>ut</strong></span> <span class='ocrx_word' id='word_1_103' title='bbox 734 1783 825 1858; x_wconf 89' lang='lat' dir='ltr'><strong>scire</strong></span> <span class='ocrx_word' id='word_1_104' title='bbox 842 1783 1018 1882; x_wconf 88' lang='lat' dir='ltr'><strong>possimus</strong></span> <span class='ocrx_word' id='word_1_105' title='bbox 1035 1783 1207 1858; x_wconf 92' lang='lat' dir='ltr'><strong>insinuet.</strong></span> 
     </span>
    </p>
   </div>
   <div class='ocr_carea' id='block_1_3' title="bbox 736 2011 869 2094">
    <p class='ocr_par' dir='ltr' id='par_1_3' title="bbox 736 2011 869 2094">
     <span class='ocr_line' id='line_1_14' title="bbox 736 2011 869 2094; baseline -0.008 0"><span class='ocrx_word' id='word_1_106' title='bbox 736 2011 869 2094; x_wconf 81' lang='lat' dir='ltr'><strong>enxu.</strong></span> 
     </span>
    </p>
   </div>
   <div class='ocr_carea' id='block_1_4' title="bbox 193 2236 1433 4157">
    <p class='ocr_par' dir='ltr' id='par_1_4' title="bbox 193 2236 1433 4157">
     <span class='ocr_line' id='line_1_15' title="bbox 287 2236 1420 2336; baseline 0.001 -27"><span class='ocrx_word' id='word_1_107' title='bbox 287 2238 489 2333; x_wconf 83' lang='lat' dir='ltr'><strong>Gregorius</strong></span> <span class='ocrx_word' id='word_1_108' title='bbox 507 2239 697 2313; x_wconf 88' lang='lat' dir='ltr'><strong>Universis</strong></span> <span class='ocrx_word' id='word_1_109' title='bbox 714 2236 898 2335; x_wconf 85' lang='lat' dir='ltr'><strong>Episcopis</strong></span> <span class='ocrx_word' id='word_1_110' title='bbox 924 2261 985 2335; x_wconf 91' lang='lat' dir='ltr'><strong>per</strong></span> <span class='ocrx_word' id='word_1_111' title='bbox 1011 2237 1218 2311; x_wconf 87' lang='lat' dir='ltr'><strong>universam</strong></span> <span class='ocrx_word' id='word_1_112' title='bbox 1242 2236 1420 2336; x_wconf 86' lang='lat' dir='ltr'><strong>Syciliam</strong></span> 
     </span>
     <span class='ocr_line' id='line_1_16' title="bbox 193 2351 1421 2450; baseline 0 -24"><span class='ocrx_word' id='word_1_113' title='bbox 193 2353 411 2426; x_wconf 88' lang='lat' dir='ltr'><strong>constitutis.</strong></span> <span class='ocrx_word' id='word_1_114' title='bbox 429 2353 542 2426; x_wconf 88' lang='lat' dir='ltr'><strong>Valde</strong></span> <span class='ocrx_word' id='word_1_115' title='bbox 558 2351 801 2426; x_wconf 87' lang='lat' dir='ltr'><strong>necessarium</strong></span> <span class='ocrx_word' id='word_1_116' title='bbox 819 2375 897 2426; x_wconf 89' lang='lat' dir='ltr'><strong>esse</strong></span> <span class='ocrx_word' id='word_1_117' title='bbox 913 2351 1175 2450; x_wconf 72' lang='lat' dir='ltr'><strong>perspeximus</strong></span> <span class='ocrx_word' id='word_1_118' title='bbox 1193 2361 1235 2426; x_wconf 88' lang='lat' dir='ltr'><strong>ut</strong></span> <span class='ocrx_word' id='word_1_119' title='bbox 1251 2351 1348 2427; x_wconf 89' lang='lat' dir='ltr'><strong>sicut</strong></span> <span class='ocrx_word' id='word_1_120' title='bbox 1364 2352 1421 2426; x_wconf 91' lang='lat' dir='ltr'><strong>de-</strong></span> 
     </span>
     <span class='ocr_line' id='line_1_17' title="bbox 194 2464 1422 2564; baseline -0.002 -22"><span class='ocrx_word' id='word_1_121' title='bbox 194 2488 378 2542; x_wconf 87' lang='lat' dir='ltr'><strong>cessorum</strong></span> <span class='ocrx_word' id='word_1_122' title='bbox 392 2475 593 2557; x_wconf 85' lang='lat' dir='ltr'><strong>nostrorum</strong></span> <span class='ocrx_word' id='word_1_123' title='bbox 608 2465 679 2540; x_wconf 92' lang='lat' dir='ltr'><strong>fuit</strong></span> <span class='ocrx_word' id='word_1_124' title='bbox 692 2464 878 2554; x_wconf 79' lang='lat' dir='ltr'><strong>iudicium,</strong></span> <span class='ocrx_word' id='word_1_125' title='bbox 891 2465 942 2540; x_wconf 86' lang='lat' dir='ltr'><strong>ita</strong></span> <span class='ocrx_word' id='word_1_126' title='bbox 956 2465 1020 2538; x_wconf 94' lang='lat' dir='ltr'><strong>uni</strong></span> <span class='ocrx_word' id='word_1_127' title='bbox 1034 2465 1262 2564; x_wconf 87' lang='lat' dir='ltr'><strong>eiusdemque</strong></span> <span class='ocrx_word' id='word_1_128' title='bbox 1275 2488 1422 2563; x_wconf 88' lang='lat' dir='ltr'><strong>persone</strong></span> 
     </span>
     <span class='ocr_line' id='line_1_18' title="bbox 194 2578 1423 2677; baseline 0 -25"><span class='ocrx_word' id='word_1_129' title='bbox 194 2578 315 2652; x_wconf 87' lang='lat' dir='ltr'><strong>omnia</strong></span> <span class='ocrx_word' id='word_1_130' title='bbox 328 2579 552 2669; x_wconf 82' lang='lat' dir='ltr'><strong>comitamus,</strong></span> <span class='ocrx_word' id='word_1_131' title='bbox 569 2588 606 2654; x_wconf 87' lang='lat' dir='ltr'><strong>et</strong></span> <span class='ocrx_word' id='word_1_132' title='bbox 622 2579 682 2652; x_wconf 91' lang='lat' dir='ltr'><strong>ubi</strong></span> <span class='ocrx_word' id='word_1_133' title='bbox 696 2603 759 2653; x_wconf 87' lang='lat' dir='ltr'><strong>nos</strong></span> <span class='ocrx_word' id='word_1_134' title='bbox 773 2589 965 2677; x_wconf 75' lang='lat' dir='ltr'><strong>presentes</strong></span> <span class='ocrx_word' id='word_1_135' title='bbox 977 2603 1053 2654; x_wconf 88' lang='lat' dir='ltr'><strong>esse</strong></span> <span class='ocrx_word' id='word_1_136' title='bbox 1067 2604 1137 2654; x_wconf 90' lang='lat' dir='ltr'><strong>non</strong></span> <span class='ocrx_word' id='word_1_137' title='bbox 1151 2602 1350 2677; x_wconf 81' lang='lat' dir='ltr'><strong>possumus,</strong></span> <span class='ocrx_word' id='word_1_138' title='bbox 1362 2600 1423 2652; x_wconf 92' lang='lat' dir='ltr'><strong>no·</strong></span> 
     </span>
     <span class='ocr_line' id='line_1_19' title="bbox 195 2693 1424 2793; baseline 0.001 -27"><span class='ocrx_word' id='word_1_139' title='bbox 195 2705 269 2766; x_wconf 87' lang='lat' dir='ltr'><strong>stra</strong></span> <span class='ocrx_word' id='word_1_140' title='bbox 289 2717 353 2790; x_wconf 90' lang='lat' dir='ltr'><strong>per</strong></span> <span class='ocrx_word' id='word_1_141' title='bbox 369 2717 451 2767; x_wconf 89' lang='lat' dir='ltr'><strong>eurn</strong></span> <span class='ocrx_word' id='word_1_142' title='bbox 469 2693 528 2768; x_wconf 88' lang='lat' dir='ltr'><strong>eui</strong></span> <span class='ocrx_word' id='word_1_143' title='bbox 547 2693 773 2791; x_wconf 83' lang='lat' dir='ltr'><strong>praecipimus</strong></span> <span class='ocrx_word' id='word_1_144' title='bbox 791 2705 1064 2793; x_wconf 72' lang='lat' dir='ltr'><strong>representetur</strong></span> <span class='ocrx_word' id='word_1_145' title='bbox 1075 2695 1280 2773; x_wconf 83' lang='lat' dir='ltr'><strong>auotoritas.</strong></span> <span class='ocrx_word' id='word_1_146' title='bbox 1292 2699 1424 2782; x_wconf 81' lang='lat' dir='ltr'><strong>Quam·</strong></span> 
     </span>
     <span class='ocr_line' id='line_1_20' title="bbox 194 2805 1423 2907; baseline 0 -28"><span class='ocrx_word' id='word_1_147' title='bbox 194 2805 314 2880; x_wconf 91' lang='lat' dir='ltr'><strong>obrem</strong></span> <span class='ocrx_word' id='word_1_148' title='bbox 340 2810 447 2880; x_wconf 89' lang='lat' dir='ltr'><strong>Petro</strong></span> <span class='ocrx_word' id='word_1_149' title='bbox 472 2806 695 2882; x_wconf 86' lang='lat' dir='ltr'><strong>Subdiacono</strong></span> <span class='ocrx_word' id='word_1_150' title='bbox 713 2807 814 2882; x_wconf 81' lang='lat' dir='ltr'><strong>Sedis</strong></span> <span class='ocrx_word' id='word_1_151' title='bbox 837 2819 976 2898; x_wconf 74' lang='lat' dir='ltr'><strong>nostre,</strong></span> <span class='ocrx_word' id='word_1_152' title='bbox 1002 2810 1096 2884; x_wconf 86' lang='lat' dir='ltr'><strong>intra</strong></span> <span class='ocrx_word' id='word_1_153' title='bbox 1114 2808 1336 2907; x_wconf 82' lang='lat' dir='ltr'><strong>provinciam</strong></span> <span class='ocrx_word' id='word_1_154' title='bbox 1355 2809 1423 2904; x_wconf 85' lang='lat' dir='ltr'><strong>Sy·</strong></span> 
     </span>
     <span class='ocr_line' id='line_1_21' title="bbox 195 2918 1422 2999; baseline 0.002 -7"><span class='ocrx_word' id='word_1_155' title='bbox 195 2918 318 2992; x_wconf 89' lang='lat' dir='ltr'><strong>ciliam</strong></span> <span class='ocrx_word' id='word_1_156' title='bbox 331 2919 449 2994; x_wconf 88' lang='lat' dir='ltr'><strong>vicem</strong></span> <span class='ocrx_word' id='word_1_157' title='bbox 462 2927 620 2993; x_wconf 87' lang='lat' dir='ltr'><strong>nostram</strong></span> <span class='ocrx_word' id='word_1_158' title='bbox 634 2922 706 2996; x_wconf 92' lang='lat' dir='ltr'><strong>Deo</strong></span> <span class='ocrx_word' id='word_1_159' title='bbox 718 2921 917 2999; x_wconf 88' lang='lat' dir='ltr'><strong>auxiliante</strong></span> <span class='ocrx_word' id='word_1_160' title='bbox 930 2923 1186 2998; x_wconf 88' lang='lat' dir='ltr'><strong>commisimus.</strong></span> <span class='ocrx_word' id='word_1_161' title='bbox 1198 2925 1275 2996; x_wconf 87' lang='lat' dir='ltr'><strong>Nec</strong></span> <span class='ocrx_word' id='word_1_162' title='bbox 1288 2921 1366 2996; x_wconf 92' lang='lat' dir='ltr'><strong>eius</strong></span> <span class='ocrx_word' id='word_1_163' title='bbox 1379 2920 1422 2994; x_wconf 91' lang='lat' dir='ltr'><strong>de</strong></span> 
     </span>
     <span class='ocr_line' id='line_1_22' title="bbox 194 3032 1422 3137; baseline 0.002 -31"><span class='ocrx_word' id='word_1_164' title='bbox 194 3032 338 3137; x_wconf 86' lang='lat' dir='ltr'><strong>actibus</strong></span> <span class='ocrx_word' id='word_1_165' title='bbox 355 3033 520 3109; x_wconf 88' lang='lat' dir='ltr'><strong>dubitare</strong></span> <span class='ocrx_word' id='word_1_166' title='bbox 538 3058 736 3133; x_wconf 80' lang='lat' dir='ltr'><strong>possumus,</strong></span> <span class='ocrx_word' id='word_1_167' title='bbox 754 3037 813 3111; x_wconf 87' lang='lat' dir='ltr'><strong>cui</strong></span> <span class='ocrx_word' id='word_1_168' title='bbox 831 3035 903 3110; x_wconf 89' lang='lat' dir='ltr'><strong>Deo</strong></span> <span class='ocrx_word' id='word_1_169' title='bbox 924 3036 1126 3111; x_wconf 85' lang='lat' dir='ltr'><strong>auxiliante</strong></span> <span class='ocrx_word' id='word_1_170' title='bbox 1151 3045 1264 3110; x_wconf 89' lang='lat' dir='ltr'><strong>totum</strong></span> <span class='ocrx_word' id='word_1_171' title='bbox 1292 3042 1422 3108; x_wconf 78' lang='lat' dir='ltr'><strong>nostra</strong></span> 
     </span>
     <span class='ocr_line' id='line_1_23' title="bbox 197 3146 1423 3246; baseline 0 -26"><span class='ocrx_word' id='word_1_172' title='bbox 197 3146 371 3222; x_wconf 73' lang='lat' dir='ltr'><strong>aecclesiae</strong></span> <span class='ocrx_word' id='word_1_173' title='bbox 384 3147 566 3222; x_wconf 86' lang='lat' dir='ltr'><strong>noscimus</strong></span> <span class='ocrx_word' id='word_1_174' title='bbox 579 3149 831 3246; x_wconf 87' lang='lat' dir='ltr'><strong>patrimonium</strong></span> <span class='ocrx_word' id='word_1_175' title='bbox 846 3149 1179 3225; x_wconf 88' lang='lat' dir='ltr'><strong>commisisselllud</strong></span> <span class='ocrx_word' id='word_1_176' title='bbox 1192 3171 1331 3246; x_wconf 92' lang='lat' dir='ltr'><strong>quoque</strong></span> <span class='ocrx_word' id='word_1_177' title='bbox 1345 3146 1423 3220; x_wconf 90' lang='lat' dir='ltr'><strong>fieri</strong></span> 
     </span>
     <span class='ocr_line' id='line_1_24' title="bbox 196 3258 1423 3362; baseline 0.002 -29"><span class='ocrx_word' id='word_1_178' title='bbox 196 3258 325 3349; x_wconf 80' lang='lat' dir='ltr'><strong>debere</strong></span> <span class='ocrx_word' id='word_1_179' title='bbox 343 3261 588 3358; x_wconf 84' lang='lat' dir='ltr'><strong>perspeximus</strong></span> <span class='ocrx_word' id='word_1_180' title='bbox 603 3272 644 3336; x_wconf 92' lang='lat' dir='ltr'><strong>ut</strong></span> <span class='ocrx_word' id='word_1_181' title='bbox 656 3263 765 3338; x_wconf 85' lang='lat' dir='ltr'><strong>semel</strong></span> <span class='ocrx_word' id='word_1_182' title='bbox 781 3287 842 3360; x_wconf 90' lang='lat' dir='ltr'><strong>per</strong></span> <span class='ocrx_word' id='word_1_183' title='bbox 855 3288 991 3337; x_wconf 89' lang='lat' dir='ltr'><strong>annum</strong></span> <span class='ocrx_word' id='word_1_184' title='bbox 1004 3264 1049 3337; x_wconf 93' lang='lat' dir='ltr'><strong>ad</strong></span> <span class='ocrx_word' id='word_1_185' title='bbox 1062 3267 1329 3362; x_wconf 84' lang='lat' dir='ltr'><strong>Syracusanum</strong></span> <span class='ocrx_word' id='word_1_186' title='bbox 1345 3260 1423 3335; x_wconf 86' lang='lat' dir='ltr'><strong>sivo</strong></span> 
     </span>
     <span class='ocr_line' id='line_1_25' title="bbox 195 3372 1422 3472; baseline -0.002 -25"><span class='ocrx_word' id='word_1_187' title='bbox 195 3372 474 3448; x_wconf 86' lang='lat' dir='ltr'><strong>Cathenensium</strong></span> <span class='ocrx_word' id='word_1_188' title='bbox 502 3374 700 3464; x_wconf 80' lang='lat' dir='ltr'><strong>civitatem,</strong></span> <span class='ocrx_word' id='word_1_189' title='bbox 718 3375 974 3451; x_wconf 88' lang='lat' dir='ltr'><strong>universaliter</strong></span> <span class='ocrx_word' id='word_1_190' title='bbox 998 3375 1128 3451; x_wconf 92' lang='lat' dir='ltr'><strong>honore</strong></span> <span class='ocrx_word' id='word_1_191' title='bbox 1153 3375 1246 3472; x_wconf 92' lang='lat' dir='ltr'><strong>quod</strong></span> <span class='ocrx_word' id='word_1_192' title='bbox 1268 3373 1422 3470; x_wconf 81' lang='lat' dir='ltr'><strong>dignum</strong></span> 
     </span>
     <span class='ocr_line' id='line_1_26' title="bbox 194 3485 1424 3587; baseline 0.001 -26"><span class='ocrx_word' id='word_1_193' title='bbox 194 3495 249 3561; x_wconf 89' lang='lat' dir='ltr'><strong>est</strong></span> <span class='ocrx_word' id='word_1_194' title='bbox 271 3485 369 3560; x_wconf 88' lang='lat' dir='ltr'><strong>sieut</strong></span> <span class='ocrx_word' id='word_1_195' title='bbox 386 3487 500 3562; x_wconf 87' lang='lat' dir='ltr'><strong>eidem</strong></span> <span class='ocrx_word' id='word_1_196' title='bbox 519 3488 702 3578; x_wconf 82' lang='lat' dir='ltr'><strong>iussimus,</strong></span> <span class='ocrx_word' id='word_1_197' title='bbox 719 3489 928 3564; x_wconf 84' lang='lat' dir='ltr'><strong>fraternitas</strong></span> <span class='ocrx_word' id='word_1_198' title='bbox 946 3499 1066 3566; x_wconf 86' lang='lat' dir='ltr'><strong>vestra</strong></span> <span class='ocrx_word' id='word_1_199' title='bbox 1083 3489 1284 3578; x_wconf 82' lang='lat' dir='ltr'><strong>conveniat,</strong></span> <span class='ocrx_word' id='word_1_200' title='bbox 1301 3497 1424 3587; x_wconf 82' lang='lat' dir='ltr'><strong>quate·</strong></span> 
     </span>
     <span class='ocr_line' id='line_1_27' title="bbox 195 3599 1424 3701; baseline 0.001 -29"><span class='ocrx_word' id='word_1_201' title='bbox 195 3623 265 3673; x_wconf 88' lang='lat' dir='ltr'><strong>nus</strong></span> <span class='ocrx_word' id='word_1_202' title='bbox 281 3599 328 3673; x_wconf 85' lang='lat' dir='ltr'><strong>ad</strong></span> <span class='ocrx_word' id='word_1_203' title='bbox 345 3599 539 3682; x_wconf 84' lang='lat' dir='ltr'><strong>utilitatem</strong></span> <span class='ocrx_word' id='word_1_204' title='bbox 564 3625 643 3699; x_wconf 77' lang='lat' dir='ltr'><strong>quae</strong></span> <span class='ocrx_word' id='word_1_205' title='bbox 660 3601 855 3700; x_wconf 79' lang='lat' dir='ltr'><strong>provinciae</strong></span> <span class='ocrx_word' id='word_1_206' title='bbox 876 3602 990 3701; x_wconf 88' lang='lat' dir='ltr'><strong>ipsius</strong></span> <span class='ocrx_word' id='word_1_207' title='bbox 1015 3603 1323 3699; x_wconf 85' lang='lat' dir='ltr'><strong>ecclesiarumque</strong></span> <span class='ocrx_word' id='word_1_208' title='bbox 1347 3624 1424 3697; x_wconf 86' lang='lat' dir='ltr'><strong>per·</strong></span> 
     </span>
     <span class='ocr_line' id='line_1_28' title="bbox 195 3711 1423 3814; baseline 0.003 -30"><span class='ocrx_word' id='word_1_209' title='bbox 195 3712 314 3787; x_wconf 88' lang='lat' dir='ltr'><strong>tinent</strong></span> <span class='ocrx_word' id='word_1_210' title='bbox 329 3713 407 3788; x_wconf 87' lang='lat' dir='ltr'><strong>sive</strong></span> <span class='ocrx_word' id='word_1_211' title='bbox 424 3715 468 3790; x_wconf 87' lang='lat' dir='ltr'><strong>ad</strong></span> <span class='ocrx_word' id='word_1_212' title='bbox 486 3715 737 3791; x_wconf 86' lang='lat' dir='ltr'><strong>necessitatem</strong></span> <span class='ocrx_word' id='word_1_213' title='bbox 755 3739 950 3813; x_wconf 90' lang='lat' dir='ltr'><strong>pauperum</strong></span> <span class='ocrx_word' id='word_1_214' title='bbox 970 3739 1289 3814; x_wconf 88' lang='lat' dir='ltr'><strong>oppressorumque</strong></span> <span class='ocrx_word' id='word_1_215' title='bbox 1307 3711 1423 3788; x_wconf 90' lang='lat' dir='ltr'><strong>suble·</strong></span> 
     </span>
     <span class='ocr_line' id='line_1_29' title="bbox 196 3827 1424 3929; baseline 0 -29"><span class='ocrx_word' id='word_1_216' title='bbox 196 3827 315 3900; x_wconf 74' lang='lat' dir='ltr'><strong>sanda</strong></span> <span class='ocrx_word' id='word_1_217' title='bbox 332 3827 391 3900; x_wconf 83' lang='lat' dir='ltr'><strong>vel</strong></span> <span class='ocrx_word' id='word_1_218' title='bbox 409 3829 453 3903; x_wconf 88' lang='lat' dir='ltr'><strong>ad</strong></span> <span class='ocrx_word' id='word_1_219' title='bbox 470 3829 746 3906; x_wconf 84' lang='lat' dir='ltr'><strong>admonitionem</strong></span> <span class='ocrx_word' id='word_1_220' title='bbox 763 3829 923 3905; x_wconf 92' lang='lat' dir='ltr'><strong>omnium</strong></span> <span class='ocrx_word' id='word_1_221' title='bbox 949 3839 1057 3929; x_wconf 90' lang='lat' dir='ltr'><strong>atque</strong></span> <span class='ocrx_word' id='word_1_222' title='bbox 1082 3853 1234 3928; x_wconf 90' lang='lat' dir='ltr'><strong>quorum</strong></span> <span class='ocrx_word' id='word_1_223' title='bbox 1257 3851 1424 3904; x_wconf 86' lang='lat' dir='ltr'><strong>excessus</strong></span> 
     </span>
     <span class='ocr_line' id='line_1_30' title="bbox 195 3940 1424 4040; baseline -0.001 -26"><span class='ocrx_word' id='word_1_224' title='bbox 195 3940 392 4036; x_wconf 84' lang='lat' dir='ltr'><strong>contigerit</strong></span> <span class='ocrx_word' id='word_1_225' title='bbox 416 3942 691 4032; x_wconf 75' lang='lat' dir='ltr'><strong>demonstrandi,</strong></span> <span class='ocrx_word' id='word_1_226' title='bbox 713 3967 876 4040; x_wconf 80' lang='lat' dir='ltr'><strong>congrua</strong></span> <span class='ocrx_word' id='word_1_227' title='bbox 896 3971 980 4020; x_wconf 92' lang='lat' dir='ltr'><strong>cum</strong></span> <span class='ocrx_word' id='word_1_228' title='bbox 1001 3945 1123 4021; x_wconf 91' lang='lat' dir='ltr'><strong>eodem</strong></span> <span class='ocrx_word' id='word_1_229' title='bbox 1149 3949 1254 4021; x_wconf 91' lang='lat' dir='ltr'><strong>Petro</strong></span> <span class='ocrx_word' id='word_1_230' title='bbox 1275 3940 1424 4020; x_wconf 82' lang='lat' dir='ltr'><strong>Subdiu-</strong></span> 
     </span>
     <span class='ocr_line' id='line_1_31' title="bbox 199 4051 1433 4157; baseline 0.005 -29"><span class='ocrx_word' id='word_1_231' title='bbox 199 4075 288 4129; x_wconf 86' lang='lat' dir='ltr'><strong>cono</strong></span> <span class='ocrx_word' id='word_1_232' title='bbox 306 4054 409 4129; x_wconf 81' lang='lat' dir='ltr'><strong>Sedis</strong></span> <span class='ocrx_word' id='word_1_233' title='bbox 426 4065 556 4130; x_wconf 87' lang='lat' dir='ltr'><strong>nostrae</strong></span> <span class='ocrx_word' id='word_1_234' title='bbox 572 4057 731 4132; x_wconf 85' lang='lat' dir='ltr'><strong>debeatis</strong></span> <span class='ocrx_word' id='word_1_235' title='bbox 747 4051 987 4134; x_wconf 88' lang='lat' dir='ltr'><strong>moderatione</strong></span> <span class='ocrx_word' id='word_1_236' title='bbox 1005 4059 1200 4157; x_wconf 89' lang='lat' dir='ltr'><strong>disponere.</strong></span> <span class='ocrx_word' id='word_1_237' title='bbox 1427 4061 1433 4072; x_wconf 84' lang='lat'><em>&#39;</em></span> 
     </span>
    </p>
   </div>
   <div class='ocr_carea' id='block_1_5' title="bbox 665 4221 886 4336">
    <p class='ocr_par' dir='ltr' id='par_1_5' title="bbox 665 4221 886 4336">
     <span class='ocr_line' id='line_1_32' title="bbox 665 4221 886 4336; baseline -0.005 -31"><span class='ocrx_word' id='word_1_238' title='bbox 665 4323 671 4336; x_wconf 19' lang='lat' dir='ltr'><em>A</em></span> <span class='ocrx_word' id='word_1_239' title='bbox 735 4221 886 4305; x_wconf 78' lang='lat' dir='ltr'><strong>onum.</strong></span> 
     </span>
    </p>
   </div>
   <div class='ocr_carea' id='block_1_6' title="bbox 291 4389 1423 4490">
    <p class='ocr_par' dir='ltr' id='par_1_6' title="bbox 291 4389 1423 4490">
     <span class='ocr_line' id='line_1_33' title="bbox 291 4389 1423 4490; baseline 0.001 -24"><span class='ocrx_word' id='word_1_240' title='bbox 291 4389 492 4486; x_wconf 83' lang='lat' dir='ltr'><strong>Gregorius</strong></span> <span class='ocrx_word' id='word_1_241' title='bbox 515 4389 652 4488; x_wconf 88' lang='lat' dir='ltr'><strong>Hylaro</strong></span> <span class='ocrx_word' id='word_1_242' title='bbox 679 4390 851 4464; x_wconf 90' lang='lat' dir='ltr'><strong>monacho</strong></span> <span class='ocrx_word' id='word_1_243' title='bbox 878 4389 1018 4465; x_wconf 86' lang='lat' dir='ltr'><strong>Africae.</strong></span> <span class='ocrx_word' id='word_1_244' title='bbox 1045 4389 1290 4466; x_wconf 87' lang='lat' dir='ltr'><strong>Felicissimus</strong></span> <span class='ocrx_word' id='word_1_245' title='bbox 1314 4400 1423 4490; x_wconf 88' lang='lat' dir='ltr'><strong>atque</strong></span> 
     </span>
    </p>
   </div>
   <div class='ocr_carea' id='block_1_7' title="bbox 197 4501 1423 4672">
    <p class='ocr_par' dir='ltr' id='par_1_7' title="bbox 197 4501 1423 4672">
     <span class='ocr_line' id='line_1_34' title="bbox 197 4501 1423 4602; baseline 0.002 -26"><span class='ocrx_word' id='word_1_246' title='bbox 197 4504 415 4582; x_wconf 87' lang='lat' dir='ltr'><strong>Vincentius</strong></span> <span class='ocrx_word' id='word_1_247' title='bbox 431 4502 579 4579; x_wconf 89' lang='lat' dir='ltr'><strong>Diaooui</strong></span> <span class='ocrx_word' id='word_1_248' title='bbox 598 4503 768 4580; x_wconf 69' lang='lat' dir='ltr'><strong>Ecclesia</strong></span> <span class='ocrx_word' id='word_1_249' title='bbox 786 4501 984 4577; x_wconf 87' lang='lat' dir='ltr'><strong>Lamiensis</strong></span> <span class='ocrx_word' id='word_1_250' title='bbox 1007 4502 1124 4578; x_wconf 87' lang='lat' dir='ltr'><strong>oblate</strong></span> <span class='ocrx_word' id='word_1_251' title='bbox 1149 4504 1318 4601; x_wconf 89' lang='lat' dir='ltr'><strong>petitione</strong></span> <span class='ocrx_word' id='word_1_252' title='bbox 1343 4529 1423 4602; x_wconf 82' lang='lat' dir='ltr'><strong>quoe</strong></span> 
     </span>
     <span class='ocr_line' id='line_1_35' title="bbox 1224 4619 1242 4672; baseline 0 0"><span class='ocrx_word' id='word_1_253' title='bbox 1224 4619 1242 4672; x_wconf 82' lang='lat' dir='ltr'><strong>a</strong></span> 
     </span>
    </p>
   </div>
   <div class='ocr_carea' id='block_1_8' title="bbox 0 0 1800 5288">
    <p class='ocr_par' dir='ltr' id='par_1_8' title="bbox 0 0 1800 5288">
     <span class='ocr_line' id='line_1_36' title="bbox 0 0 1800 5288; baseline 0 0"><span class='ocrx_word' id='word_1_254' title='bbox 0 0 1800 5288; x_wconf 95' lang='lat' dir='ltr'><strong> </strong></span> 
     </span>
    </p>
   </div>
  </div>
 </body>
</html>
