3582 5288
702 417 897 482 -155-

192 536 270 611 dem
285 536 536 634 Apostolicam,
549 537 632 613 inde
644 537 752 613 etiam
766 537 938 635 rescripta
952 545 1138 614 venerunt.
1160 539 1279 614 Causa
1299 540 1402 614 finita

192 659 256 739 est,
273 649 413 724 utinam
427 675 525 725 error
538 650 728 750 aliquando
741 652 896 725 finiatur.
909 651 1005 726 Idem
1015 651 1059 724 ad
1071 651 1256 726 Auxilium
1268 652 1408 750 Episco-

193 789 288 862 pum.
302 767 433 839 Utrum
447 765 489 840 de
501 765 653 841 ecclesia
662 765 814 864 pellendi
825 765 898 839 sint
907 764 967 862 qui
977 788 1017 840 eo
1025 765 1242 861 confugiunt
1251 775 1293 839 ut
1302 766 1406 842 fidem

192 878 457 952 fideiussoribus
474 879 657 976 frangant,
672 890 707 956 et
727 880 764 953 in
782 877 932 954 concilio
946 887 1064 953 nostro
1079 901 1187 974 agere
1201 878 1316 976 cupio,
1329 890 1365 954 et
1377 880 1408 953 si

190 1013 276 1087 opus
293 989 404 1066 fuerit
419 991 463 1064 ad
481 993 608 1067 Sedern
627 992 864 1092 Apostolicam
883 991 1049 1081 seribere,
1067 991 1210 1090 utquid
1227 993 1328 1090 sequi
1351 993 1408 1068 de·

189 1103 337 1179 beamus
354 1106 518 1180 concordi
536 1107 695 1181 omnium
717 1106 930 1182 auctoritate
955 1105 1195 1186 constituatur
1219 1115 1326 1204 atque
1352 1109 1410 1180 fir·

190 1227 316 1293 metur.

714 1413 880 1498 CCXXII.

523 1626 614 1679 Idem
632 1629 665 1678 in
682 1628 712 1678 11
730 1627 813 1680 libro
834 1627 876 1679 de
894 1627 1070 1692 baptismo.

284 1787 492 1886 Cyprianus
509 1787 546 1860 iu
564 1787 711 1886 epistola
728 1789 772 1862 ad
791 1792 823 1860 V
841 1788 892 1864 ita
908 1789 1075 1888 loquitur.
1087 1791 1181 1863 Nam
1196 1813 1262 1866 nec
1279 1793 1407 1866 Petrus

189 1924 293 1997 quem
312 1902 450 2000 primus
468 1903 641 1977 Dominus
658 1903 781 1999 elegit,
798 1912 833 1976 et
850 1927 956 2000 super
973 1926 1078 2000 quern
1101 1903 1283 1978 edificavit
1298 1903 1409 1979 ecele-

193 2013 283 2093 siam
301 2041 416 2105 suanr,
433 2041 516 2090 cum
535 2041 655 2092 secum
674 2016 809 2090 Paulus
826 2017 868 2092 de
892 2015 1165 2092 circumcisione
1186 2017 1407 2114 postmodum

189 2127 415 2226 disceptaret,
432 2129 640 2204 vendicavit
657 2128 724 2204 sibi
742 2127 876 2228 aliquid
893 2128 1086 2204 insolenter
1111 2139 1175 2202 aut
1196 2137 1407 2224 arroganter

187 2242 394 2340 assumpsit,
419 2253 459 2316 ut
484 2243 618 2318 diceret
642 2267 680 2318 se
705 2243 900 2340 primatum
925 2251 1057 2332 tenere,
1079 2253 1114 2318 et
1139 2242 1347 2340 obtemptari
1372 2252 1409 2317 et

186 2356 336 2452 posteris
362 2356 429 2430 sibi
452 2357 569 2455 potius
594 2366 764 2455 oportere,
788 2381 854 2432 nec
877 2355 1037 2454 despexit
1057 2355 1211 2430 Paulum
1232 2357 1324 2454 quod
1343 2360 1410 2432 Eo-

186 2467 304 2543 clesiae
318 2481 521 2567 perseeutor
533 2471 670 2547 fuisset.
684 2471 753 2546 Sed
766 2471 955 2546 consilium
969 2471 1135 2546 veritatis
1147 2471 1301 2561 admisit,
1310 2479 1345 2546 et
1356 2497 1408 2545 ra-

188 2581 276 2657 tioni
294 2584 469 2681 legitimae
487 2610 594 2684 quam
621 2584 757 2659 Paulus
773 2583 988 2660 vendicabat
1004 2583 1109 2660 facile
1134 2583 1321 2658 consensit.
1339 2587 1406 2658 Do·

189 2708 397 2773 rumentum
411 2699 549 2776 scilicet
562 2700 662 2775 nobis
675 2709 711 2775 et
722 2697 917 2775 concordia
930 2705 965 2772 et
978 2697 1159 2794 patientiae
1176 2697 1350 2787 tribuens
1364 2707 1406 2772 ut

190 2835 260 2887 non
279 2813 508 2910 pertinaciter
530 2825 651 2889 nostra
668 2839 842 2900 amemus,
860 2813 921 2888 sed
938 2836 1017 2909 quae
1041 2810 1232 2909 aliquando
1249 2837 1270 2884 a
1287 2812 1406 2886 fratri-

188 2925 254 3000 bus
272 2936 308 3001 et
325 2927 474 3024 collegis
490 2929 621 3002 nostris
635 2928 772 3003 utiliter
784 2935 1050 3024 suggeruntur,
1067 2925 1098 3000 si
1115 2927 1188 3000 sint
1201 2950 1287 3002 vera
1300 2935 1336 3001 et
1353 2927 1404 3002 le·

188 3039 329 3134 gitima,
346 3040 422 3138 ipsa
439 3043 557 3139 potius
573 3051 693 3116 nostra
706 3043 877 3116 dicamus.
890 3045 936 3114 Et
948 3041 1042 3113 infra
1057 3040 1296 3136 Augustinus.
1311 3044 1403 3115 Puto

187 3153 277 3249 quod
295 3153 373 3228 sine
391 3154 466 3228 ulla
479 3155 536 3229 sui
552 3155 771 3231 contumelia
785 3154 991 3253 Cyprianus
1004 3153 1189 3251 episcopus
1204 3157 1308 3228 Petro
1320 3177 1401 3251 apo·
1457 3167 1461 3174 '

187 3265 275 3341 stolo
301 3279 526 3365 comparatur
550 3277 726 3366 quantum
751 3268 796 3342 ad
820 3267 988 3366 martyrii
1017 3289 1193 3342 coronam.
1224 3268 1402 3343 Caeterum

187 3379 307 3476 magis
319 3383 435 3456 vereri
448 3383 565 3472 debeo,
577 3407 621 3458 ne
636 3383 673 3456 in
688 3386 833 3458 Petrum
847 3379 1124 3455 contumeliosus
1138 3379 1299 3453 existam.
1312 3377 1402 3466 Quis

186 3493 302 3569 nescit
314 3494 417 3568 illum
432 3497 660 3594 Apostolatus
674 3496 914 3594 principatum
928 3493 1076 3568 cuilibet
1088 3493 1303 3591 episcopatui
1314 3519 1400 3591 prae-

185 3603 399 3682 serendum?
416 3610 477 3684 sed
502 3609 610 3684 etiam
636 3609 666 3683 si
691 3608 801 3684 distat
824 3608 1076 3685 cathedrarum
1103 3608 1233 3704 gratia,
1258 3631 1331 3680 una
1349 3615 1404 3682 est

187 3728 309 3796 tamen
328 3723 495 3821 martyrii
513 3724 639 3820 gloria.

701 3923 883 4008 CCXXIII.

655 4128 774 4181 Idem
800 4125 927 4180 infra.

281 4292 363 4364 less
380 4291 529 4366 concilia
554 4316 634 4390 qnae
655 4289 900 4389 persingulas
926 4288 1090 4386 regiones
1114 4287 1173 4362 vel
1200 4287 1403 4385 provincias

186 4403 279 4478 fiunt
295 4404 535 4502 plenariorum
553 4405 786 4480 conciliorum
807 4405 1011 4481 auctoritati
1037 4429 1117 4503 quae
1139 4404 1232 4477 fiunt
1256 4427 1301 4478 ex
1325 4403 1404 4477 uui·

185 4540 287 4596 verso
311 4515 392 4594 orbe
417 4517 613 4594 christiano
630 4519 706 4595 sine
731 4519 817 4596 ullis
840 4519 1054 4620 ambagibus
1075 4518 1227 4596 caedunt.
1252 4521 1404 4619 Ipsaque
