3654 5302
738 407 938 472 -363-

227 525 357 624 depelli
374 525 586 616 debuerunt,
602 535 639 602 et
656 525 833 602 Acathius
849 528 911 628 qui
929 528 1049 606 extitit
1067 527 1253 628 religionis
1276 529 1447 606 inimicus

223 641 351 742 depelli
368 667 439 718 non
456 640 605 718 debuit?
621 640 790 717 Viderint
806 667 893 740 ergo
910 645 941 718 si
954 645 1043 720 alios
1055 644 1189 720 habeut
1201 669 1355 721 canones
1370 643 1448 743 qui·

221 757 288 832 bus
312 783 404 832 suas
422 757 576 855 ineptias
600 767 874 854 consequantur.
896 758 1064 833 Ceterum
1089 758 1150 832 isti
1175 760 1238 857 qui
1264 759 1357 834 sacri
1383 758 1445 858 qui

222 871 467 948 aecclesiastici
485 872 548 969 qui
565 870 721 966 legitimi
737 869 977 962 celebrantur,
995 871 1122 946 Sedem
1141 873 1382 971 Apostolicam
1400 873 1446 947 ad

224 987 399 1062 iudicium
415 1010 544 1062 vocare
561 1009 632 1060 non
649 995 806 1086 possunt.
823 988 871 1059 Et
887 984 992 1058 infra.
1008 987 1088 1060 Non
1107 985 1239 1059 mirum
1256 986 1287 1059 si
1309 985 1370 1060 isti
1395 1009 1448 1060 se·

225 1102 306 1178 dem
323 1101 419 1177 beati
438 1099 535 1175 Petri
551 1099 797 1197 blasphemare
814 1109 1047 1196 presumunt,
1071 1107 1108 1174 et
1131 1121 1195 1174 nos
1220 1099 1368 1196 insuper
1390 1123 1448 1172 su·

226 1211 350 1312 perbos
366 1235 443 1288 esse
460 1210 703 1308 pronuntiant,
718 1235 800 1286 oum
815 1211 867 1286 eis
880 1211 995 1308 prima
1008 1211 1108 1286 sedes
1120 1210 1292 1309 quicquid
1305 1219 1360 1285 ost
1377 1211 1449 1309 pie-

227 1325 313 1401 tatis
330 1347 400 1399 non
417 1324 567 1400 desistat
583 1322 719 1414 offerre,
736 1323 791 1398 illi
809 1325 919 1400 etiam
936 1324 1030 1402 banc
1048 1334 1212 1424 protervo
1225 1326 1356 1426 spiritu
1369 1325 1451 1400 sub-

227 1437 354 1534 ingere
378 1460 542 1536 esposse
567 1437 755 1512 confidant.
773 1439 842 1513 Sed
859 1449 980 1537 captos
998 1450 1117 1515 mente
1141 1439 1260 1516 facere
1283 1440 1354 1515 ista
1378 1463 1450 1515 non

227 1551 361 1624 mirum
378 1558 443 1642 est,
461 1551 557 1626 sicut
573 1550 737 1626 frenetici
755 1551 869 1628 solent
886 1553 1132 1630 mendicantes
1145 1577 1302 1652 quosque
1315 1553 1375 1629 vel
1388 1553 1450 1628 ho·

229 1674 302 1741 stes
324 1674 461 1764 putare,
478 1665 538 1740 vel
556 1665 708 1741 credere.
727 1669 853 1754 Quaero
878 1677 1001 1743 temen
1018 1667 1062 1742 ab
1079 1667 1137 1742 his
1161 1667 1336 1743 iudicium
1357 1667 1451 1766 quod

228 1779 452 1879 praetendunt
465 1778 612 1854 ubinam
626 1780 736 1877 possit
748 1780 882 1876 agitari
892 1784 910 1854 ‘l
921 1786 977 1854 Au
987 1781 1082 1879 apud
1094 1780 1199 1878 ipsos,
1211 1789 1254 1854 ut
1266 1780 1359 1854 idem
1377 1779 1452 1854 sint

229 1893 378 1984 inimici,
394 1902 513 1982 testes,
525 1893 583 1967 vel
596 1893 759 1968 iudices?
773 1894 842 1969 Sed
855 1894 971 1970 alieno
988 1895 1120 1970 iudicio
1136 1919 1204 1970 neo
1220 1895 1379 1968 humana
1393 1895 1451 1970 de-

228 2007 315 2082 bent
339 2007 514 2081 committi
538 2007 694 2102 negotia,
718 2007 851 2081 nedum
877 2009 1008 2084 divium
1034 2008 1127 2104 legis
1152 2008 1354 2105 integritas.
1381 2009 1450 2083 Sed

231 2132 405 2220 quantum
423 2122 468 2195 ad
488 2120 698 2216 religionem
716 2120 884 2218 pertinet,
901 2124 1045 2198 nonnisi
1070 2124 1228 2222 Apostoli
1243 2124 1325 2199 Sedi
1350 2122 1453 2198 iuxta

232 2259 384 2310 canones
400 2233 546 2308 debetur
564 2235 674 2308 totius
691 2261 832 2308 summa
849 2236 984 2311 iudicii.
1003 2239 1042 2311 Si
1059 2249 1232 2337 quantum
1259 2239 1304 2313 ud
1327 2237 1450 2316 saeculi

232 2359 451 2448 potestatem,
464 2348 561 2422 illae
579 2349 812 2424 Pontificibus
829 2359 865 2424 et
883 2352 1061 2448 precipue
1078 2352 1174 2427 beati
1190 2352 1289 2427 Petri
1307 2351 1453 2427 Vicario

232 2464 333 2539 debet
354 2486 567 2560 cognoscere
585 2487 665 2560 quae
688 2463 812 2538 divina
837 2473 933 2554 sunt,
950 2488 1021 2539 non
1039 2465 1116 2562 ipsa
1142 2465 1263 2541 eadem
1282 2465 1452 2541 iudicare.

232 2582 309 2654 Nec
325 2577 393 2668 sibi
410 2576 476 2652 hoc
494 2577 684 2676 quisquam
703 2578 972 2676 potentissimus
989 2579 1123 2670 saeouli,
1140 2579 1201 2678 qui
1214 2589 1335 2655 tamen
1350 2579 1452 2655 Chri·

233 2694 372 2768 stianus
389 2702 442 2768 cst
459 2692 650 2768 vendicare
666 2693 862 2790 praesumit,
878 2691 948 2764 nisi
966 2691 1176 2788 religionem
1203 2692 1354 2767 forsitan
1375 2715 1454 2792 per·

234 2805 548 2905 sequentes'Quod
564 2815 685 2880 tamen
702 2805 863 2881 dicerent
879 2805 910 2878 si
929 2827 999 2879 non
1017 2806 1127 2880 cartis
1144 2805 1220 2880 suis
1233 2805 1270 2879 in
1288 2804 1453 2880 omnibus

235 2921 491 2994 vincerentur?
504 2918 660 3019 Ineptias
673 2919 793 3017 itaque
806 2945 890 2994 suas
904 2919 972 2993 sibi
985 2929 1141 3009 servent,
1149 2919 1220 2993 nisi
1231 2919 1453 3018 resipiscant,

235 3033 351 3133 potius
367 3032 567 3128 cogitantes
585 3031 721 3106 Christi
736 3055 858 3107 vocem
873 3057 943 3108 non
957 3057 1033 3108 esse
1047 3033 1277 3130 superfluam,
1290 3053 1360 3130 que
1372 3056 1454 3108 con-

235 3146 380 3222 fessioni
396 3146 491 3221 beati
510 3146 613 3221 Petri·
626 3147 784 3244 Apostoli
801 3148 935 3224 inferni
952 3156 1070 3246 portas
1087 3172 1273 3246 nunquam
1290 3145 1453 3245 praeveli-

234 3271 337 3336 tures
353 3260 516 3336 asseruit.
534 3263 755 3360 Quapropter·
772 3285 842 3335 non
860 3286 1027 3337 veremur
1040 3286 1085 3337 ne
1099 3260 1301 3360 Apostolica
1314 3268 1455 3334 senten-

236 3376 288 3450 tia
305 3373 516 3464 resolvatur,
533 3396 640 3472 quam
657 3383 694 3448 et
710 3397 780 3448 vox
804 3374 953 3462 christi,
976 3385 1013 3450 et
1037 3375 1211 3449 maiorum
1237 3373 1394 3464 traditio
1418 3383 1455 3449 et

237 3512 413 3564 canonum
431 3488 537 3564 fulcit
553 3487 758 3578 auctoritas,
775 3497 817 3562 ut
834 3497 942 3563 totam
961 3489 1079 3588 potius
1095 3487 1295 3564 aeoclesiam
1316 3511 1456 3586 semper

237 3603 315 3701 ipsa
332 3601 500 3677 diudicet.
517 3601 586 3677 Sed
603 3600 765 3697 cogitent
782 3601 867 3675 mali
892 3603 923 3676 si
950 3601 1031 3700 quis
1055 3601 1093 3674 in
1118 3601 1170 3676 eis
1195 3599 1381 3698 religionis
1401 3608 1457 3674 est

237 3739 431 3804 sensusne
441 3716 654 3814 pravitatem
664 3741 766 3791 suam
778 3715 986 3790 nullatenus
995 3713 1457 3814 deponentes,apudDeum,

238 3827 467 3928 hominesque
481 3829 582 3905 Sedis
596 3828 806 3928 Apostolicae
819 3839 990 3928 perpetua
1004 3829 1256 3904 constitutione
1265 3827 1458 3926 dampnen-

239 3953 309 4018 tur.
325 3944 422 4019 Idem
439 3943 480 4017 in
496 3943 628 4019 eadem.
648 3943 702 4018 Ad
720 3953 885 4018 senatum
903 3943 1057 4040 pertinet
1081 3946 1293 4032 Romanum,
1320 3951 1362 4016 ut
1387 3965 1458 4016 me·

240 4079 316 4131 mor
342 4057 434 4146 fidei,
459 4081 567 4154 quam
592 4081 614 4129 a
637 4057 847 4155 parentibus
871 4057 1070 4155 suscepisse
1088 4056 1263 4146 meminit,
1287 4053 1457 4150 contagia

239 4173 331 4247 vitet
347 4169 608 4246 communionis
633 4179 799 4262 externa,
817 4195 862 4246 ne
887 4195 908 4243 a
926 4165 1176 4245 communione
1193 4168 1296 4244 Sedis
1313 4173 1459 4268 Aposto-

240 4285 319 4360 licae
337 4283 428 4383 quod
445 4285 538 4359 absit
556 4284 723 4359 reddatur
741 4293 941 4360 extraneus.
959 4283 1111 4357 Veniam
1137 4281 1205 4357 sibi
1229 4281 1306 4356 dari
1332 4279 1457 4355 debere

240 4407 447 4498 proponunt.
466 4401 624 4494 Legatur
642 4421 771 4496 exque
788 4407 842 4474 est
856 4397 984 4494 religio
996 4397 1205 4487 christiana,
1218 4395 1277 4470 vel
1290 4405 1386 4470 certe
1400 4393 1458 4469 de·

241 4522 301 4587 tur
318 4511 356 4587 in
373 4511 574 4614 exemplum
592 4511 630 4588 in
648 4511 810 4592 aeclesia
835 4513 900 4592 Dei
925 4537 947 4586 a
971 4510 1190 4614 quibuslibet
1212 4507 1458 4600 Pontificibus,
