3582 5288
704 359 899 422 -159-

113 559 116 564 ,
187 473 305 549 dinem
323 498 386 572 per
403 476 623 552 Crucifixum
644 480 768 553 mundi
786 481 1021 574 Salvatorem,
1045 493 1086 558 ut
1102 485 1140 558 in
1162 486 1320 584 epistolis
1338 490 1411 564 tuis

188 586 417 662 dicendarum
437 615 498 665 seu
517 591 748 666 tacendarum
767 593 1005 693 hypostaseon
1019 599 1123 674 detur
1143 602 1348 693 auotoritas,
1366 605 1411 678 si-

187 700 262 774 mul
279 701 388 776 etiam
406 703 466 780 cui
484 704 577 802 apud
596 703 824 780 Antiochiam
841 709 986 786 debeam
1004 713 1269 790 communicare
1294 716 1408 812 signi·

188 815 282 891 fiaes.

686 1025 902 1109 ooxxvln.

493 1225 585 1279 Idem
602 1228 634 1278 in
651 1226 737 1279 libro
757 1227 931 1283 illustrium
949 1233 1098 1285 utrorum.

281 1388 421 1460 Puruvs
439 1387 628 1484 Apostolus
645 1391 696 1462 II⁰
715 1388 857 1463 Claudii
875 1415 969 1466 anno
986 1393 1030 1468 ad
1047 1395 1327 1491 expugnandum
1343 1400 1411 1495 Sy-

188 1521 326 1572 monem
346 1523 493 1596 magum
511 1504 659 1575 Romam
676 1503 788 1581 venit.
806 1507 929 1604 Ibique
946 1510 1053 1580 XXV
1072 1508 1176 1582 annis
1194 1509 1410 1584 Cathedram

187 1613 447 1689 Sacerdotalem
466 1616 593 1706 tenuit,
611 1623 783 1717 usquead
801 1621 982 1709 ultimum,
1007 1620 1099 1695 idest
1123 1625 1229 1696 XIIII
1255 1624 1409 1697 Neronis

186 1750 334 1816 annum,
348 1753 369 1800 a
382 1752 451 1825 quo
468 1738 504 1803 et
521 1731 716 1806 crucifixus
729 1744 784 1810 est
797 1736 912 1833 capite
925 1735 971 1808 ad
985 1744 1117 1808 terram
1136 1761 1249 1825 verso,
1262 1737 1410 1834 pedibus

184 1838 222 1911 in
239 1839 392 1916 sublime
410 1841 571 1933 elevatis,
588 1869 752 1920 asserens
770 1874 807 1923 se
821 1849 1024 1944 indignum,
1038 1849 1100 1946 qui
1113 1849 1165 1924 sio
1183 1851 1411 1946 crucifigere·

183 1959 243 2025 tur
259 1963 301 2026 ut
319 1955 492 2029 Dominus
509 1982 605 2032 suus.
624 1960 794 2057 Sepultus
812 1962 922 2036 estin
940 1961 1126 2035 Vaticano.
1153 1963 1289 2036 Paulus
1316 1970 1407 2061 Apo·

183 2065 294 2138 stolus
310 2093 332 2140 a
350 2068 476 2164 Sergio
494 2070 618 2160 Paulo,
632 2072 709 2148 ideo
722 2075 815 2169 quod
827 2100 909 2149 eum
924 2073 1005 2148 fidei
1019 2073 1154 2148 Christi
1168 2076 1321 2172 subegit,
1336 2101 1407 2151 sor·

183 2177 271 2252 titus
288 2188 342 2254 est
358 2203 497 2271 nomen,
513 2193 549 2258 et
562 2183 684 2260 iuncto
697 2187 764 2260 sihi
779 2185 954 2273 Bernaba,
968 2184 1101 2258 multas
1115 2187 1221 2260 urbes
1239 2211 1407 2283 peragra-

184 2291 248 2378 vit,
266 2302 519 2391 revertensque
537 2297 806 2372 Hierosolimam
826 2324 847 2371 a
866 2301 971 2371 Petro
997 2308 1032 2371 et
1050 2297 1175 2373 Iacobo
1192 2308 1227 2372 et
1252 2300 1408 2376 Iohanne

182 2407 347 2498 gentium
368 2409 556 2504 Apostolus
573 2411 768 2485 ordinatur.
786 2410 855 2485 Hie
873 2419 993 2484 autem
1012 2419 1090 2506 post
1114 2412 1316 2507 passionem
1343 2415 1411 2487 Do·

183 2517 271 2590 mini
290 2522 397 2596 XXV
414 2547 507 2596 anno
524 2524 615 2599 idest
632 2529 666 2598 II
683 2525 835 2600 Neronis
853 2527 998 2598 Romam
1019 2522 1165 2608 vinetus
1187 2533 1241 2598 est
1267 2523 1409 2598 missua.

184 2637 230 2707 Et
246 2633 306 2709 hio
322 2659 410 2731 ergo
426 2639 531 2710 XIIII
549 2639 701 2712 Neronis
719 2662 823 2726 anno,
842 2637 962 2710 eodem
980 2635 1036 2709 die
1053 2659 1122 2732 quo
1139 2646 1174 2710 et
1196 2639 1326 2710 Petrus
1344 2640 1411 2712 Ro·

186 2772 251 2821 mae
268 2748 384 2844 eapite
402 2758 591 2825 truncatus
604 2759 668 2824 est.
682 2752 923 2848 Sepultusque
938 2759 992 2826 est
1005 2751 1043 2823 in
1057 2750 1116 2824 via
1132 2750 1298 2840 Ostiensi,
1310 2775 1404 2826 anno

184 2871 260 2958 post
277 2863 475 2959 passionem
494 2862 634 2937 Domini
652 2866 777 2939 XXX⁰
797 2867 893 2939 VII⁰.
910 2865 1007 2938 Idem
1028 2864 1069 2936 in·
1092 2865 1222 2938 eodem.
1240 2865 1407 2963 Polycar-

184 3001 249 3074 pus
267 2976 435 3051 Iohannis
452 2977 611 3074 Apostoli
628 2977 828 3076 discipulus
846 2989 882 3055 et
899 2979 943 3052 ab
960 2979 1080 3053 eodem
1096 2980 1248 3052 Smirnae
1265 2978 1410 3075 Episoo

184 3115 250 3188 pus
267 3092 463 3180 ordinatus,
480 3091 589 3166 totius
608 3093 704 3166 Asiae
721 3093 888 3190 princeps
905 3090 986 3179 fuit,
999 3091 1128 3188 quippe
1142 3091 1204 3188 qui
1218 3089 1409 3165 nonnullos

185 3203 435 3301 Apostolorum
457 3212 493 3278 et
509 3225 568 3278 eos
594 3203 655 3302 qui
673 3204 866 3278 Dominum
887 3203 1052 3278 viderant
1073 3203 1263 3298 magistros
1279 3201 1411 3278 habue-

186 3317 242 3408 rit,
258 3317 319 3394 hio
336 3326 477 3414 propter
490 3317 662 3415 quasdam
677 3341 784 3415 super
798 3317 855 3391 die
869 3315 1017 3392 Pasehae
1030 3316 1244 3414 questiones,
1257 3315 1323 3390 sub
1340 3319 1410 3390 Im·

184 3441 344 3528 peratore
370 3429 550 3504 Antonino
575 3429 648 3518 Pia,
672 3429 862 3504 eeclesiam
887 3429 925 3502 in
951 3428 1046 3505 Urbe
1076 3437 1225 3525 regente
1250 3428 1407 3518 Anioito,

186 3547 332 3618 Romam
351 3541 460 3618 venit.

676 3770 911 3854 ooxxvnn.

280 3995 432 4089 Beda'in
450 3997 519 4069 IIII
538 3994 626 4070 libro
643 3993 804 4092 hystorie
824 3993 1035 4090 Anglorum.
1053 3997 1229 4070 Intererat
1246 3993 1332 4071 huie
1346 4021 1405 4094 sy·

188 4109 286 4197 nodo,
304 4109 504 4207 partimque
520 4107 702 4183 catholicoe
720 4107 801 4182 fidei
818 4107 960 4182 decreta
978 4108 1152 4197 firmabat,
1178 4107 1235 4180 vir
1260 4132 1409 4183 venera-

188 4222 269 4296 bilis
287 4223 462 4298 Iohannes
480 4221 717 4297 Archieantor
734 4219 895 4296 ecelesia
918 4221 1041 4295 Sancti
1068 4219 1226 4317 Apostoli
1251 4219 1348 4294 Petri
1374 4230 1411 4296 et

190 4335 307 4410 Abbas
326 4335 531 4410 monasterii
549 4335 642 4410 beati
663 4332 837 4431 Martyni,
862 4331 923 4429 qui
949 4355 1063 4429 nuper
1080 4341 1229 4406 venerat
1253 4357 1274 4405 a
1299 4336 1409 4407 Roma

190 4447 456 4543 periussionem
472 4451 576 4545 Papae
592 4445 806 4542 Agathonis,
818 4445 907 4520 duce
922 4443 1210 4520 reverentissimo
1223 4443 1360 4521 Abbate
1374 4455 1410 4521 et
