3642 5294
703 436 876 498 ...51-

179 563 328 638 Domino
344 585 418 652 ora,
435 561 660 635 sanctissime
677 567 713 634 et
734 554 939 632 beatissime
964 557 1080 630 Pater.
1097 554 1301 642 Florentius
1318 552 1399 651 Epi·

182 701 310 776 scopus
327 677 559 750 Sardansium
573 672 736 750 civitatis
763 668 965 766 metropolis
991 667 1108 743 Lidiae.
1127 669 1257 744 Valere
1281 677 1317 742 te
1342 689 1402 741 oro

179 795 254 868 Deo
284 789 530 864 amantissime
555 792 672 863 Pater.
698 782 956 862 Constantinus
981 784 1177 882 Episcopus
1203 780 1404 878 metropolis

180 910 318 981 Bostra.
334 903 466 979 Valere
485 928 541 978 me
557 926 618 977 ora
634 903 761 976 domna
778 895 1003 973 sanctissime
1020 905 1057 971 et
1067 894 1273 970 beatissima
1287 895 1403 966 Pater.

183 1018 387 1094 Theodorus
413 1017 609 1114 Episcopus
634 1007 837 1114 metropolis
862 1010 1040 1085 Damasci.
1061 1005 1204 1084 Valere
1221 1019 1256 1082 te
1281 1029 1340 1081 oro
1364 1005 1403 1078 in

182 1130 331 1206 Domino
348 1132 421 1204 Deo
437 1129 682 1204 amantissime
705 1133 821 1205 Pater.
839 1123 1013 1212 Similiter
1034 1133 1071 1197 et
1095 1121 1205 1198 ceteri
1232 1123 1404 1216 Metropo

183 1243 298 1318 litani.
899 1255 903 1264 ’

732 1445 856 1530 XXXI.

282 1682 323 1752 In
342 1681 441 1752 VIII.
457 1678 596 1754 actione
614 1678 890 1755 calcedonensis
907 1675 1060 1752 concilii
1077 1683 1254 1750 statutum
1278 1684 1343 1766 est,
1369 1683 1409 1747 ut

187 1791 436 1868 Antiochenus
454 1791 649 1890 Episcopus
665 1791 796 1868 habeat
813 1791 970 1866 dioceses
987 1790 1025 1864 in
1043 1790 1132 1864 duas
1149 1786 1298 1862 Fenicas
1314 1797 1350 1862 et
1363 1793 1411 1860 A·

188 1905 336 1979 rabiem.
353 1905 690 1980 Hierosolimitanus
705 1929 800 1996 vero,
817 1909 879 1981 III.
898 1906 1108 1982 Palestinae.
1126 1908 1173 1979 Et
1194 1901 1296 1976 nulla
1321 1910 1412 1999 post·

187 2019 256 2095 hac
273 2020 316 2094 de
333 2019 403 2094 hac
419 2043 529 2094 causa
546 2018 634 2118 ipsis
646 2020 809 2096 ecclesiis
827 2019 1006 2096 contentio
1023 2019 1258 2116 relinquatur,
1271 2024 1307 2092 et
1323 2015 1411 2089 huic

190 2132 440 2209 constitutioni
458 2133 563 2228 primi
583 2131 825 2230 subscripsere
843 2133 971 2230 Legati
989 2133 1148 2208 Romani.

733 2361 878 2445 XXXII.

284 2594 324 2666 Si
341 2593 496 2669 clericus
512 2593 618 2668 babet
635 2580 782 2670 cansam
799 2594 971 2670 adversus
985 2594 1199 2692 Episcopum
1218 2591 1416 2691 proprium,

189 2707 249 2783 vel
261 2707 435 2781 adversus
448 2705 603 2780 alterum
617 2707 711 2805 apud
720 2709 907 2805 Synodum
917 2707 1099 2806 provincie
1112 2703 1415 2794 iudicetur.Quod

194 2822 224 2894 si
241 2821 416 2895 adversus
434 2819 593 2894 eiusdem
611 2819 793 2918 provincie
811 2821 1124 2920 Metropolitanum
1142 2819 1339 2919 Episcopus
1355 2815 1415 2891 val
1486 2820 1490 2826 '

192 2931 358 3008 Clericus
380 2930 487 3006 habet
512 2931 707 3029 querelam,
730 2941 827 3030 petat
849 2933 1044 3008 Primatem
1069 2932 1258 3020 dioceseos,
1276 2939 1341 3004 aut
1365 2952 1417 3004 sa

190 3045 270 3121 dem
289 3043 401 3140 regiae
418 3043 518 3119 urbis
536 3045 926 3144 Constantinopolitane
944 3056 980 3122 et
997 3046 1074 3143 ipsa
1091 3045 1281 3121 iudicetur.

725 3272 887 3357 XXXIII.

289 3505 535 3580 Conveniente
561 3517 685 3581 sancta
709 3531 753 3580 ac
775 3505 973 3580 universali
990 3506 1122 3596 sinodo,
1139 3529 1219 3604 quaa
1236 3529 1296 3604 per
1313 3505 1421 3602 impa-

192 3619 319 3694 rialem
336 3618 520 3694 decretum
537 3630 759 3716 congregata
778 3626 843 3708 est,
860 3619 898 3691 in
915 3618 984 3692 hac
1000 3642 1021 3689 a
1040 3618 1190 3692 Domino
1207 3621 1420 3693 conservan-¹

192 3733 238 3806 da
263 3731 367 3828 regia
383 3732 481 3807 urba.
498 3733 595 3807 Idem
615 3732 803 3821 Theodoro,
820 3742 856 3807 et
874 3731 1029 3828 Georgia
1045 3731 1313 3808 venerabilibus
1338 3733 1422 3804 Pre-

192 3845 362 3944 myteria,
379 3854 415 3920 et
434 3845 588 3922 Iohanne
606 3845 805 3922 venerabili
823 3845 979 3921 Diacono
1000 3845 1119 3922 locum
1137 3845 1422 3944 repraesentanti-

193 3959 262 4034 bus
279 3958 499 4034 sanctissimi
516 3983 560 4034 ac
582 3959 777 4035 beatissimi
804 3963 918 4057 Papae,
943 3959 1101 4058 antiquae
1119 3963 1238 4036 Romae
1267 3960 1423 4058 Agatho-

194 4071 264 4161 nis‚
279 4081 318 4145 et
339 4071 495 4167 Georgio
515 4071 712 4146 venerabili
729 4081 765 4147 et
781 4073 1009 4149 sanctissimo
1025 4075 1200 4174 Episcopo
1216 4075 1327 4150 huius
1350 4101 1423 4148 ma·

195 4209 279 4282 gnae
297 4184 651 4282 constantinopoleos
668 4209 769 4260 novae
782 4189 912 4276 Roma,
925 4198 961 4262 et
973 4191 1079 4264 Petro
1093 4191 1166 4263 Deo
1178 4187 1324 4262 amabili
1343 4189 1425 4261 Pre-

196 4297 352 4396 sbytero,
376 4308 413 4372 et
442 4297 615 4373 Monacho
639 4297 758 4375 locum
787 4311 955 4376 servante
984 4301 1077 4376 sedis
1109 4299 1327 4375 Alexandria
1354 4323 1425 4372 ma-

198 4433 271 4507 gne
296 4409 468 4500 civitatis,
493 4419 530 4486 et
554 4411 738 4488 Machario
763 4413 1039 4513 Arobiepiscopo
1064 4413 1275 4512 Theopoleoa
1301 4412 1426 4487 Antio

199 4525 298 4614 chia,
324 4534 361 4600 et
385 4526 541 4622 Georgia
565 4525 733 4622 religIoso
756 4527 973 4626 Presbytero
991 4526 1162 4602 monacho
1186 4537 1221 4601 et
1243 4527 1429 4625 Apocrisa-
