3618 5316
702 419 900 484 *293-

190 538 321 615 vestris
338 540 454 616 fultus
470 539 629 630 auxiliis,
645 539 800 618 iniuncti
817 537 884 615 sibi
903 537 1201 637 negotii-facilius
1218 539 1328 640 possit
1343 549 1413 617 ter·

190 677 328 728 minum
347 677 515 752 recipere.

750 797 852 882 OXV.

285 994 456 1092 Pelagius
473 994 621 1070 Anilani
638 995 760 1072 comiti
784 1002 863 1094 pest
888 1021 1012 1096 pauca.
1037 1001 1185 1074 Petrum
1213 997 1327 1073 filium
1352 1021 1412 1073 no

189 1120 304 1186 strum
323 1109 533 1210 Apostolicae
551 1109 652 1186 Sedis
670 1109 919 1209 presbyterum
934 1112 979 1186 ad
992 1111 1204 1208 corrigenda
1221 1138 1263 1188 ea
1280 1137 1359 1212 quae
1372 1111 1411 1186 in

189 1225 408 1324 questionem
423 1223 575 1299 veniunt
587 1223 758 1299 duximus
770 1225 1009 1322 dirigendum.
1022 1213 1411 1302 Faciliorem‘omnium

190 1364 382 1414 causarum
400 1338 565 1414 futurum
584 1361 662 1414 esse
680 1337 880 1414 iudicantes
898 1339 1046 1430 exitum,
1059 1341 1088 1414 si
1103 1340 1208 1418 illum
1221 1340 1266 1416 ab
1278 1349 1413 1438 aposto

189 1453 259 1529 lica
276 1452 487 1549 contigisset
504 1453 656 1550 publicae
675 1453 756 1528 sede
769 1453 979 1544 transmitti,
992 1454 1083 1553 quod
1097 1463 1133 1530 et
1146 1478 1208 1553 pro
1221 1453 1271 1530 rei
1286 1453 1412 1529 merito

189 1576 224 1643 et
240 1591 303 1666 pro
320 1566 481 1642 caritatis
499 1566 646 1642 viuculo
668 1567 852 1666 potestatis
878 1567 1019 1666 publice
1045 1567 1233 1643 iuvaretur
1257 1566 1413 1643 auxiliis,

189 1681 249 1758 Sic
265 1681 362 1757 enim
382 1690 418 1757 et
434 1703 611 1756 canonum
629 1689 665 1756 et
682 1681 807 1776 logum
827 1689 963 1756 statuta
988 1705 1052 1756 nos
1078 1691 1293 1762 ammonent,
1318 1691 1413 1756 utet

189 1795 560 1886 doceanturhumileS,
569 1805 606 1870 et
614 1795 847 1894 superborum
857 1794 1006 1893 spiritus
1019 1793 1412 1894 comprimantur.Quia

188 1935 456 2008 nonnumquam
473 1909 653 1984 mentibus
675 1908 882 2007 desperatis,
899 1919 935 1985 et
959 1909 1120 1985 doctrina
1137 1908 1216 1984 sine
1236 1917 1410 2006 potestate

190 2025 429 2124 oontepnitnr,
445 2033 482 2100 et
499 2023 716 2099 dominantis
733 2023 808 2096 vim
826 2021 956 2098 habere
973 2021 1133 2100 creditur
1154 2029 1309 2120 potestas
1334 2021 1412 2096 siue

187 2141 323 2215 ratione
340 2138 510 2227 doctrine,
525 2137 611 2213 huic
628 2147 748 2213 autem
767 2147 809 2212 ut
827 2137 964 2235 possint
980 2161 1022 2211 ea
1040 2161 1119 2234 quse
1136 2134 1235 2209 iussa
1251 2143 1338 2210 sunt
1362 2135 1413 2209 fa·

187 2253 294 2330 cilius
310 2252 459 2328 Domino
476 2251 673 2327 adiuvante
690 2250 873 2349 compleri,
891 2249 1094 2328 Proiectum
1112 2249 1292 2324 notarium
1311 2249 1412 2324 Sedis

186 2376 315 2442 nostre
332 2366 602 2460 adiungendum
628 2389 703 2440 esse
730 2363 921 2450 eredimus
951 2372 991 2438 ut
1016 2361 1229 2460 participato
1253 2362 1411 2451 consilio,

187 2507 267 2580 quae
284 2479 508 2556 rationabilia
525 2488 611 2553 suut
628 2477 755 2578 exequi
773 2501 843 2552 non
862 2488 1058 2554 morentur.
1076 2477 1285 2552 salutantes
1297 2475 1412 2573 igitur

187 2603 344 2692 paternae
361 2591 523 2668 caritatis
541 2590 696 2690 alloquio
714 2601 755 2665 ut
772 2592 950 2689 predictis
969 2591 1008 2666 in
1021 2591 1186 2667 omnibns
1199 2617 1278 2690 quae
1291 2591 1350 2667 vel
1367 2592 1411 2667 ad

187 2705 468 2783 ecclesiasticam
487 2705 663 2781 unitatem
681 2706 739 2782 vel
756 2705 800 2780 ad
818 2706 1076 2804 correptionem
1100 2731 1311 2783 excessuum
1337 2729 1413 2804 per·

189 2821 307 2896 tinent
324 2818 448 2896 seratis
465 2818 640 2894 auxilium
661 2820 892 2918 postulemus.

737 3047 858 3132 extr.
971 3028 973 3031 ⁵

288 3275 461 3372 Pelagius
479 3273 652 3373 Helpidio,
668 3263 1033 3373 episcopoOatinensi
1052 3273 1147 3350 inter
1163 3282 1292 3350 cetera.
1309 3271 1414 3350 Sicut

189 3413 480 3489 unumquemque
506 3389 717 3463 clericorum
743 3398 887 3464 tuorum
904 3389 1170 3466 ecelesiasticis
1194 3387 1414 3463 utilitatibus

189 3506 248 3581 vel
265 3501 554 3602 dispositionibus
571 3501 773 3577 dilectionis
789 3512 862 3578 tuce
887 3528 949 3602 pro
973 3503 1096 3580 eadem
1122 3502 1276 3578 ecclesia
1299 3526 1413 3599 usque

189 3619 234 3693 ad
252 3617 401 3716 iustitiae
419 3616 615 3713 legumque
634 3615 807 3692 rationem
821 3617 1092 3714 procedentibus
1107 3615 1257 3690 fideliter
1273 3615 1413 3691 obedire

194 3729 428 3829 prospexeris,
446 3729 496 3803 ita
513 3728 714 3804 dilectionis
731 3739 804 3803 tuae
821 3730 950 3806 effectu
967 3729 1151 3806 contineas
1164 3727 1360 3805 secuudum
1375 3730 1413 3802 fi-

191 3845 271 3920 dem
289 3841 588 3940 diligentiamque
604 3867 707 3916 suam
723 3843 1007 3945 uniuscuiusque
1021 3845 1148 3920 merita
1161 3843 1412 3944 prosequendo.

733 4046 870 4131 oxvll.

559 4251 609 4300 Ex
627 4249 759 4314 regesto
778 4251 910 4304 Honorii
927 4252 1039 4316 Papae.

287 4410 465 4486 Honorius
486 4410 650 4487 Gratioso
667 4412 890 4488 subdiacono.
906 4415 961 4487 Ne
978 4412 1147 4511 cuiquam
1165 4411 1263 4487 labor
1280 4435 1323 4486 ac
1335 4411 1411 4485 dili-

191 4523 317 4622 gentia
335 4550 442 4625 quam
461 4525 498 4598 in
518 4525 624 4601 rebus
641 4525 810 4603 aecelesiae
835 4525 976 4602 adhibet
1000 4525 1111 4624 possit
1134 4551 1211 4603 esse
1235 4525 1414 4616 damnosa,
