<?xml version="1.0" encoding="UTF-8"?>
<!DOCTYPE html PUBLIC "-//W3C//DTD XHTML 1.0 Transitional//EN"
    "http://www.w3.org/TR/xhtml1/DTD/xhtml1-transitional.dtd">
<html xmlns="http://www.w3.org/1999/xhtml" xml:lang="en" lang="en">
 <head>
  <title>
</title>
<meta http-equiv="Content-Type" content="text/html;charset=utf-8" />
  <meta name='ocr-system' content='tesseract 3.04.00' />
  <meta name='ocr-capabilities' content='ocr_page ocr_carea ocr_par ocr_line ocrx_word'/>
</head>
<body>
  <div class='ocr_page' id='page_1' title='image "./deusdeditpresby00martgoog_0339.png"; bbox 0 0 3618 5316; ppageno 0'>
   <div class='ocr_carea' id='block_1_1' title="bbox 884 392 1082 454">
    <p class='ocr_par' dir='ltr' id='par_1_1' title="bbox 884 392 1082 454">
     <span class='ocr_line' id='line_1_1' title="bbox 884 392 1082 454; baseline 0.005 -1"><span class='ocrx_word' id='word_1_1' title='bbox 884 392 1082 454; x_wconf 83' lang='lat'>-314-</span> 
     </span>
    </p>
   </div>
   <div class='ocr_carea' id='block_1_2' title="bbox 368 509 1598 4583">
    <p class='ocr_par' dir='ltr' id='par_1_2' title="bbox 368 509 1598 4583">
     <span class='ocr_line' id='line_1_2' title="bbox 370 509 1594 614; baseline 0.005 -30"><span class='ocrx_word' id='word_1_2' title='bbox 370 520 495 586; x_wconf 86' lang='lat' dir='ltr'><strong>sancta</strong></span> <span class='ocrx_word' id='word_1_3' title='bbox 506 509 585 585; x_wconf 90' lang='lat' dir='ltr'><strong>eins</strong></span> <span class='ocrx_word' id='word_1_4' title='bbox 593 511 812 586; x_wconf 83' lang='lat' dir='ltr'><strong>confessione</strong></span> <span class='ocrx_word' id='word_1_5' title='bbox 820 519 1001 610; x_wconf 89' lang='lat' dir='ltr'><strong>ponentes,</strong></span> <span class='ocrx_word' id='word_1_6' title='bbox 1009 521 1084 586; x_wconf 89' lang='lat' dir='ltr'><strong>tarn</strong></span> <span class='ocrx_word' id='word_1_7' title='bbox 1094 511 1170 612; x_wconf 87' lang='lat' dir='ltr'><strong>ipse</strong></span> <span class='ocrx_word' id='word_1_8' title='bbox 1179 516 1399 590; x_wconf 88' lang='lat' dir='ltr'><strong>Francorum</strong></span> <span class='ocrx_word' id='word_1_9' title='bbox 1409 539 1472 592; x_wconf 83' lang='lat' dir='ltr'><strong>rex</strong></span> <span class='ocrx_word' id='word_1_10' title='bbox 1482 541 1594 614; x_wconf 90' lang='lat' dir='ltr'><strong>quam</strong></span> 
     </span>
     <span class='ocr_line' id='line_1_3' title="bbox 370 624 1595 713; baseline 0.002 -13"><span class='ocrx_word' id='word_1_11' title='bbox 370 626 448 700; x_wconf 89' lang='lat' dir='ltr'><strong>eins</strong></span> <span class='ocrx_word' id='word_1_12' title='bbox 465 624 613 713; x_wconf 84' lang='lat' dir='ltr'><strong>iudices,</strong></span> <span class='ocrx_word' id='word_1_13' title='bbox 629 624 732 700; x_wconf 85' lang='lat' dir='ltr'><strong>beato</strong></span> <span class='ocrx_word' id='word_1_14' title='bbox 749 627 854 700; x_wconf 91' lang='lat' dir='ltr'><strong>Petro</strong></span> <span class='ocrx_word' id='word_1_15' title='bbox 871 635 908 700; x_wconf 87' lang='lat' dir='ltr'><strong>et</strong></span> <span class='ocrx_word' id='word_1_16' title='bbox 924 626 1002 700; x_wconf 89' lang='lat' dir='ltr'><strong>eius</strong></span> <span class='ocrx_word' id='word_1_17' title='bbox 1024 625 1170 700; x_wconf 88' lang='lat' dir='ltr'><strong>Vicario</strong></span> <span class='ocrx_word' id='word_1_18' title='bbox 1194 627 1420 702; x_wconf 84' lang='lat' dir='ltr'><strong>sanctissimo</strong></span> <span class='ocrx_word' id='word_1_19' title='bbox 1438 628 1595 702; x_wconf 78' lang='lat' dir='ltr'><strong>Adriano</strong></span> 
     </span>
     <span class='ocr_line' id='line_1_4' title="bbox 369 737 1596 837; baseline 0.002 -24"><span class='ocrx_word' id='word_1_20' title='bbox 369 741 474 836; x_wconf 76' lang='lat' dir='ltr'><strong>Papae</strong></span> <span class='ocrx_word' id='word_1_21' title='bbox 490 745 714 812; x_wconf 88' lang='lat' dir='ltr'><strong>sacramento</strong></span> <span class='ocrx_word' id='word_1_22' title='bbox 732 761 809 812; x_wconf 87' lang='lat' dir='ltr'><strong>sesa</strong></span> <span class='ocrx_word' id='word_1_23' title='bbox 825 737 945 812; x_wconf 90' lang='lat' dir='ltr'><strong>omnia</strong></span> <span class='ocrx_word' id='word_1_24' title='bbox 961 748 1237 814; x_wconf 83' lang='lat' dir='ltr'><strong>conservaturos</strong></span> <span class='ocrx_word' id='word_1_25' title='bbox 1253 763 1334 837; x_wconf 88' lang='lat' dir='ltr'><strong>quae</strong></span> <span class='ocrx_word' id='word_1_26' title='bbox 1350 739 1388 812; x_wconf 94' lang='lat' dir='ltr'><strong>in</strong></span> <span class='ocrx_word' id='word_1_27' title='bbox 1401 740 1522 815; x_wconf 86' lang='lat' dir='ltr'><strong>eadem</strong></span> <span class='ocrx_word' id='word_1_28' title='bbox 1536 741 1596 816; x_wconf 93' lang='lat' dir='ltr'><strong>do-</strong></span> 
     </span>
     <span class='ocr_line' id='line_1_5' title="bbox 369 849 1595 951; baseline 0.003 -27"><span class='ocrx_word' id='word_1_29' title='bbox 369 851 512 926; x_wconf 75' lang='lat' dir='ltr'><strong>natione</strong></span> <span class='ocrx_word' id='word_1_30' title='bbox 529 849 759 925; x_wconf 90' lang='lat' dir='ltr'><strong>continentur</strong></span> <span class='ocrx_word' id='word_1_31' title='bbox 776 849 1024 949; x_wconf 75' lang='lat' dir='ltr'><strong>promittentes</strong></span> <span class='ocrx_word' id='word_1_32' title='bbox 1040 851 1273 926; x_wconf 89' lang='lat' dir='ltr'><strong>tradiderunt.</strong></span> <span class='ocrx_word' id='word_1_33' title='bbox 1288 857 1466 950; x_wconf 87' lang='lat' dir='ltr'><strong>Apparem</strong></span> <span class='ocrx_word' id='word_1_34' title='bbox 1480 854 1595 951; x_wconf 87' lang='lat' dir='ltr'><strong>ipsius</strong></span> 
     </span>
     <span class='ocr_line' id='line_1_6' title="bbox 369 963 1595 1066; baseline 0.001 -26"><span class='ocrx_word' id='word_1_35' title='bbox 369 964 568 1040; x_wconf 91' lang='lat' dir='ltr'><strong>donationis</strong></span> <span class='ocrx_word' id='word_1_36' title='bbox 584 963 747 1038; x_wconf 90' lang='lat' dir='ltr'><strong>eumdem</strong></span> <span class='ocrx_word' id='word_1_37' title='bbox 767 963 956 1038; x_wconf 88' lang='lat' dir='ltr'><strong>Etherium</strong></span> <span class='ocrx_word' id='word_1_38' title='bbox 973 963 1105 1040; x_wconf 89' lang='lat' dir='ltr'><strong>ascribi</strong></span> <span class='ocrx_word' id='word_1_39' title='bbox 1122 964 1260 1041; x_wconf 82' lang='lat' dir='ltr'><strong>iaciens</strong></span> <span class='ocrx_word' id='word_1_40' title='bbox 1277 964 1352 1066; x_wconf 89' lang='lat' dir='ltr'><strong>ipse</strong></span> <span class='ocrx_word' id='word_1_41' title='bbox 1370 964 1595 1041; x_wconf 87' lang='lat' dir='ltr'><strong>christianis·</strong></span> 
     </span>
     <span class='ocr_line' id='line_1_7' title="bbox 374 1077 1594 1176; baseline 0 -24"><span class='ocrx_word' id='word_1_42' title='bbox 374 1079 488 1152; x_wconf 90' lang='lat' dir='ltr'><strong>simus</strong></span> <span class='ocrx_word' id='word_1_43' title='bbox 505 1079 726 1152; x_wconf 84' lang='lat' dir='ltr'><strong>Francorum</strong></span> <span class='ocrx_word' id='word_1_44' title='bbox 744 1079 831 1168; x_wconf 85' lang='lat' dir='ltr'><strong>Rex,</strong></span> <span class='ocrx_word' id='word_1_45' title='bbox 848 1077 948 1152; x_wconf 89' lang='lat' dir='ltr'><strong>intus</strong></span> <span class='ocrx_word' id='word_1_46' title='bbox 964 1100 1072 1176; x_wconf 85' lang='lat' dir='ltr'><strong>super</strong></span> <span class='ocrx_word' id='word_1_47' title='bbox 1088 1099 1216 1176; x_wconf 89' lang='lat' dir='ltr'><strong>corpus</strong></span> <span class='ocrx_word' id='word_1_48' title='bbox 1232 1077 1326 1152; x_wconf 86' lang='lat' dir='ltr'><strong>beati</strong></span> <span class='ocrx_word' id='word_1_49' title='bbox 1344 1077 1448 1154; x_wconf 87' lang='lat' dir='ltr'><strong>Petri.</strong></span> <span class='ocrx_word' id='word_1_50' title='bbox 1465 1079 1594 1154; x_wconf 81' lang='lat' dir='ltr'><strong>subtus</strong></span> 
     </span>
     <span class='ocr_line' id='line_1_8' title="bbox 368 1189 1595 1289; baseline -0.001 -23"><span class='ocrx_word' id='word_1_51' title='bbox 368 1190 561 1289; x_wconf 83' lang='lat' dir='ltr'><strong>evangelia</strong></span> <span class='ocrx_word' id='word_1_52' title='bbox 573 1214 653 1288; x_wconf 85' lang='lat' dir='ltr'><strong>quae</strong></span> <span class='ocrx_word' id='word_1_53' title='bbox 666 1189 797 1266; x_wconf 87' lang='lat' dir='ltr'><strong>ibidem</strong></span> <span class='ocrx_word' id='word_1_54' title='bbox 815 1191 1038 1278; x_wconf 86' lang='lat' dir='ltr'><strong>osculantur,</strong></span> <span class='ocrx_word' id='word_1_55' title='bbox 1051 1211 1113 1287; x_wconf 92' lang='lat' dir='ltr'><strong>pro</strong></span> <span class='ocrx_word' id='word_1_56' title='bbox 1131 1190 1286 1264; x_wconf 85' lang='lat' dir='ltr'><strong>firmisse</strong></span> <span class='ocrx_word' id='word_1_57' title='bbox 1300 1190 1442 1266; x_wconf 89' lang='lat' dir='ltr'><strong>cautela</strong></span> <span class='ocrx_word' id='word_1_58' title='bbox 1454 1201 1491 1266; x_wconf 91' lang='lat' dir='ltr'><strong>et</strong></span> <span class='ocrx_word' id='word_1_59' title='bbox 1503 1202 1595 1267; x_wconf 93' lang='lat' dir='ltr'><strong>eter-</strong></span> 
     </span>
     <span class='ocr_line' id='line_1_9' title="bbox 370 1303 1595 1405; baseline -0.001 -27"><span class='ocrx_word' id='word_1_60' title='bbox 370 1307 408 1380; x_wconf 89' lang='lat' dir='ltr'><strong>ni</strong></span> <span class='ocrx_word' id='word_1_61' title='bbox 426 1304 581 1380; x_wconf 91' lang='lat' dir='ltr'><strong>nominis</strong></span> <span class='ocrx_word' id='word_1_62' title='bbox 597 1303 654 1378; x_wconf 93' lang='lat' dir='ltr'><strong>sui</strong></span> <span class='ocrx_word' id='word_1_63' title='bbox 672 1329 715 1379; x_wconf 91' lang='lat' dir='ltr'><strong>ac</strong></span> <span class='ocrx_word' id='word_1_64' title='bbox 734 1305 837 1401; x_wconf 83' lang='lat' dir='ltr'><strong>regni</strong></span> <span class='ocrx_word' id='word_1_65' title='bbox 863 1305 1082 1380; x_wconf 84' lang='lat' dir='ltr'><strong>Francorum</strong></span> <span class='ocrx_word' id='word_1_66' title='bbox 1108 1305 1278 1378; x_wconf 89' lang='lat' dir='ltr'><strong>memoria</strong></span> <span class='ocrx_word' id='word_1_67' title='bbox 1304 1305 1454 1405; x_wconf 88' lang='lat' dir='ltr'><strong>propriis</strong></span> <span class='ocrx_word' id='word_1_68' title='bbox 1479 1305 1595 1378; x_wconf 91' lang='lat' dir='ltr'><strong>mani-</strong></span> 
     </span>
     <span class='ocr_line' id='line_1_10' title="bbox 369 1415 1595 1518; baseline -0.001 -26"><span class='ocrx_word' id='word_1_69' title='bbox 369 1417 437 1492; x_wconf 88' lang='lat' dir='ltr'><strong>bus</strong></span> <span class='ocrx_word' id='word_1_70' title='bbox 456 1417 584 1518; x_wconf 88' lang='lat' dir='ltr'><strong>posuit.</strong></span> <span class='ocrx_word' id='word_1_71' title='bbox 603 1417 755 1516; x_wconf 81' lang='lat' dir='ltr'><strong>Alieque</strong></span> <span class='ocrx_word' id='word_1_72' title='bbox 780 1416 939 1493; x_wconf 89' lang='lat' dir='ltr'><strong>eiusdem</strong></span> <span class='ocrx_word' id='word_1_73' title='bbox 964 1415 1163 1491; x_wconf 89' lang='lat' dir='ltr'><strong>donationis</strong></span> <span class='ocrx_word' id='word_1_74' title='bbox 1187 1417 1348 1516; x_wconf 87' lang='lat' dir='ltr'><strong>exempla</strong></span> <span class='ocrx_word' id='word_1_75' title='bbox 1374 1441 1436 1516; x_wconf 88' lang='lat' dir='ltr'><strong>pro</strong></span> <span class='ocrx_word' id='word_1_76' title='bbox 1460 1417 1595 1494; x_wconf 87' lang='lat' dir='ltr'><strong>scrina-</strong></span> 
     </span>
     <span class='ocr_line' id='line_1_11' title="bbox 370 1529 1595 1630; baseline 0.002 -26"><span class='ocrx_word' id='word_1_77' title='bbox 370 1531 465 1606; x_wconf 88' lang='lat' dir='ltr'><strong>rium</strong></span> <span class='ocrx_word' id='word_1_78' title='bbox 482 1531 591 1605; x_wconf 90' lang='lat' dir='ltr'><strong>huius</strong></span> <span class='ocrx_word' id='word_1_79' title='bbox 607 1542 741 1607; x_wconf 83' lang='lat' dir='ltr'><strong>sanctae</strong></span> <span class='ocrx_word' id='word_1_80' title='bbox 757 1541 887 1606; x_wconf 85' lang='lat' dir='ltr'><strong>nostrae</strong></span> <span class='ocrx_word' id='word_1_81' title='bbox 905 1535 1072 1607; x_wconf 80' lang='lat' dir='ltr'><strong>Romanae</strong></span> <span class='ocrx_word' id='word_1_82' title='bbox 1089 1529 1261 1605; x_wconf 84' lang='lat' dir='ltr'><strong>aecclesiae</strong></span> <span class='ocrx_word' id='word_1_83' title='bbox 1273 1531 1441 1630; x_wconf 84' lang='lat' dir='ltr'><strong>ascripta,</strong></span> <span class='ocrx_word' id='word_1_84' title='bbox 1453 1531 1530 1606; x_wconf 91' lang='lat' dir='ltr'><strong>eius</strong></span> <span class='ocrx_word' id='word_1_85' title='bbox 1547 1531 1595 1607; x_wconf 91' lang='lat' dir='ltr'><strong>ad</strong></span> 
     </span>
     <span class='ocr_line' id='line_1_12' title="bbox 371 1639 1594 1744; baseline -0.002 -23"><span class='ocrx_word' id='word_1_86' title='bbox 371 1639 560 1721; x_wconf 87' lang='lat' dir='ltr'><strong>exellentia</strong></span> <span class='ocrx_word' id='word_1_87' title='bbox 579 1669 702 1721; x_wconf 90' lang='lat' dir='ltr'><strong>secum</strong></span> <span class='ocrx_word' id='word_1_88' title='bbox 720 1645 930 1744; x_wconf 82' lang='lat' dir='ltr'><strong>deportavit.</strong></span> <span class='ocrx_word' id='word_1_89' title='bbox 944 1645 1012 1720; x_wconf 89' lang='lat' dir='ltr'><strong>Sed</strong></span> <span class='ocrx_word' id='word_1_90' title='bbox 1030 1655 1067 1719; x_wconf 90' lang='lat' dir='ltr'><strong>et</strong></span> <span class='ocrx_word' id='word_1_91' title='bbox 1080 1644 1245 1740; x_wconf 85' lang='lat' dir='ltr'><strong>ingestis</strong></span> <span class='ocrx_word' id='word_1_92' title='bbox 1258 1645 1406 1720; x_wconf 90' lang='lat' dir='ltr'><strong>secundi</strong></span> <span class='ocrx_word' id='word_1_93' title='bbox 1420 1645 1594 1744; x_wconf 88' lang='lat' dir='ltr'><strong>Stephani</strong></span> 
     </span>
     <span class='ocr_line' id='line_1_13' title="bbox 370 1756 1594 1860; baseline 0 -27"><span class='ocrx_word' id='word_1_94' title='bbox 370 1761 475 1855; x_wconf 84' lang='lat' dir='ltr'><strong>Papae</strong></span> <span class='ocrx_word' id='word_1_95' title='bbox 485 1756 743 1854; x_wconf 86' lang='lat' dir='ltr'><strong>legunturesse</strong></span> <span class='ocrx_word' id='word_1_96' title='bbox 755 1757 966 1855; x_wconf 89' lang='lat' dir='ltr'><strong>patrimonia</strong></span> <span class='ocrx_word' id='word_1_97' title='bbox 974 1759 1070 1834; x_wconf 90' lang='lat' dir='ltr'><strong>beati</strong></span> <span class='ocrx_word' id='word_1_98' title='bbox 1081 1758 1177 1833; x_wconf 89' lang='lat' dir='ltr'><strong>Petri</strong></span> <span class='ocrx_word' id='word_1_99' title='bbox 1186 1761 1368 1860; x_wconf 76' lang='lat' dir='ltr'><strong>Ravenna,</strong></span> <span class='ocrx_word' id='word_1_100' title='bbox 1377 1760 1594 1850; x_wconf 90' lang='lat' dir='ltr'><strong>Ariminum,</strong></span> 
     </span>
     <span class='ocr_line' id='line_1_14' title="bbox 372 1870 1596 1968; baseline 0.002 -22"><span class='ocrx_word' id='word_1_101' title='bbox 372 1874 608 1958; x_wconf 82' lang='lat' dir='ltr'><strong>Pensanrum,</strong></span> <span class='ocrx_word' id='word_1_102' title='bbox 624 1870 821 1958; x_wconf 80' lang='lat' dir='ltr'><strong>Catholica,</strong></span> <span class='ocrx_word' id='word_1_103' title='bbox 842 1873 994 1960; x_wconf 81' lang='lat' dir='ltr'><strong>Fanum,</strong></span> <span class='ocrx_word' id='word_1_104' title='bbox 1015 1872 1163 1960; x_wconf 89' lang='lat' dir='ltr'><strong>Cesena,</strong></span> <span class='ocrx_word' id='word_1_105' title='bbox 1184 1871 1391 1968; x_wconf 78' lang='lat' dir='ltr'><strong>Senogallia</strong></span> <span class='ocrx_word' id='word_1_106' title='bbox 1416 1872 1508 1961; x_wconf 88' lang='lat' dir='ltr'><strong>Esis,</strong></span> <span class='ocrx_word' id='word_1_107' title='bbox 1529 1876 1596 1948; x_wconf 90' lang='lat' dir='ltr'><strong>Fo-</strong></span> 
     </span>
     <span class='ocr_line' id='line_1_15' title="bbox 369 1983 1594 2082; baseline 0.002 -24"><span class='ocrx_word' id='word_1_108' title='bbox 369 1983 624 2082; x_wconf 92' lang='lat' dir='ltr'><strong>rumpompilii,</strong></span> <span class='ocrx_word' id='word_1_109' title='bbox 637 1983 862 2072; x_wconf 87' lang='lat' dir='ltr'><strong>Forumlivii,</strong></span> <span class='ocrx_word' id='word_1_110' title='bbox 874 1993 911 2059; x_wconf 88' lang='lat' dir='ltr'><strong>et</strong></span> <span class='ocrx_word' id='word_1_111' title='bbox 928 1984 1097 2060; x_wconf 83' lang='lat' dir='ltr'><strong>Castrum</strong></span> <span class='ocrx_word' id='word_1_112' title='bbox 1113 1985 1341 2074; x_wconf 85' lang='lat' dir='ltr'><strong>Suseubium,</strong></span> <span class='ocrx_word' id='word_1_113' title='bbox 1355 1986 1594 2062; x_wconf 83' lang='lat' dir='ltr'><strong>blonsferetri.</strong></span> 
     </span>
     <span class='ocr_line' id='line_1_16' title="bbox 373 2095 1597 2194; baseline 0.001 -22"><span class='ocrx_word' id='word_1_114' title='bbox 373 2103 503 2173; x_wconf 88' lang='lat' dir='ltr'><strong>Acerte</strong></span> <span class='ocrx_word' id='word_1_115' title='bbox 516 2097 610 2194; x_wconf 88' lang='lat' dir='ltr'><strong>agio,</strong></span> <span class='ocrx_word' id='word_1_116' title='bbox 627 2099 731 2171; x_wconf 89' lang='lat' dir='ltr'><strong>Mons</strong></span> <span class='ocrx_word' id='word_1_117' title='bbox 744 2095 879 2188; x_wconf 89' lang='lat' dir='ltr'><strong>lucani,</strong></span> <span class='ocrx_word' id='word_1_118' title='bbox 893 2122 1003 2187; x_wconf 90' lang='lat' dir='ltr'><strong>serra,</strong></span> <span class='ocrx_word' id='word_1_119' title='bbox 1016 2095 1215 2172; x_wconf 87' lang='lat' dir='ltr'><strong>Castellum</strong></span> <span class='ocrx_word' id='word_1_120' title='bbox 1229 2095 1345 2170; x_wconf 86' lang='lat' dir='ltr'><strong>sancti</strong></span> <span class='ocrx_word' id='word_1_121' title='bbox 1358 2095 1519 2186; x_wconf 86' lang='lat' dir='ltr'><strong>Martini,</strong></span> <span class='ocrx_word' id='word_1_122' title='bbox 1530 2099 1597 2173; x_wconf 79' lang='lat' dir='ltr'><strong>Bo</strong></span> 
     </span>
     <span class='ocr_line' id='line_1_17' title="bbox 370 2207 1598 2306; baseline -0.002 -20"><span class='ocrx_word' id='word_1_123' title='bbox 370 2211 481 2301; x_wconf 91' lang='lat' dir='ltr'><strong>bium,</strong></span> <span class='ocrx_word' id='word_1_124' title='bbox 499 2209 612 2286; x_wconf 86' lang='lat' dir='ltr'><strong>Callis</strong></span> <span class='ocrx_word' id='word_1_125' title='bbox 630 2207 811 2299; x_wconf 90' lang='lat' dir='ltr'><strong>aniolns,</strong></span> <span class='ocrx_word' id='word_1_126' title='bbox 829 2209 1053 2306; x_wconf 82' lang='lat' dir='ltr'><strong>Engubium,</strong></span> <span class='ocrx_word' id='word_1_127' title='bbox 1067 2208 1303 2298; x_wconf 88' lang='lat' dir='ltr'><strong>Comiaolum,</strong></span> <span class='ocrx_word' id='word_1_128' title='bbox 1315 2215 1352 2283; x_wconf 82' lang='lat' dir='ltr'><strong>et</strong></span> <span class='ocrx_word' id='word_1_129' title='bbox 1363 2209 1495 2285; x_wconf 86' lang='lat' dir='ltr'><strong>civitas</strong></span> <span class='ocrx_word' id='word_1_130' title='bbox 1506 2213 1598 2284; x_wconf 86' lang='lat' dir='ltr'><strong>Nar·</strong></span> 
     </span>
     <span class='ocr_line' id='line_1_18' title="bbox 373 2323 1597 2423; baseline -0.001 -23"><span class='ocrx_word' id='word_1_131' title='bbox 373 2327 447 2414; x_wconf 89' lang='lat' dir='ltr'><strong>nia,</strong></span> <span class='ocrx_word' id='word_1_132' title='bbox 460 2335 496 2400; x_wconf 90' lang='lat' dir='ltr'><strong>et</strong></span> <span class='ocrx_word' id='word_1_133' title='bbox 508 2323 695 2415; x_wconf 87' lang='lat' dir='ltr'><strong>Faventia,</strong></span> <span class='ocrx_word' id='word_1_134' title='bbox 707 2333 743 2398; x_wconf 88' lang='lat' dir='ltr'><strong>et</strong></span> <span class='ocrx_word' id='word_1_135' title='bbox 757 2323 926 2399; x_wconf 86' lang='lat' dir='ltr'><strong>Castrum</strong></span> <span class='ocrx_word' id='word_1_136' title='bbox 940 2324 1179 2423; x_wconf 77' lang='lat' dir='ltr'><strong>tyberianum,</strong></span> <span class='ocrx_word' id='word_1_137' title='bbox 1191 2333 1228 2398; x_wconf 90' lang='lat' dir='ltr'><strong>et</strong></span> <span class='ocrx_word' id='word_1_138' title='bbox 1241 2323 1417 2399; x_wconf 79' lang='lat' dir='ltr'><strong>Gabolum</strong></span> <span class='ocrx_word' id='word_1_139' title='bbox 1431 2335 1468 2399; x_wconf 89' lang='lat' dir='ltr'><strong>et</strong></span> <span class='ocrx_word' id='word_1_140' title='bbox 1479 2324 1597 2399; x_wconf 91' lang='lat' dir='ltr'><strong>omnis</strong></span> 
     </span>
     <span class='ocr_line' id='line_1_19' title="bbox 370 2437 1595 2539; baseline -0.002 -24"><span class='ocrx_word' id='word_1_141' title='bbox 370 2441 523 2516; x_wconf 89' lang='lat' dir='ltr'><strong>ducatus</strong></span> <span class='ocrx_word' id='word_1_142' title='bbox 548 2437 722 2514; x_wconf 86' lang='lat' dir='ltr'><strong>Ferraria.</strong></span> <span class='ocrx_word' id='word_1_143' title='bbox 747 2437 914 2513; x_wconf 86' lang='lat' dir='ltr'><strong>Iohannis</strong></span> <span class='ocrx_word' id='word_1_144' title='bbox 939 2441 1009 2512; x_wconf 93' lang='lat' dir='ltr'><strong>VII</strong></span> <span class='ocrx_word' id='word_1_145' title='bbox 1032 2441 1137 2537; x_wconf 83' lang='lat' dir='ltr'><strong>Papae</strong></span> <span class='ocrx_word' id='word_1_146' title='bbox 1160 2437 1378 2535; x_wconf 86' lang='lat' dir='ltr'><strong>temporibus</strong></span> <span class='ocrx_word' id='word_1_147' title='bbox 1405 2439 1595 2539; x_wconf 88' lang='lat' dir='ltr'><strong>Aripertus</strong></span> 
     </span>
     <span class='ocr_line' id='line_1_20' title="bbox 373 2550 1595 2651; baseline -0.001 -24"><span class='ocrx_word' id='word_1_148' title='bbox 373 2581 435 2630; x_wconf 84' lang='lat' dir='ltr'><strong>rex</strong></span> <span class='ocrx_word' id='word_1_149' title='bbox 452 2552 764 2650; x_wconf 82' lang='lat' dir='ltr'><strong>Longobardorum</strong></span> <span class='ocrx_word' id='word_1_150' title='bbox 781 2552 1005 2628; x_wconf 90' lang='lat' dir='ltr'><strong>donationem</strong></span> <span class='ocrx_word' id='word_1_151' title='bbox 1022 2550 1228 2651; x_wconf 85' lang='lat' dir='ltr'><strong>patrimonii</strong></span> <span class='ocrx_word' id='word_1_152' title='bbox 1245 2551 1391 2651; x_wconf 90' lang='lat' dir='ltr'><strong>Alpium</strong></span> <span class='ocrx_word' id='word_1_153' title='bbox 1408 2553 1595 2642; x_wconf 86' lang='lat' dir='ltr'><strong>cotiarum,</strong></span> 
     </span>
     <span class='ocr_line' id='line_1_21' title="bbox 373 2663 1594 2766; baseline -0.002 -24"><span class='ocrx_word' id='word_1_154' title='bbox 373 2693 453 2766; x_wconf 82' lang='lat' dir='ltr'><strong>quae</strong></span> <span class='ocrx_word' id='word_1_155' title='bbox 478 2665 588 2762; x_wconf 80' lang='lat' dir='ltr'><strong>longa</strong></span> <span class='ocrx_word' id='word_1_156' title='bbox 618 2691 680 2764; x_wconf 89' lang='lat' dir='ltr'><strong>per</strong></span> <span class='ocrx_word' id='word_1_157' title='bbox 709 2675 866 2764; x_wconf 88' lang='lat' dir='ltr'><strong>tempora</strong></span> <span class='ocrx_word' id='word_1_158' title='bbox 889 2691 911 2738; x_wconf 90' lang='lat' dir='ltr'><strong>a</strong></span> <span class='ocrx_word' id='word_1_159' title='bbox 935 2667 1013 2740; x_wconf 89' lang='lat' dir='ltr'><strong>iure</strong></span> <span class='ocrx_word' id='word_1_160' title='bbox 1038 2663 1208 2740; x_wconf 78' lang='lat' dir='ltr'><strong>aecolcsiae</strong></span> <span class='ocrx_word' id='word_1_161' title='bbox 1236 2664 1377 2762; x_wconf 87' lang='lat' dir='ltr'><strong>privata</strong></span> <span class='ocrx_word' id='word_1_162' title='bbox 1405 2664 1526 2754; x_wconf 87' lang='lat' dir='ltr'><strong>fuerit,</strong></span> <span class='ocrx_word' id='word_1_163' title='bbox 1549 2691 1594 2740; x_wconf 88' lang='lat' dir='ltr'><strong>ac</strong></span> 
     </span>
     <span class='ocr_line' id='line_1_22' title="bbox 370 2777 1595 2876; baseline 0 -22"><span class='ocrx_word' id='word_1_164' title='bbox 370 2781 416 2855; x_wconf 89' lang='lat' dir='ltr'><strong>ab</strong></span> <span class='ocrx_word' id='word_1_165' title='bbox 432 2780 553 2856; x_wconf 88' lang='lat' dir='ltr'><strong>eadem</strong></span> <span class='ocrx_word' id='word_1_166' title='bbox 571 2789 679 2876; x_wconf 81' lang='lat' dir='ltr'><strong>gente</strong></span> <span class='ocrx_word' id='word_1_167' title='bbox 696 2779 932 2870; x_wconf 87' lang='lat' dir='ltr'><strong>detinebatur,</strong></span> <span class='ocrx_word' id='word_1_168' title='bbox 949 2779 988 2852; x_wconf 92' lang='lat' dir='ltr'><strong>in</strong></span> <span class='ocrx_word' id='word_1_169' title='bbox 1013 2777 1143 2852; x_wconf 89' lang='lat' dir='ltr'><strong>litteris</strong></span> <span class='ocrx_word' id='word_1_170' title='bbox 1167 2777 1288 2852; x_wconf 90' lang='lat' dir='ltr'><strong>aureis</strong></span> <span class='ocrx_word' id='word_1_171' title='bbox 1313 2789 1496 2854; x_wconf 87' lang='lat' dir='ltr'><strong>exaratam</strong></span> <span class='ocrx_word' id='word_1_172' title='bbox 1521 2777 1595 2854; x_wconf 92' lang='lat' dir='ltr'><strong>iuri</strong></span> 
     </span>
     <span class='ocr_line' id='line_1_23' title="bbox 371 2891 1595 2994; baseline -0.001 -27"><span class='ocrx_word' id='word_1_173' title='bbox 371 2894 511 2994; x_wconf 89' lang='lat' dir='ltr'><strong>proprio</strong></span> <span class='ocrx_word' id='word_1_174' title='bbox 536 2893 630 2968; x_wconf 88' lang='lat' dir='ltr'><strong>beati</strong></span> <span class='ocrx_word' id='word_1_175' title='bbox 656 2893 903 2991; x_wconf 82' lang='lat' dir='ltr'><strong>Apostolorum</strong></span> <span class='ocrx_word' id='word_1_176' title='bbox 929 2891 1107 2988; x_wconf 90' lang='lat' dir='ltr'><strong>Principis</strong></span> <span class='ocrx_word' id='word_1_177' title='bbox 1129 2891 1227 2965; x_wconf 91' lang='lat' dir='ltr'><strong>Petri</strong></span> <span class='ocrx_word' id='word_1_178' title='bbox 1249 2891 1466 2966; x_wconf 86' lang='lat' dir='ltr'><strong>reformavit.</strong></span> <span class='ocrx_word' id='word_1_179' title='bbox 1484 2893 1595 2967; x_wconf 79' lang='lat' dir='ltr'><strong>Ceno</strong></span> 
     </span>
     <span class='ocr_line' id='line_1_24' title="bbox 371 3004 1592 3107; baseline -0.002 -25"><span class='ocrx_word' id='word_1_180' title='bbox 371 3008 429 3082; x_wconf 92' lang='lat' dir='ltr'><strong>nis</strong></span> <span class='ocrx_word' id='word_1_181' title='bbox 447 3011 552 3107; x_wconf 86' lang='lat' dir='ltr'><strong>Papae</strong></span> <span class='ocrx_word' id='word_1_182' title='bbox 568 3007 788 3106; x_wconf 86' lang='lat' dir='ltr'><strong>temporibus</strong></span> <span class='ocrx_word' id='word_1_183' title='bbox 805 3004 1029 3083; x_wconf 82' lang='lat' dir='ltr'><strong>lastinianus</strong></span> <span class='ocrx_word' id='word_1_184' title='bbox 1045 3005 1238 3104; x_wconf 86' lang='lat' dir='ltr'><strong>imperator</strong></span> <span class='ocrx_word' id='word_1_185' title='bbox 1255 3004 1352 3080; x_wconf 88' lang='lat' dir='ltr'><strong>filius</strong></span> <span class='ocrx_word' id='word_1_186' title='bbox 1365 3005 1592 3080; x_wconf 86' lang='lat' dir='ltr'><strong>Constantini</strong></span> 
     </span>
     <span class='ocr_line' id='line_1_25' title="bbox 375 3117 1592 3219; baseline 0 -26"><span class='ocrx_word' id='word_1_187' title='bbox 375 3119 550 3196; x_wconf 89' lang='lat' dir='ltr'><strong>relevavit</strong></span> <span class='ocrx_word' id='word_1_188' title='bbox 568 3119 628 3195; x_wconf 87' lang='lat' dir='ltr'><strong>CC</strong></span> <span class='ocrx_word' id='word_1_189' title='bbox 646 3119 764 3219; x_wconf 88' lang='lat' dir='ltr'><strong>capita</strong></span> <span class='ocrx_word' id='word_1_190' title='bbox 781 3143 940 3206; x_wconf 73' lang='lat' dir='ltr'><strong>annona,</strong></span> <span class='ocrx_word' id='word_1_191' title='bbox 954 3143 1034 3216; x_wconf 77' lang='lat' dir='ltr'><strong>quaa</strong></span> <span class='ocrx_word' id='word_1_192' title='bbox 1050 3117 1263 3216; x_wconf 88' lang='lat' dir='ltr'><strong>patrimonia</strong></span> <span class='ocrx_word' id='word_1_193' title='bbox 1285 3117 1409 3192; x_wconf 86' lang='lat' dir='ltr'><strong>Britiae</strong></span> <span class='ocrx_word' id='word_1_194' title='bbox 1426 3126 1462 3193; x_wconf 90' lang='lat' dir='ltr'><strong>et</strong></span> <span class='ocrx_word' id='word_1_195' title='bbox 1481 3121 1592 3193; x_wconf 85' lang='lat' dir='ltr'><strong>Luca-</strong></span> 
     </span>
     <span class='ocr_line' id='line_1_26' title="bbox 374 3231 1593 3332; baseline -0.002 -25"><span class='ocrx_word' id='word_1_196' title='bbox 374 3234 444 3308; x_wconf 89' lang='lat' dir='ltr'><strong>niae</strong></span> <span class='ocrx_word' id='word_1_197' title='bbox 470 3231 728 3332; x_wconf 84' lang='lat' dir='ltr'><strong>persolvebant.</strong></span> <span class='ocrx_word' id='word_1_198' title='bbox 752 3231 849 3308; x_wconf 88' lang='lat' dir='ltr'><strong>Idem</strong></span> <span class='ocrx_word' id='word_1_199' title='bbox 875 3231 1034 3307; x_wconf 86' lang='lat' dir='ltr'><strong>restituit</strong></span> <span class='ocrx_word' id='word_1_200' title='bbox 1059 3231 1295 3332; x_wconf 90' lang='lat' dir='ltr'><strong>suprascripti</strong></span> <span class='ocrx_word' id='word_1_201' title='bbox 1320 3232 1526 3330; x_wconf 87' lang='lat' dir='ltr'><strong>patrimonii</strong></span> <span class='ocrx_word' id='word_1_202' title='bbox 1542 3232 1593 3306; x_wconf 81' lang='lat' dir='ltr'><strong>fa·</strong></span> 
     </span>
     <span class='ocr_line' id='line_1_27' title="bbox 374 3345 1594 3448; baseline 0.002 -29"><span class='ocrx_word' id='word_1_203' title='bbox 374 3346 504 3436; x_wconf 83' lang='lat' dir='ltr'><strong>milias,</strong></span> <span class='ocrx_word' id='word_1_204' title='bbox 517 3355 553 3421; x_wconf 89' lang='lat' dir='ltr'><strong>et</strong></span> <span class='ocrx_word' id='word_1_205' title='bbox 566 3345 710 3436; x_wconf 81' lang='lat' dir='ltr'><strong>Sicilire,</strong></span> <span class='ocrx_word' id='word_1_206' title='bbox 723 3369 802 3443; x_wconf 80' lang='lat' dir='ltr'><strong>quaa</strong></span> <span class='ocrx_word' id='word_1_207' title='bbox 815 3347 852 3418; x_wconf 91' lang='lat' dir='ltr'><strong>in</strong></span> <span class='ocrx_word' id='word_1_208' title='bbox 866 3345 1015 3443; x_wconf 84' lang='lat' dir='ltr'><strong>pignore</strong></span> <span class='ocrx_word' id='word_1_209' title='bbox 1032 3345 1293 3420; x_wconf 88' lang='lat' dir='ltr'><strong>detinebantur.</strong></span> <span class='ocrx_word' id='word_1_210' title='bbox 1307 3345 1499 3423; x_wconf 89' lang='lat' dir='ltr'><strong>Zacharias</strong></span> <span class='ocrx_word' id='word_1_211' title='bbox 1511 3371 1594 3448; x_wconf 90' lang='lat' dir='ltr'><strong>pon·</strong></span> 
     </span>
     <span class='ocr_line' id='line_1_28' title="bbox 372 3457 1594 3558; baseline -0.002 -23"><span class='ocrx_word' id='word_1_212' title='bbox 372 3459 461 3535; x_wconf 83' lang='lat' dir='ltr'><strong>tifex</strong></span> <span class='ocrx_word' id='word_1_213' title='bbox 485 3457 624 3558; x_wconf 88' lang='lat' dir='ltr'><strong>accepit</strong></span> <span class='ocrx_word' id='word_1_214' title='bbox 648 3482 669 3530; x_wconf 93' lang='lat' dir='ltr'><strong>a</strong></span> <span class='ocrx_word' id='word_1_215' title='bbox 695 3457 930 3533; x_wconf 89' lang='lat' dir='ltr'><strong>Constantino</strong></span> <span class='ocrx_word' id='word_1_216' title='bbox 954 3457 1127 3556; x_wconf 88' lang='lat' dir='ltr'><strong>principe,</strong></span> <span class='ocrx_word' id='word_1_217' title='bbox 1148 3458 1373 3534; x_wconf 89' lang='lat' dir='ltr'><strong>donationem</strong></span> <span class='ocrx_word' id='word_1_218' title='bbox 1390 3458 1428 3532; x_wconf 91' lang='lat' dir='ltr'><strong>in</strong></span> <span class='ocrx_word' id='word_1_219' title='bbox 1449 3459 1594 3558; x_wconf 88' lang='lat' dir='ltr'><strong>scriptis</strong></span> 
     </span>
     <span class='ocr_line' id='line_1_29' title="bbox 373 3570 1592 3674; baseline -0.001 -26"><span class='ocrx_word' id='word_1_220' title='bbox 373 3581 542 3674; x_wconf 89' lang='lat' dir='ltr'><strong>perpetuo</strong></span> <span class='ocrx_word' id='word_1_221' title='bbox 560 3573 629 3646; x_wconf 90' lang='lat' dir='ltr'><strong>iuri</strong></span> <span class='ocrx_word' id='word_1_222' title='bbox 647 3575 814 3646; x_wconf 81' lang='lat' dir='ltr'><strong>Romanae</strong></span> <span class='ocrx_word' id='word_1_223' title='bbox 831 3570 1002 3646; x_wconf 83' lang='lat' dir='ltr'><strong>aecclesiae</strong></span> <span class='ocrx_word' id='word_1_224' title='bbox 1017 3571 1060 3646; x_wconf 89' lang='lat' dir='ltr'><strong>dc</strong></span> <span class='ocrx_word' id='word_1_225' title='bbox 1079 3571 1217 3646; x_wconf 88' lang='lat' dir='ltr'><strong>duabus</strong></span> <span class='ocrx_word' id='word_1_226' title='bbox 1235 3571 1374 3662; x_wconf 90' lang='lat' dir='ltr'><strong>massis,</strong></span> <span class='ocrx_word' id='word_1_227' title='bbox 1388 3597 1468 3672; x_wconf 80' lang='lat' dir='ltr'><strong>quae</strong></span> <span class='ocrx_word' id='word_1_228' title='bbox 1480 3577 1592 3671; x_wconf 75' lang='lat' dir='ltr'><strong>Nym·</strong></span> 
     </span>
     <span class='ocr_line' id='line_1_30' title="bbox 372 3683 1593 3786; baseline -0.002 -26"><span class='ocrx_word' id='word_1_229' title='bbox 372 3687 461 3786; x_wconf 90' lang='lat' dir='ltr'><strong>phas</strong></span> <span class='ocrx_word' id='word_1_230' title='bbox 477 3696 514 3762; x_wconf 89' lang='lat' dir='ltr'><strong>et</strong></span> <span class='ocrx_word' id='word_1_231' title='bbox 531 3685 695 3761; x_wconf 89' lang='lat' dir='ltr'><strong>Normias</strong></span> <span class='ocrx_word' id='word_1_232' title='bbox 711 3685 949 3784; x_wconf 86' lang='lat' dir='ltr'><strong>appellantur,</strong></span> <span class='ocrx_word' id='word_1_233' title='bbox 967 3709 1046 3786; x_wconf 73' lang='lat' dir='ltr'><strong>quse</strong></span> <span class='ocrx_word' id='word_1_234' title='bbox 1064 3685 1155 3758; x_wconf 92' lang='lat' dir='ltr'><strong>iuris</strong></span> <span class='ocrx_word' id='word_1_235' title='bbox 1180 3683 1314 3782; x_wconf 91' lang='lat' dir='ltr'><strong>publici</strong></span> <span class='ocrx_word' id='word_1_236' title='bbox 1339 3695 1452 3760; x_wconf 90' lang='lat' dir='ltr'><strong>erant.</strong></span> <span class='ocrx_word' id='word_1_237' title='bbox 1474 3686 1593 3760; x_wconf 90' lang='lat' dir='ltr'><strong>Huius</strong></span> 
     </span>
     <span class='ocr_line' id='line_1_31' title="bbox 373 3798 1593 3899; baseline -0.001 -24"><span class='ocrx_word' id='word_1_238' title='bbox 373 3800 592 3899; x_wconf 90' lang='lat' dir='ltr'><strong>temporibus</strong></span> <span class='ocrx_word' id='word_1_239' title='bbox 610 3799 813 3875; x_wconf 89' lang='lat' dir='ltr'><strong>Theodorus</strong></span> <span class='ocrx_word' id='word_1_240' title='bbox 830 3798 926 3872; x_wconf 89' lang='lat' dir='ltr'><strong>lilius</strong></span> <span class='ocrx_word' id='word_1_241' title='bbox 943 3798 1098 3894; x_wconf 82' lang='lat' dir='ltr'><strong>Megesti</strong></span> <span class='ocrx_word' id='word_1_242' title='bbox 1124 3798 1355 3888; x_wconf 88' lang='lat' dir='ltr'><strong>catacsanoti,</strong></span> <span class='ocrx_word' id='word_1_243' title='bbox 1379 3799 1476 3874; x_wconf 90' lang='lat' dir='ltr'><strong>dedit</strong></span> <span class='ocrx_word' id='word_1_244' title='bbox 1492 3799 1593 3875; x_wconf 85' lang='lat' dir='ltr'><strong>heato</strong></span> 
     </span>
     <span class='ocr_line' id='line_1_32' title="bbox 373 3909 1593 4013; baseline -0.003 -23"><span class='ocrx_word' id='word_1_245' title='bbox 373 3917 480 3990; x_wconf 87' lang='lat' dir='ltr'><strong>Petro</strong></span> <span class='ocrx_word' id='word_1_246' title='bbox 499 3913 665 4012; x_wconf 83' lang='lat' dir='ltr'><strong>Apostolo</strong></span> <span class='ocrx_word' id='word_1_247' title='bbox 681 3913 935 4013; x_wconf 82' lang='lat' dir='ltr'><strong>patrimonium</strong></span> <span class='ocrx_word' id='word_1_248' title='bbox 953 3936 1072 4000; x_wconf 88' lang='lat' dir='ltr'><strong>suum,</strong></span> <span class='ocrx_word' id='word_1_249' title='bbox 1089 3909 1200 3985; x_wconf 89' lang='lat' dir='ltr'><strong>situm</strong></span> <span class='ocrx_word' id='word_1_250' title='bbox 1217 3913 1252 3982; x_wconf 91' lang='lat' dir='ltr'>V</span> <span class='ocrx_word' id='word_1_251' title='bbox 1269 3909 1357 3984; x_wconf 93' lang='lat' dir='ltr'><strong>mill.</strong></span> <span class='ocrx_word' id='word_1_252' title='bbox 1373 3910 1418 3985; x_wconf 90' lang='lat' dir='ltr'><strong>ab</strong></span> <span class='ocrx_word' id='word_1_253' title='bbox 1437 3911 1505 3988; x_wconf 88' lang='lat' dir='ltr'><strong>hae</strong></span> <span class='ocrx_word' id='word_1_254' title='bbox 1530 3914 1593 3986; x_wconf 75' lang='lat' dir='ltr'><strong>Ro</strong></span> 
     </span>
     <span class='ocr_line' id='line_1_33' title="bbox 372 4023 1593 4125; baseline -0.003 -23"><span class='ocrx_word' id='word_1_255' title='bbox 372 4054 477 4102; x_wconf 90' lang='lat' dir='ltr'><strong>mana</strong></span> <span class='ocrx_word' id='word_1_256' title='bbox 495 4027 601 4118; x_wconf 90' lang='lat' dir='ltr'><strong>Urbe,</strong></span> <span class='ocrx_word' id='word_1_257' title='bbox 619 4028 678 4102; x_wconf 92' lang='lat' dir='ltr'><strong>via</strong></span> <span class='ocrx_word' id='word_1_258' title='bbox 695 4027 909 4125; x_wconf 84' lang='lat' dir='ltr'><strong>Tyburtina,</strong></span> <span class='ocrx_word' id='word_1_259' title='bbox 925 4025 1017 4124; x_wconf 90' lang='lat' dir='ltr'><strong>quod</strong></span> <span class='ocrx_word' id='word_1_260' title='bbox 1035 4024 1160 4099; x_wconf 85' lang='lat' dir='ltr'><strong>domus</strong></span> <span class='ocrx_word' id='word_1_261' title='bbox 1177 4023 1312 4100; x_wconf 88' lang='lat' dir='ltr'><strong>cultam</strong></span> <span class='ocrx_word' id='word_1_262' title='bbox 1331 4033 1464 4099; x_wconf 77' lang='lat' dir='ltr'><strong>sanctae</strong></span> <span class='ocrx_word' id='word_1_263' title='bbox 1490 4025 1593 4101; x_wconf 90' lang='lat' dir='ltr'><strong>Ceci-</strong></span> 
     </span>
     <span class='ocr_line' id='line_1_34' title="bbox 372 4138 1589 4216; baseline -0.002 0"><span class='ocrx_word' id='word_1_264' title='bbox 372 4141 429 4216; x_wconf 87' lang='lat' dir='ltr'><strong>liae</strong></span> <span class='ocrx_word' id='word_1_265' title='bbox 446 4141 588 4216; x_wconf 90' lang='lat' dir='ltr'><strong>dicitur.</strong></span> <span class='ocrx_word' id='word_1_266' title='bbox 607 4141 675 4214; x_wconf 91' lang='lat' dir='ltr'><strong>Hic</strong></span> <span class='ocrx_word' id='word_1_267' title='bbox 692 4139 878 4216; x_wconf 88' lang='lat' dir='ltr'><strong>constituit</strong></span> <span class='ocrx_word' id='word_1_268' title='bbox 895 4138 1003 4213; x_wconf 84' lang='lat' dir='ltr'><strong>aliam</strong></span> <span class='ocrx_word' id='word_1_269' title='bbox 1021 4139 1165 4212; x_wconf 91' lang='lat' dir='ltr'><strong>domum</strong></span> <span class='ocrx_word' id='word_1_270' title='bbox 1190 4138 1326 4214; x_wconf 87' lang='lat' dir='ltr'><strong>cultam</strong></span> <span class='ocrx_word' id='word_1_271' title='bbox 1352 4140 1475 4213; x_wconf 77' lang='lat' dir='ltr'>XIIII⁰</span> <span class='ocrx_word' id='word_1_272' title='bbox 1501 4138 1589 4214; x_wconf 92' lang='lat' dir='ltr'><strong>mill.</strong></span> 
     </span>
     <span class='ocr_line' id='line_1_35' title="bbox 372 4251 1592 4352; baseline 0.001 -26"><span class='ocrx_word' id='word_1_273' title='bbox 372 4253 416 4328; x_wconf 92' lang='lat' dir='ltr'><strong>ab</strong></span> <span class='ocrx_word' id='word_1_274' title='bbox 434 4253 523 4328; x_wconf 89' lang='lat' dir='ltr'><strong>urbe</strong></span> <span class='ocrx_word' id='word_1_275' title='bbox 541 4255 653 4327; x_wconf 88' lang='lat' dir='ltr'><strong>Roma</strong></span> <span class='ocrx_word' id='word_1_276' title='bbox 670 4252 893 4350; x_wconf 77' lang='lat' dir='ltr'><strong>patrimonica</strong></span> <span class='ocrx_word' id='word_1_277' title='bbox 911 4255 1062 4342; x_wconf 74' lang='lat' dir='ltr'><strong>Tusciae,</strong></span> <span class='ocrx_word' id='word_1_278' title='bbox 1078 4251 1243 4348; x_wconf 82' lang='lat' dir='ltr'><strong>obligans</strong></span> <span class='ocrx_word' id='word_1_279' title='bbox 1260 4253 1407 4327; x_wconf 88' lang='lat' dir='ltr'><strong>eandem</strong></span> <span class='ocrx_word' id='word_1_280' title='bbox 1423 4263 1592 4352; x_wconf 86' lang='lat' dir='ltr'><strong>perpetuo</strong></span> 
     </span>
     <span class='ocr_line' id='line_1_36' title="bbox 374 4365 1593 4457; baseline 0 -15"><span class='ocrx_word' id='word_1_281' title='bbox 374 4367 456 4442; x_wconf 92' lang='lat' dir='ltr'><strong>usui</strong></span> <span class='ocrx_word' id='word_1_282' title='bbox 467 4369 635 4442; x_wconf 83' lang='lat' dir='ltr'><strong>Romanae</strong></span> <span class='ocrx_word' id='word_1_283' title='bbox 645 4365 872 4446; x_wconf 66' lang='lat' dir='ltr'><strong>aecclesiam</strong></span> <span class='ocrx_word' id='word_1_284' title='bbox 881 4367 1024 4440; x_wconf 90' lang='lat' dir='ltr'><strong>domum</strong></span> <span class='ocrx_word' id='word_1_285' title='bbox 1034 4365 1172 4440; x_wconf 88' lang='lat' dir='ltr'><strong>cultam</strong></span> <span class='ocrx_word' id='word_1_286' title='bbox 1182 4369 1429 4457; x_wconf 88' lang='lat' dir='ltr'><strong>Lauretum,et</strong></span> <span class='ocrx_word' id='word_1_287' title='bbox 1440 4391 1593 4442; x_wconf 89' lang='lat' dir='ltr'><strong>massam</strong></span> 
     </span>
     <span class='ocr_line' id='line_1_37' title="bbox 374 4480 1593 4583; baseline -0.004 -20"><span class='ocrx_word' id='word_1_288' title='bbox 374 4480 626 4563; x_wconf 86' lang='lat' dir='ltr'><strong>Fontinianom</strong></span> <span class='ocrx_word' id='word_1_289' title='bbox 644 4505 724 4583; x_wconf 84' lang='lat' dir='ltr'><strong>quae</strong></span> <span class='ocrx_word' id='word_1_290' title='bbox 740 4480 873 4560; x_wconf 87' lang='lat' dir='ltr'><strong>dicitur</strong></span> <span class='ocrx_word' id='word_1_291' title='bbox 890 4480 1077 4571; x_wconf 86' lang='lat' dir='ltr'><strong>Paouaria,</strong></span> <span class='ocrx_word' id='word_1_292' title='bbox 1095 4491 1131 4558; x_wconf 89' lang='lat' dir='ltr'><strong>et</strong></span> <span class='ocrx_word' id='word_1_293' title='bbox 1154 4506 1290 4558; x_wconf 89' lang='lat' dir='ltr'><strong>massas</strong></span> <span class='ocrx_word' id='word_1_294' title='bbox 1314 4507 1394 4582; x_wconf 77' lang='lat' dir='ltr'><strong>quar</strong></span> <span class='ocrx_word' id='word_1_295' title='bbox 1418 4490 1593 4558; x_wconf 83' lang='lat' dir='ltr'><strong>vocantur</strong></span> 
     </span>
    </p>
   </div>
   <div class='ocr_carea' id='block_1_3' title="bbox 0 0 1814 5316">
    <p class='ocr_par' dir='ltr' id='par_1_3' title="bbox 0 0 1814 5316">
     <span class='ocr_line' id='line_1_38' title="bbox 0 0 1814 5316; baseline 0 0"><span class='ocrx_word' id='word_1_296' title='bbox 0 0 1814 5316; x_wconf 95' lang='lat' dir='ltr'><strong> </strong></span> 
     </span>
    </p>
   </div>
  </div>
 </body>
</html>
