3654 5302
732 443 772 458 ·-
797 407 863 472 ’403
889 443 928 458 ·-

225 537 296 606 tur.
313 523 416 606 Unde
433 540 469 605 et
485 529 579 606 idem
598 552 724 610 rursus
740 526 933 626 discipulos
951 537 1129 602 ammonet
1153 525 1284 602 dicens.
1301 523 1341 598 Si
1365 523 1447 623 quis

225 668 296 718 non
313 643 431 719 obedit
447 644 555 718 verbo
570 653 691 717 nostro
707 643 983 742 perepistolam,
996 641 1094 717 hunc
1106 649 1237 730 notate,
1245 650 1282 716 et
1294 665 1338 715 ne
1356 663 1449 715 com·

228 757 452 832 misceamini
470 782 552 833 cum
576 781 626 846 eo,
643 767 685 830 ut
709 756 949 832 confundatur
966 765 1072 854 atque
1089 754 1188 830 -illico
1212 751 1385 828 adiunxit.
1403 755 1449 825 Et

227 871 337 946 nolite
350 882 392 945 ut
409 871 597 946 inimicum
615 871 821 946 existimare
839 869 953 958 illum,
967 869 1029 944 sed
1046 868 1213 966 corripite
1231 875 1272 940 ut
1289 867 1449 940 fratrem.

229 990 285 1062 Ao
302 985 333 1059 si
346 985 489 1060 diceret.
498 987 627 1060 Pacem
641 1009 724 1060 cum
742 1006 781 1060 eo
798 982 1010 1059 exteriorem
1025 981 1163 1071 solvite,
1172 981 1232 1056 sed
1245 979 1450 1055 interiorem

229 1099 326 1175 circa
343 1098 447 1173 illum
466 1098 676 1174 medullitus
699 1097 885 1187 custodite,
901 1105 944 1170 ut
968 1103 1094 1194 pecata
1119 1103 1238 1170 mente
1259 1093 1312 1169 sic
1330 1100 1451 1168 vestra

230 1211 405 1286 discordia
421 1211 537 1300 feriat,
550 1212 721 1310 quatinus
738 1236 807 1310 pax
822 1237 845 1286 a
861 1209 993 1286 vestris
1009 1207 1174 1284 cordibus
1190 1231 1257 1284 neo
1274 1207 1451 1301 abnegata

225 1325 397 1408 discedat.

759 1467 939 1559 LXXXV..

229 1727 234 1733 .
329 1665 527 1762 Gregorius
543 1666 582 1740 in
607 1665 785 1764 pastorali.
806 1667 876 1755 Qui
897 1666 1082 1742 abscondit
1101 1665 1283 1740 frumenta
1310 1661 1455 1738 maledi-

234 1789 337 1854 cetur
361 1779 400 1854 in
424 1779 585 1877 propriis,
603 1781 783 1855 frumenta
807 1780 938 1879 quippe
964 1779 1178 1857 abscondere
1201 1787 1265 1866 est,
1290 1775 1458 1875 preadica-

235 1894 344 1968 tionis
368 1903 502 1970 mactae
527 1894 620 1992 apud
645 1919 683 1972 se
707 1894 816 1968 rerba
834 1893 998 1970 retinere.
1012 1897 1054 1967 In
1075 1893 1213 1992 populis
1234 1899 1356 1966 autem
1374 1888 1457 1964 talis

236 2008 387 2106 quisque
412 2008 648 2098 maledicitur,
673 2009 758 2106 quia
783 2009 821 2082 in
847 2008 958 2082 solius
985 2007 1091 2105 culpa
1116 2005 1251 2082 silentii
1282 2027 1343 2103 pro
1365 2001 1457 2076 mul·

236 2131 355 2196 torum
372 2145 459 2218 quos
483 2121 662 2218 corrigere
688 2123 803 2220 potuit
829 2147 918 2221 pena
944 2122 1145 2196 damnatur.
1171 2120 1210 2194 Si
1236 2115 1460 2195 medicinalis

237 2234 327 2310 artis
344 2235 492 2309 minime
509 2235 629 2330 ignari
648 2235 844 2310 secundum
861 2234 996 2309 vulnus
1013 2243 1187 2322 cerneret,
1204 2244 1241 2309 et
1261 2250 1383 2308 tamen
1408 2257 1461 2306 se·

237 2373 320 2428 care
346 2357 564 2436 recusarent,
589 2347 743 2444 profecto
768 2358 953 2446 peccatum
980 2348 1148 2422 fraternae
1173 2345 1297 2421 mortis
1322 2371 1366 2421 ex
1387 2343 1461 2419 solo

239 2472 377 2558 torpore
386 2460 659 2536 committerent.
670 2463 812 2548 Quanta
820 2463 1021 2560 ergocnlpa
1034 2461 1267 2536 involvantur
1276 2460 1463 2559 aspiciant,

241 2575 303 2673 qui
321 2575 404 2649 dum
423 2583 641 2670 cognoscant
658 2574 810 2650 vulnera
827 2579 1015 2666 mentium,
1040 2601 1168 2653 curare
1193 2603 1234 2652 ea
1260 2575 1464 2672 neglegunt

241 2689 396 2764 sectione
413 2687 613 2762 verborum.
631 2689 733 2764 Unde
751 2699 787 2763 et
803 2689 891 2766 bene
909 2715 971 2788 per
988 2691 1198 2791 prophetam
1221 2690 1364 2766 dieitur.
1390 2693 1463 2764 Ma·

241 2802 394 2879 ledictus
408 2801 468 2900 qui
483 2802 642 2899 prohibet
655 2803 818 2898 gladium
832 2829 938 2878 suum
953 2831 974 2878 a
987 2805 1176 2901 sanguine.
1186 2804 1354 2880 Gladium
1364 2803 1466 2902 quip·
1525 2801 1528 2808 ’

243 2941 285 3014 pe
303 2941 324 2989 a
340 2916 519 3013 sanguine
535 2916 720 3016 prohibere
737 2927 802 3006 est,
819 2919 1081 3015 predicationis
1097 2919 1247 2994 verbum
1264 2943 1286 2991 a
1308 2917 1466 2993 earnalis

243 3030 328 3104 vita
345 3029 591 3105 interfectione
609 3029 773 3105 retinere.
790 3034 837 3104 Et
853 3030 959 3105 infra.
975 3031 1013 3104 Si
1031 3054 1118 3128 ergo
1144 3031 1206 3107 ille
1232 3031 1297 3106 Dei
1322 3029 1467 3120 dicitur,

246 3143 306 3241 qui
320 3143 364 3218 ad
378 3143 537 3218 ferienda
550 3144 641 3219 vitia
653 3143 729 3219 zelo
741 3143 855 3218 divini
868 3145 1000 3219 amoris
1013 3145 1202 3235 excitatur,
1215 3145 1371 3243 profecto
1388 3167 1467 3218 esse

245 3281 283 3331 se
300 3256 365 3332 Dei
384 3257 565 3353 denegant
581 3258 641 3356 qui
660 3257 891 3355 inquantum
908 3255 1043 3333 sufficia
1059 3257 1245 3355 increpare
1261 3257 1376 3332 vitam
1390 3280 1468 3332 car·

246 3370 385 3446 nalium
403 3380 556 3446 recusat.

766 3506 955 3593 LXXXVI.

344 3705 541 3802 Gregorius
559 3705 596 3778 in
631 3760 775 3779 .....
809 3706 1014 3782 Vendeutes
1031 3716 1066 3782 et
1087 3716 1247 3782 ementes
1271 3706 1315 3782 de
1337 3707 1470 3805 templo

249 3818 353 3894 eiecti
371 3829 467 3910 sunt,
484 3818 568 3917 quia
586 3819 647 3917 qui
665 3819 756 3893 dona
773 3818 930 3915 Spiritus
956 3820 1072 3895 sancti
1085 3821 1248 3895 vendunt
1260 3819 1320 3897 vel
1334 3833 1471 3912 emunt,
1520 3882 1523 3888 .

249 3956 319 4006 non
337 3942 423 4007 sunt
439 3931 534 4006 inira
551 3932 764 4010 catholicam
782 3931 970 4008 ecclesiam
986 3933 1048 4010 sed
1060 3942 1160 4008 extra
1173 3958 1256 4008 cum
1270 3935 1423 4032 paganis
1436 3947 1473 4010 et

249 4045 430 4120 hereticis.
447 4046 544 4121 Idem
562 4045 601 4119 in
619 4055 760 4142 regesto
776 4045 821 4120 ed
834 4047 1014 4143 Vigiliuur
1028 4046 1242 4144 episcopum.
1256 4051 1349 4122 Eum
1364 4072 1471 4146 quem

251 4181 338 4257 quos
363 4159 477 4256 pretio
504 4160 654 4250 ordinat,
683 4160 763 4257 agit
792 4169 833 4234 ut
861 4159 1041 4237 hereticus
1067 4161 1139 4234 fiat.
1161 4160 1258 4235 Idem
1281 4160 1318 4234 in
1341 4163 1474 4237 eodem.

252 4273 322 4360 Qui
340 4296 459 4348 saeros
481 4274 621 4348 ordines
646 4275 817 4362 vendunt,
843 4275 901 4349 vel
927 4284 1063 4363 eruunt,
1084 4274 1284 4349 sacerdotes
1300 4299 1378 4351 esse
1403 4297 1475 4348 non
1514 4273 1516 4276 ’

253 4395 412 4484 possunt,
428 4389 488 4462 sed
506 4399 593 4462 suut
610 4387 867 4485 pseudochristi
885 4399 922 4462 et
939 4387 1258 4486 pseudoprophetae.
1277 4389 1475 4483 Gregorius

253 4501 512 4575 Nazianzenus.
530 4500 599 4587 Qui
617 4501 747 4575 donum
769 4499 833 4575 llei
851 4500 964 4599 pretio
982 4508 1174 4588 mereatur,
1187 4497 1225 4572 in
1238 4521 1340 4576 sacro
1351 4501 1475 4575 ordine
