3618 5316
732 400 928 460 -331-

222 529 340 614 tacere
350 541 419 592 non
430 517 880 615 estIicitum,vobisautem
891 521 935 595 ad
949 530 1158 621 praesentcm
1173 531 1209 598 ct
1222 524 1267 598 ad
1280 524 1439 599 futuram

220 631 373 728 gloriam
392 631 494 706 valde
520 633 774 722 necessarium,
799 633 969 710 videlicet
994 659 1150 732 regnum
1176 637 1373 735 Hyspaniae
1398 663 1442 712 ex

221 747 380 845 antiquis
393 746 719 838 constitutionibus,
727 748 828 822 beato
837 751 942 824 Petro
951 758 987 824 et
996 751 1138 824 Sanctae
1146 753 1313 825 Romanae
1322 751 1442 828 Eccle-

224 863 286 936 siae
298 861 337 935 in
350 862 407 935 ius
419 870 455 935 et
472 859 722 958 proprietatem
735 861 911 937 traditum
925 888 1012 939 esse.
1027 864 1126 950 Quod
1139 863 1312 938 nimirum
1324 864 1443 940 haete-

222 1001 291 1050 nus
313 983 349 1049 et
366 975 626 1071 praetcritorum
652 985 850 1073 temporum
876 975 1109 1068 incommoda,
1126 985 1162 1052 ct
1178 986 1442 1052 antecessorum

222 1097 424 1163 nostrornm
439 1087 556 1164 tacuit
569 1087 916 1184 neglegentiaNam
930 1090 1136 1189 priusquam
1152 1113 1306 1187 regnum
1319 1089 1443 1165 illuda

224 1199 433 1276 Sarracenis
441 1225 630 1299 pervasum
642 1210 706 1290 cst,
712 1211 749 1276 ct
762 1203 963 1294 servitium,
973 1204 1064 1303 quod
1073 1205 1173 1280 beato
1179 1208 1284 1279 Petro
1297 1203 1380 1280 inde
1393 1226 1444 1278 so-

221 1315 317 1392 lebat
330 1315 418 1404 fieri,
430 1325 572 1414 proptor
585 1314 831 1392 infidelitatem
846 1339 968 1392 eorum
983 1327 1019 1392 et
1031 1317 1246 1393 tirannidem
1260 1317 1443 1392 detentum

221 1430 353 1505 abusu
369 1438 571 1503 nostrorum
589 1438 641 1504 tot
658 1429 763 1503 annis
780 1429 1019 1527 interceptum
1037 1439 1101 1518 cst,
1118 1429 1252 1530 pariter
1265 1428 1373 1505 etiam
1391 1453 1442 1504 re·

223 1569 303 1617 rum
313 1541 582 1642 etproprictatis
593 1543 762 1618 memoria
771 1543 879 1618 dilabi
889 1542 1137 1641 cepit.Verum
1147 1542 1364 1641 quiadivina
1373 1541 1443 1618 cle·

221 1658 355 1732 mentia
372 1679 540 1732 concessa
556 1657 657 1733 vobis
681 1659 720 1732 in
744 1658 863 1732 hostes
880 1656 961 1731 illos
985 1681 1192 1755 semperque
1215 1655 1441 1732 concedenda

220 1769 371 1846 victoria
387 1779 484 1845 terra
501 1771 539 1844 in
556 1797 685 1846 manus
702 1782 842 1848 vestras
866 1769 959 1844 tradi
980 1769 1085 1846 debet
1104 1769 1257 1845 ulterius
1280 1793 1344 1844 vos
1360 1794 1444 1844 cau·

223 1909 298 1958 sam
317 1884 412 1960 hanc
436 1885 604 1981 ignorare
628 1887 796 1962 nolumus
820 1907 936 1982 neque
963 1908 1140 1983 supernus
1153 1883 1294 1958 arbiter
1317 1882 1443 1978 legum
1465 1973 1468 1978 1
1596 1933 1607 1942 --

220 2024 263 2074 ac
280 1998 428 2077 iustitiae
445 1999 608 2092 creditor,
618 2001 660 2076 de
676 1998 918 2099 recuperanda
931 1996 1070 2072 iustitia
1083 2007 1119 2072 et
1131 1996 1261 2074 honore
1275 1994 1368 2071 beati
1380 1999 1442 2070 Pe·

218 2111 266 2185 tri
285 2111 433 2210 eiusque
450 2123 584 2188 sanctae
601 2124 637 2189 ct
649 2113 850 2213 apostolicae
869 2111 970 2186 Sedis
990 2112 1115 2208 gloriae
1135 2113 1264 2186 vestro
1280 2111 1325 2186 ad
1340 2111 1445 2186 benc·

220 2225 428 2301 merendum
446 2227 610 2318 contulit,
627 2241 690 2303 aut
707 2228 809 2303 nobis
826 2251 871 2301 ex
887 2225 1139 2300 taciturnitate
1153 2225 1190 2298 in
1204 2223 1445 2321 neglegentia

219 2337 373 2436 culpam,
390 2349 455 2414 aut
472 2339 572 2416 vobis
590 2365 636 2416 ex
652 2339 858 2437 ignorantia
880 2337 972 2437 quod
997 2338 1092 2413 absit
1119 2339 1164 2412 ad
1189 2339 1443 2414 detrimentum

220 2452 406 2549 proposita
428 2463 463 2528 et
480 2453 656 2530 divinitus
672 2455 787 2530 oblate
805 2452 1052 2529 retributionis
1069 2453 1243 2528 obveniat.
1256 2457 1303 2528 Et
1315 2465 1445 2530 cetera.

220 2567 275 2638 Ex
289 2565 425 2663 synodo
441 2564 562 2642 habita
580 2567 618 2640 in
635 2567 854 2652 Dalmatiae
872 2568 1018 2664 Legatis
1042 2570 1113 2641 VII
1139 2571 1255 2667 Papae
1273 2568 1443 2666 Gregorii

220 2677 360 2754 scilicet
385 2705 406 2752 a
430 2680 607 2756 Gebizone
632 2691 721 2756 tunc
751 2680 956 2757 monasterii
984 2690 1189 2756 sanctorum
1213 2680 1383 2755 Bonifatii
1407 2689 1444 2755 et

220 2791 340 2894 Alexii
354 2792 502 2883 Abbate,
516 2819 583 2871 nec
601 2817 670 2868 non
690 2803 762 2870 eta
783 2795 954 2890 Folcnino
971 2795 1245 2893 Forosimpronii
1269 2795 1440 2893 Episcopo

219 2930 298 3004 quae
315 2905 474 3003 synodus
491 2906 643 2982 habetur
660 2907 697 2980 in
715 2909 864 2984 archivo
887 2911 980 2986 sacri
1000 2909 1129 2984 Palatii
1143 2909 1392 2985 Lateranensis
1406 2910 1443 2982 in

219 3019 349 3118 quade
367 3042 478 3114 regno
495 3029 531 3095 ct
549 3044 635 3117 rege
653 3021 840 3098 Delmatia
858 3023 909 3098 ita
926 3024 1024 3100 inter
1038 3033 1156 3100 cetera
1170 3023 1317 3120 legitur.
1330 3027 1372 3098 In
1385 3047 1445 3098 no

222 3133 318 3208 mine
336 3143 468 3208 sanctes
486 3143 522 3209 et
538 3133 734 3210 individuas
752 3137 939 3211 Trinitatis
955 3159 1049 3210 anno
1067 3135 1261 3211 Dominicae
1278 3139 1445 3211 Incarus·

220 3245 327 3322 tionis
344 3248 382 3320 M
400 3248 564 3321 LXXVI.
580 3247 778 3324 Indictione
796 3251 903 3326 XIIII
921 3274 1042 3323 mense
1060 3247 1212 3324 Octobri.
1226 3251 1305 3344 Ego
1318 3250 1444 3324 Deme·

221 3357 314 3433 trius
328 3359 388 3456 qui
407 3367 443 3433 et
456 3359 633 3432 Suinimir
649 3380 836 3460 nuncupor
849 3361 914 3436 Dei
933 3362 1154 3460 providentia
1168 3361 1350 3437 Chroaciae
1363 3361 1445 3436 Dal-

115 3561 118 3565 ,
220 3471 410 3568 matiaeque
423 3471 577 3546 duxate
590 3472 717 3548 domne
731 3461 862 3550 Gebizo
875 3500 918 3550 ex
929 3474 1142 3572 Apostolicae
1152 3475 1253 3550 Sedis
1266 3475 1445 3572 legatione

220 3583 504 3660 DominiNostri
529 3588 634 3683 Papae
652 3586 817 3683 Gregorii
836 3595 1044 3686 potestatem
1063 3588 1228 3686 optinens
1249 3587 1287 3660 in
1310 3587 1446 3663 Saloni·

220 3707 305 3772 tana
321 3696 469 3773 basilica
488 3699 604 3774 sancti
623 3699 721 3775 Petri
738 3699 889 3776 sinodali
907 3711 944 3776 ct
970 3701 1135 3777 concordi
1160 3701 1272 3776 totius
1297 3701 1383 3776 cleri
1409 3710 1446 3776 et

219 3809 337 3908 populi
355 3809 537 3901 electione,
559 3811 601 3887 dc
627 3803 863 3888 Chroatorum
882 3814 1241 3912 Dalmatinorumque
1268 3813 1374 3910 regni
1393 3838 1446 3889 re-

217 3923 366 4021 gimine,
379 3948 441 4023 per
459 3925 644 4016 vexillum,
661 3948 794 4016 ensem,
810 3937 993 4026 sceptrum
1011 3937 1047 4002 ct
1064 3949 1230 4002 coronam
1248 3927 1442 4002 investitus

218 4048 326 4137 atque
343 4040 562 4114 constitutus
575 4065 647 4130 rex,
661 4041 725 4116 tibi
739 4041 904 4130 devoveo,
916 4041 1068 4140 spondeo
1084 4049 1119 4116 et
1132 4040 1298 4138 polliceor
1316 4064 1371 4114 me
1388 4039 1444 4113 in·

217 4152 481 4230 comutabiliter
506 4155 768 4253 completurum
796 4154 915 4229 omnia
940 4179 1021 4252 quae
1046 4153 1136 4228 mihi
1161 4163 1226 4228 tua
1249 4153 1443 4229 reverenda

217 4265 380 4362 iniungit
397 4267 579 4343 sanctitas.
598 4268 777 4344 Videlicet
789 4279 831 4343 ut
848 4269 884 4342 in
903 4268 1071 4344 omnibus
1089 4279 1125 4343 et
1142 4291 1204 4366 per
1221 4267 1340 4342 omnia
1365 4291 1447 4366 apo·

220 4377 355 4454 stolicae
368 4381 442 4454 sedi
457 4381 560 4456 fidem
573 4381 768 4469 observem,
779 4391 815 4457 et
827 4381 999 4479 quidquid
1012 4380 1079 4456 hoc
1092 4381 1130 4454 in
1144 4403 1258 4478 regno
1271 4390 1344 4455 tam
1355 4387 1446 4478 Apo-

218 4489 343 4568 stolica
359 4493 458 4570 sedes
468 4519 575 4596 quam
590 4495 645 4570 sni
661 4494 773 4592 legati
791 4505 987 4573 sanxerunt
1003 4503 1068 4576 aut
1080 4495 1443 4586 sanxerintinrevin·
