3654 5302
902 410 1098 473 -432-

390 554 496 627 quam
515 529 633 627 paleas
650 529 857 628 dissipantis
882 529 1019 604 inimici
1046 531 1175 628 spiritu
1201 529 1380 605 ventilari.
1406 529 1458 603 De
1483 525 1616 626 quibus

390 642 565 717 Iohannes
578 643 615 715 in
628 642 775 740 epistola
789 668 855 716 sua
867 643 965 717 dicit.
979 645 1035 716 Ex
1046 642 1148 718 nobis
1161 642 1337 730 exierunt,
1350 641 1411 728 sed
1424 664 1495 715 non
1512 647 1616 714 erant

391 781 434 830 ex
450 755 559 829 nobis.
574 755 611 828 Si
626 756 721 828 enirn
738 755 891 830 fuissent
908 781 951 829 ex
965 756 1064 830 nobis
1081 756 1295 830 mansissent
1312 755 1507 829 nobiscum.
1524 757 1615 827 Item

392 870 527 944 Paulus
536 880 656 945 mouet
669 893 823 946 nuscum
835 871 919 943 mali
929 870 972 945 de
982 869 1143 945 aecclesia
1151 881 1304 968 percunt
1313 892 1382 942 non
1394 868 1538 957 moveri,
1548 891 1615 941 nec

392 982 639 1058 recedentibus
656 983 798 1081 perfidis
816 983 918 1057 fidem
939 982 1064 1056 minui.
1082 981 1182 1069 Quod
1199 981 1295 1056 enirn
1313 980 1438 1079 inquid
1462 980 1493 1054 si
1519 979 1615 1056 exci-

390 1095 508 1170 derint
524 1121 546 1168 a
563 1096 630 1170 fide
643 1096 788 1194 quidam
802 1119 936 1184 eorum,
949 1094 1124 1192 numquid
1138 1093 1328 1170 infidelitas
1348 1093 1492 1167 illorum
1509 1093 1613 1167 fidam

392 1209 454 1283 Dei
474 1209 676 1284 evacuavit.
694 1209 807 1283 Absit.
825 1208 924 1296 Quod
941 1209 986 1282 ad
1004 1229 1067 1282 nos
1083 1206 1467 1297 attinetsconseicntiae
1484 1215 1614 1280 nostrae

391 1320 560 1396 convenit
577 1319 698 1408 frater,
716 1319 799 1396 dare
815 1344 957 1418 operam
977 1345 1021 1397 ne
1039 1323 1119 1420 quis
1137 1322 1242 1421 culpa
1259 1332 1380 1396 nostra
1393 1321 1435 1395 de
1453 1320 1615 1396 aeclesia

391 1443 521 1530 pereat.
539 1432 576 1506 Si
595 1432 676 1530 quis
692 1443 810 1508 autem
831 1433 925 1506 ultro
942 1443 977 1507 et
993 1435 1145 1510 crimine
1159 1461 1222 1510 suo
1235 1436 1392 1535 perierit,
1406 1444 1442 1509 et
1455 1433 1614 1531 peniten-

390 1547 478 1618 tiam
491 1568 600 1640 agere
612 1553 719 1642 atque
732 1545 776 1619 ad
790 1545 986 1620 aecclesiam
1002 1549 1116 1624 redire
1130 1549 1366 1637 noluerit‚nos
1376 1547 1413 1620 in
1423 1547 1479 1621 die
1489 1545 1615 1620 iudicii

393 1657 592 1756 inculpatos
608 1657 748 1732 futuros
765 1658 827 1756 qui
841 1659 1064 1734 consulimus
1078 1660 1233 1736 sanitati.
1247 1660 1330 1734 lllos
1343 1659 1434 1733 solos
1447 1659 1483 1732 iu
1503 1659 1614 1756 parnis

394 1793 630 1862 remansuros
639 1771 700 1868 qui
711 1770 892 1846 noluerint
901 1772 1041 1847 consilii
1053 1775 1166 1848 nostri
1179 1773 1388 1848 salubritate
1397 1771 1527 1845 sanari.
1537 1775 1613 1846 Nec

392 1907 534 1959 movere
551 1906 615 1958 nos
630 1883 735 1958 debet
751 1884 913 1959 convicia
931 1885 1243 1984 perditorumque
1258 1886 1411 1959 minusa
1428 1886 1488 1958 via
1503 1895 1614 1974 recta,

392 2007 564 2072 etacerta
574 1996 701 2092 regula
715 2019 785 2071 non
800 1997 1017 2087 recedamus,
1030 1999 1196 2096 quoniam
1212 2008 1247 2074 et
1261 1997 1452 2096 Apostolus
1465 1999 1616 2073 instruit

392 2109 524 2185 dicens.
546 2109 584 2183 Si
606 2107 813 2183 hominibus
833 2109 1021 2207 placerem,
1034 2111 1167 2187 Christi
1186 2137 1313 2187 servus
1330 2135 1400 2186 non
1420 2135 1542 2186 essem.
1560 2113 1618 2184 ln·

297 2259 300 2267 ·
394 2231 505 2297 terest
523 2231 646 2296 utrum
664 2223 745 2318 quis
761 2221 925 2298 homiues
950 2226 1142 2321 promereri
1160 2227 1204 2300 ad
1222 2225 1412 2300 Dominum
1431 2226 1562 2323 cupiat.
1577 2224 1617 2298 Si

391 2333 594 2409 hominibus
611 2333 795 2431 placeatur
812 2335 986 2408 Dominus
1002 2337 1200 2413 offenditur.
1219 2337 1256 2414 si
1275 2361 1359 2414 vero
1381 2339 1417 2413 id
1442 2337 1614 2413 enitimur

392 2459 428 2523 et
444 2447 667 2524 elaboramus
686 2461 727 2520 ut
743 2448 919 2546 possimus
939 2451 1009 2523 Deo
1026 2450 1177 2548 placere,
1193 2459 1229 2525 et
1248 2451 1412 2526 convicia
1424 2460 1461 2527 et
1475 2449 1615 2524 maledi·

393 2571 451 2637 cta
468 2561 637 2636 debemus
653 2559 813 2634 humana
831 2572 1066 2638 contemnere.
1091 2567 1139 2638 Et
1156 2563 1260 2637 infra.
1285 2568 1410 2662 Neque
1435 2564 1530 2639 euim
1552 2561 1613 2660 qui

392 2673 561 2748 auditsed
571 2672 631 2770 qui
643 2672 943 2749 facitconvicium
954 2675 1133 2750 miserest.
1147 2679 1223 2752 Neo
1236 2677 1321 2774 quia
1334 2678 1446 2752 frater
1458 2677 1614 2774 vapulat,

393 2785 454 2860 sed
471 2786 533 2884 qui
550 2785 696 2859 fratrem
716 2785 811 2861 cedit
824 2786 862 2858 in
876 2785 957 2880 lege
974 2775 1212 2882 peccatorest.
1227 2794 1368 2866 Etcum
1382 2798 1550 2866 nocentes
1562 2790 1614 2863 in·

393 2898 604 2974 nocentibus
621 2898 792 2972 iniuriam
808 2897 957 2986 faciunt,
970 2899 1023 2972 illi
1038 2891 1226 2998 patiuntur
1239 2903 1407 2976 iniuriam
1422 2903 1484 3000 qui
1498 2902 1613 2976 facere

395 3037 432 3086 sa
449 3011 611 3088 credunt.
625 3011 786 3109 Denique
799 3010 885 3086 hinc
898 3011 959 3085 ille
973 3035 1141 3108 percussa
1156 3039 1257 3089 mens
1270 3024 1306 3089 et
1318 3014 1523 3088 basanimus
1536 3011 1612 3111 (sic)

394 3136 430 3200 et
447 3150 574 3199 sensus
598 3124 738 3200 alienus
763 3136 826 3200 est.
852 3129 910 3199 Ira
935 3127 1031 3200 enim
1057 3126 1120 3202 Dei
1149 3149 1216 3201 non
1244 3125 1449 3222 intelligere
1472 3125 1615 3215 delicta,

393 3265 439 3315 ne
457 3249 626 3336 sequatur
643 3239 858 3338 paenitentia.
873 3241 976 3316 Sicut
992 3238 1167 3336 scriptum
1186 3247 1241 3313 est
1257 3238 1293 3311 in
1324 3237 1498 3336 Apostolo.
1524 3237 1615 3313 Deli-

393 3361 492 3426 ctum
510 3351 673 3425 veritatis
696 3375 764 3426 non
790 3351 994 3428 habuerunt
1020 3360 1061 3425 ut
1086 3350 1178 3425 salvi
1203 3353 1339 3437 fierent,
1363 3375 1407 3426 ao
1432 3360 1616 3450 propterea

395 3465 513 3538 mittet
529 3462 602 3536 illis
621 3465 716 3537 Deus
732 3465 969 3561 operationem
988 3464 1128 3552 erroris,
1147 3473 1188 3538 ut
1200 3464 1348 3540 credant
1361 3462 1556 3548 mendacio,
1574 3469 1615 3534 ut

394 3576 599 3651 indicentur
616 3575 678 3671 qui
695 3598 765 3649 nou
783 3575 1001 3652 crediderint
1018 3577 1174 3666 veritati,
1191 3577 1254 3651 sed
1270 3577 1338 3651 sibi
1356 3575 1499 3673 placent
1523 3574 1618 3646 iniu-

394 3688 503 3762 stitia.
522 3686 666 3762 Primus
682 3687 866 3762 felicitatis
883 3690 1019 3784 gradus
1035 3697 1100 3778 est,
1113 3711 1182 3762 non
1196 3687 1411 3785 delinquere.
1429 3685 1618 3760 Secundus

395 3800 528 3876 delicta
544 3821 768 3896 cognoscere.
786 3803 833 3874 Et
850 3802 954 3898 paulo
971 3811 1058 3898 post.
1076 3800 1244 3875 Viderint
1257 3799 1342 3874 laici
1355 3798 1422 3874 hoc
1434 3820 1504 3896 qno
1518 3797 1618 3870 modo

394 3921 533 3988 curent.
551 3909 802 3986 Sacerdotibus
816 3912 926 3987 maior
940 3913 1038 3988 labor
1051 3911 1228 3988 incumbit
1241 3912 1278 3985 in
1291 3911 1480 3987 asserenda
1493 3920 1530 3984 et
1542 3931 1620 4006 pro·

394 4023 553 4100 curanda
570 4023 635 4098 Dei
654 4023 850 4114 maiestate,
864 4049 908 4100 ne
923 4025 1007 4123 quid
1023 4025 1209 4100 videamur
1222 4023 1259 4096 in
1273 4049 1316 4098 ao
1333 4033 1433 4122 parte
1445 4020 1620 4117 neglege·

395 4161 444 4226 re,
457 4137 543 4235 quin
557 4137 745 4211 admoveat
757 4139 853 4212 Deus
868 4149 904 4212 et
916 4139 1022 4214 dicat.
1038 4142 1189 4212 Etnunc
1200 4147 1415 4234 praeceptum
1426 4134 1620 4208 hocedvos

393 4248 699 4324 estosacerdotes.
718 4249 755 4322 Si
773 4273 844 4323 non
861 4250 1059 4338 audieritis,
1076 4260 1113 4325 et
1131 4250 1161 4323 si
1179 4271 1249 4323 non
1267 4247 1456 4346 posueritis
1481 4247 1519 4319 in
1545 4269 1619 4321 cor-

394 4363 436 4437 de
453 4373 572 4438 vestro
588 4371 631 4436 ut
648 4361 739 4436 detis
756 4362 923 4436 honorem
942 4362 1079 4437 nomini
1098 4383 1176 4436 mco
1188 4361 1276 4436 dicit
1290 4361 1473 4447 Dominus,
1487 4359 1621 4432 immit-

395 4476 525 4548 tamin
550 4497 613 4550 vos
639 4473 922 4550 maledictionem
948 4485 984 4550 et
1010 4473 1219 4550 maledicam
1247 4471 1531 4548 maledictionem
1559 4496 1616 4546 ve·
