3654 5302
716 409 913 472 -417-

200 537 235 604 et
247 527 428 624 obligatus
440 529 485 603 ad
501 528 680 626 perhenne
694 529 850 603 traharis
867 529 1030 604 exitium.
1049 529 1214 604 Deterior
1231 529 1360 628 quippe
1384 531 1422 604 in

201 640 340 740 populis
354 641 490 739 praelati
510 640 726 740 delinquunt
737 667 780 717 ao
793 665 854 738 per
871 643 938 718 hoc
950 642 1018 740 ipsi
1031 642 1231 719 crudelium
1245 667 1352 741 quam
1369 668 1425 719 ce·

201 754 269 827 teri
289 753 504 852 puniuntur,
523 763 563 827 ut
580 755 631 829 ait
647 754 773 830 beatus
791 757 997 852 Gregorius.
1016 756 1115 832 Scire
1136 755 1268 831 etenim
1286 755 1423 853 praelati

200 867 328 942 debent
345 868 429 966 quia
453 869 484 942 si
505 893 615 965 prava
636 892 792 966 unquam
820 878 1026 968 perpetrant
1046 879 1099 944 tot
1125 867 1295 943 mortibus
1319 866 1423 964 digni

203 991 298 1070 sunt,
316 991 401 1079 quot
416 981 461 1055 ad
478 980 637 1055 subditos
653 1004 737 1055 suos
753 981 960 1079 perditionis
978 981 1142 1082 exempla
1162 981 1423 1056 transmittunt.

200 1093 305 1169 Unde
317 1118 462 1170 neeesse
474 1104 529 1170 est
543 1103 695 1169 uttanto
707 1118 745 1170 se
758 1095 903 1170 cautius
916 1095 1054 1193 aeulpa
1067 1093 1280 1180 custodiant,
1290 1100 1424 1190 quanto

201 1232 263 1306 per
280 1233 390 1307 prava
407 1233 486 1308 qum
503 1210 643 1286 faciunt
659 1231 729 1282 non
748 1208 813 1282 soli
832 1208 1045 1284 moriuntur.
1060 1212 1106 1282 Et
1123 1207 1227 1282 infra.
1241 1207 1421 1282 Oaeterum

201 1345 362 1418 praecave
379 1346 424 1397 ne
440 1323 581 1421 quando
597 1345 661 1397 nos
678 1321 875 1397 seeundum
893 1320 1036 1394 Domini
1058 1329 1274 1420 preceptum
1299 1321 1334 1393 II
1360 1326 1424 1392 aut

202 1437 253 1508 III
270 1445 378 1510 testes
394 1436 636 1526 adhibeamus,
653 1436 762 1510 immo
780 1457 864 1510 varo
886 1425 932 1510 ne
957 1434 1024 1510 hoo
1049 1434 1208 1510 ecclesius
1233 1459 1308 1508 suae
1330 1432 1425 1507 diea-

202 1573 294 1636 mus
310 1557 347 1624 et
363 1549 456 1646 quod
473 1573 543 1624 non
560 1560 723 1647 optamus
740 1548 782 1623 de
800 1558 918 1624 cetero
945 1549 1009 1622 fias
1035 1549 1177 1624 eunctis
1198 1548 1294 1623 sieut
1309 1545 1426 1621 ethni·

202 1672 319 1736 cusat
336 1663 671 1760 publicanusldam
690 1663 729 1736 in
747 1670 898 1757 regesto.
911 1663 1041 1736 Petrus
1054 1659 1092 1733 in
1106 1659 1249 1734 Domini
1262 1657 1424 1756 passione

202 1773 314 1849 nichil
332 1776 370 1850 in
387 1775 502 1852 Maleo
519 1776 589 1851 nisi
606 1775 806 1851 auriculam
823 1773 986 1862 abscidit,
1011 1782 1053 1848 ut
1074 1771 1175 1846 nohis
1200 1771 1279 1846 eius
1304 1771 1422 1846 vicem

90 1908 93 1914 ·
201 1888 411 1982 gerentibus
435 1890 535 1964 daret
551 1889 721 1986 intelligi,
742 1887 860 1962 nullos
878 1910 942 1961 nos
961 1885 1078 1982 magis
1102 1885 1228 1961 debera
1253 1883 1423 1981 consequi

203 2023 315 2097 quam·
328 2001 569 2099 quorumlibet
585 2001 862 2078 inobedientium
879 1999 1004 2076 surdos
1020 1998 1175 2074 auditus.

778 2167 850 2252 ΟΠ.

298 2337 472 2413 Iohannes
505 2339 701 2437 Episcopus
725 2337 904 2414 Ludouieo
933 2336 1148 2434 imperatori,
1173 2337 1269 2412 inter
1291 2344 1423 2412 cetera.

204 2451 381 2526 hlichahel
391 2451 784 2548 quondamGraecorum
795 2453 1001 2548 Imperator,
1011 2449 1223 2549 Apostolicae
1236 2448 1329 2525 sedis
1340 2449 1422 2523 mis·
1550 2443 1555 2451 ’

203 2586 258 2637 sos
275 2563 616 2662 Constantinopolim
634 2565 828 2640 destinatos
845 2589 915 2639 non
941 2563 1158 2662 recepiendo,
1181 2563 1290 2638 etiam
1304 2578 1425 2662 'paga-

203 2701 328 2751 norum
342 2677 494 2752 excessit
506 2678 747 2775 tyrannidem.
760 2678 829 2752 Sed
841 2678 928 2754 lieet
940 2678 1014 2775 ipse
1027 2685 1126 2752 tanta
1136 2677 1229 2752 sedis
1242 2678 1424 2775 suscipere

204 2789 467 2886 parvipenderit
488 2791 595 2880 viros
615 2801 737 2864 tamen
762 2801 896 2865 sanetae
920 2791 1099 2866 memoriae
1123 2789 1307 2887 Nycolaus
1334 2799 1424 2865 tunc

203 2903 436 3001 praedecessor
453 2913 584 2991 noster,
600 2903 772 2977 aditaratu
790 2901 931 2978 mittere
948 2901 1097 2976 distulit
1110 2905 1187 2976 Nec
1204 2901 1326 2976 divina
1344 2901 1422 2974 vin-

203 3016 299 3090 dicta
311 3025 410 3091 tante
423 3015 525 3091 Sedis
538 3027 744 3114 contemptu
757 3015 895 3091 diutius
907 3015 1066 3090 inultum
1079 3015 1258 3091 dimittere
1272 3015 1423 3115 pertulit

203 3153 307 3227 quern
326 3128 443 3204 silicet
460 3153 581 3203 amara
597 3128 712 3225 gladii
730 3138 842 3204 morte
858 3129 903 3204 ab
915 3128 1045 3204 emulis
1062 3127 1237 3204 trucidari
1251 3127 1424 3226 permisit.

736 3269 738 3276 '
770 3293 860 3378 om.

300 3465 474 3539 Iohannes
499 3464 694 3563 Episcopus
721 3463 919 3538 Hludovico
948 3465 1152 3562 imperatori
1177 3463 1272 3539 inter
1297 3473 1425 3548 cetera.

205 3577 389 3676 Siquidem
407 3577 591 3652 Ciceronis
607 3586 661 3651 est
678 3575 740 3648 illa
763 3575 886 3650 multis
912 3576 1164 3676 experimentis
1188 3575 1260 3649 iam
1280 3577 1426 3674 probata

204 3692 393 3780 sententia,
410 3691 494 3789 quia
507 3691 602 3766 sicut
615 3689 823 3788 posteriores
837 3689 1016 3787 principes
1031 3714 1104 3764 rem
1118 3689 1333 3765 familiarem
1348 3689 1425 3764 sive

204 3805 434 3880 domesticam
454 3804 580 3878 melius
598 3803 733 3879 rexisse
752 3803 920 3901 probatur
940 3811 976 3877 et
1001 3801 1149 3892 lautius,
1174 3803 1226 3877 sio
1251 3801 1424 3876 nimirum

205 3917 424 4014 antiquiores
437 3915 587 3990 Romani
598 3916 789 3991 Pontifices
801 3915 1312 4012 melioribusgubernaverunt
1324 3925 1360 3990 et
1373 3915 1427 3988 in-

204 4029 343 4104 stitutis
360 4037 396 4104 et
411 4027 564 4124 legibus.
582 4028 677 4103 Hine
694 4027 786 4125 qnod
802 4037 857 4102 est
873 4028 1021 4125 antiqua
1046 4027 1264 4103 consuetudo
1282 4025 1427 4126 legibus

204 4143 384 4230 adiuvate,
401 4165 538 4238 semper
558 4139 722 4237 optinuit,
741 4149 782 4230 ut
801 4140 1035 4235 magistratus
1053 4139 1164 4214 honor
1181 4139 1277 4215 ultra
1294 4138 1426 4214 annale

204 4256 360 4354 spatium
379 4253 470 4326 nulli
489 4254 630 4351 penitus
648 4252 853 4348 largiretur.
868 4254 945 4338 Quo
961 4251 1145 4349 completo,
1162 4251 1272 4348 legali
1287 4275 1428 4327 sueces-

204 4392 261 4442 sor·
277 4365 491 4454 admittitur,
504 4376 541 4440 et
549 4365 643 4463 prior
657 4365 767 4439 Iudex
781 4367 808 4438 L
821 4363 944 4439 diebus
962 4364 1057 4439 intra
1075 4365 1296 4463 provinciam
1315 4389 1427 4440 reme·

205 4479 333 4556 morari
348 4479 502 4569 iubetur,
515 4479 624 4554 donec
637 4479 667 4552 si
681 4502 751 4577 qua
764 4476 980 4580 distraxerat
997 4475 1254 4574 'possessoribus
1272 4475 1428 4552 referan-

361 4615 364 4620 ·
1210 4591 1246 4646 ar
