3646 5292
732 433 928 498 *loo-

213 553 251 626 in
268 549 482 650 cuiusquam
500 562 742 653 praesumatur
759 554 940 644 iniuriam,
957 578 1002 630 ne
1020 553 1049 628 si
1072 553 1200 628 iterato
1224 554 1269 630 ad
1286 578 1349 629 nos
1374 555 1439 630 im-

212 665 362 764 ploratio
374 666 468 741 iusta
483 667 698 764 confugerit,
711 692 855 744 necesse
869 667 918 741 sit
930 667 1091 743 severius
1104 690 1336 744 commovere.
1350 671 1441 746 Exe-

213 780 392 856 cutionem
411 806 497 856 vero
515 781 791 880 praeceptionum
817 792 1032 872 nostrarum,
1056 781 1160 855 fratri
1178 791 1215 856 et
1237 781 1440 882 coepiscopo

211 903 331 969 nostro
347 894 486 970 Iuliano
504 919 567 970 nos
584 896 805 972 commisisse
822 895 975 984 noveris,
988 905 1029 970 ut
1046 893 1164 970 omnia
1179 894 1224 968 ab
1237 893 1299 969 illo
1316 920 1439 994 quem·

211 1008 399 1083 admodum
422 1010 676 1084 constituimus
694 1011 911 1086 roborentur.
937 1010 1069 1082 Datum
1096 1009 1184 1081 VIII
1204 1007 1289 1082 Idus
1315 1008 1439 1084 Martii

212 1120 532 1218 postconsulatum
554 1125 598 1196 V.
617 1123 656 1199 O.
674 1123 816 1198 Iuliani.

794 1325 865 1409 XL.

735 1529 814 1594 cap.
834 1531 907 1580 1111.

309 1688 475 1763 Gelasius
484 1689 520 1762 in
532 1690 770 1765 decretalibus
783 1691 867 1764 suis
878 1691 1126 1766 Ordinationes
1140 1691 1441 1790 presbyterorum,

219 1811 255 1876 et
271 1802 497 1879 diaconorum
515 1803 583 1877 nisi
603 1806 711 1880 certis
728 1804 945 1902 temporibus
962 1813 998 1878 et
1016 1803 1138 1878 diebus
1156 1829 1319 1881 exercere
1336 1829 1442 1881 nemo

218 1917 469 2014 Episcoporum
488 1918 626 1992 audeat.
644 1921 767 2015 ltaque
786 1917 919 1991 mensis
932 1919 1012 1991 IIII.
1026 1920 1105 1991 Vll.
1122 1929 1157 1993 et
1170 1923 1206 1993 X
1220 1919 1363 2008 ieiunio,
1381 1919 1442 1994 sed

214 2029 321 2103 etiam
332 2031 635 2127 quadragesimali
646 2031 759 2120 initio,
768 2057 810 2105 ac
824 2031 986 2107 mediana
996 2032 1290 2130 quadragesimae,
1300 2033 1355 2109 die
1366 2033 1443 2108 sab·

213 2142 287 2218 bati
306 2145 403 2219 cirea
417 2170 585 2244 vesperas
598 2145 694 2244 ipsas
707 2145 945 2221 ordinationes
963 2145 1128 2219 noverint
1145 2145 1383 2220 celebrandas
1397 2149 1444 2221 Et

215 2257 318 2331 infra.
334 2262 411 2334 Nec
429 2258 623 2334 cuiuslibet
640 2258 810 2334 utilitatis
828 2284 890 2334 seu
909 2258 1159 2356 presbyterum
1173 2285 1236 2335 seu
1254 2259 1442 2334 diaconum

215 2370 272 2445 his
294 2371 470 2468 praeferre,
492 2373 652 2472 quiante
679 2373 822 2448 fuerant
839 2372 1001 2447 ordinati.
1023 2372 1121 2447 Idem
1140 2373 1177 2446 in
1196 2381 1345 2470 regesto.
1371 2373 1441 2460 Qui

213 2485 381 2582 proficere
399 2485 609 2575 noluerunt,
627 2485 820 2560 reddantur
839 2488 915 2560 suis
935 2486 1163 2561 inferioribus
1180 2497 1258 2585 post
1276 2487 1441 2578 minores

215 2599 362 2696 ipsaque
380 2599 562 2675 commoda
580 2598 780 2698 presbyteri
803 2600 1022 2698 propensius,
1041 2625 1148 2699 quam
1167 2601 1305 2676 diaconi
1323 2624 1444 2678 conse-

217 2722 386 2810 quantur,
403 2723 444 2786 ut
457 2712 526 2787 bac
540 2711 667 2787 saltem
683 2712 819 2788 ratione
832 2713 1029 2804 constricti,
1043 2722 1078 2789 et
1091 2713 1258 2790 honorem
1272 2739 1376 2813 quem
1390 2713 1408 2788 f
1431 2756 1444 2770 -

216 2825 327 2921 giunt
343 2833 507 2925 appetere
524 2827 689 2901 nitantur
705 2837 741 2902 et
759 2837 935 2925 questum.

725 3003 728 3008 ’
799 3029 887 3114 xn.

672 3233 721 3284 Ex
741 3231 813 3284 eod.
834 3245 905 3300 cap.
925 3234 979 3286 VI.

314 3395 392 3469 Nnc
401 3393 521 3468 minus
534 3395 642 3469 etiam
657 3394 883 3492 presbyteros
896 3402 1018 3469 contra
1028 3419 1133 3468 suum
1147 3394 1287 3468 modum
1298 3393 1443 3468 tendere

219 3506 456 3604 prohibemus,
467 3532 534 3582 nec
547 3507 736 3606 episcopali
755 3505 900 3604 fastigio
917 3506 1034 3582 debita
1049 3506 1194 3581 simibet
1206 3507 1376 3582 audacter
1389 3531 1444 3581 as·

220 3645 370 3696 sumere.
384 3625 463 3697 Non
477 3621 687 3697 conficiendi
706 3619 934 3708 Chrismatis,
951 3643 1022 3694 non
1035 3618 1320 3716 cogsignationis
1333 3619 1445 3716 ponti·

220 3733 334 3810 ficalis
350 3734 545 3810 adhibendo
562 3735 705 3809 sibimet
721 3734 878 3832 arripere
892 3735 1113 3824 facultatem,
1126 3744 1162 3810 et
1180 3757 1249 3809 non
1271 3743 1444 3832 prasente

221 3847 378 3946 quolibet
391 3847 573 3937 Antistite,
585 3847 656 3921 nisi
670 3846 819 3922 fortasse
832 3848 999 3923 iubeatur
1012 3847 1070 3923 vel
1084 3845 1253 3922 orationis
1266 3844 1324 3921 vel
1337 3845 1445 3920 actio-

220 3961 278 4035 nis
295 3985 406 4037 sacrae
423 3970 609 4058 suppetere
626 3960 693 4034 sibi
711 3969 906 4059 prasumat
923 3984 999 4035 esse
1017 3959 1214 4048 licentiam,
1238 3983 1354 4056 neque
1378 3957 1445 4033 sub

221 4075 300 4149 eius
316 4085 462 4173 aspectu
481 4073 550 4148 nisi
568 4073 734 4150 iubeatur
752 4083 815 4147 aut
837 4073 958 4148 sedere
983 4082 1186 4172 prasumat,
1210 4080 1274 4145 aut
1299 4096 1446 4146 venera·

221 4189 307 4266 bilia
319 4199 475 4266 tractare
485 4187 654 4263 misteria.
667 4191 743 4262 Nec
757 4186 824 4261 sibi
839 4185 1044 4262 meminerit
1054 4184 1128 4258 ulla
1142 4184 1276 4259 ratione
1289 4183 1444 4274 concedi,

223 4304 298 4378 sine
317 4327 457 4378 summo
474 4302 646 4378 Pontifice
664 4302 865 4389 diaconum,
890 4299 1157 4386 subdiaconum,
1179 4296 1238 4371 vel
1263 4295 1445 4386 acolitum,

222 4417 280 4492 ius
296 4417 423 4494 habere
441 4417 595 4493 faciendi
612 4440 679 4491 nec
695 4439 840 4513 prorsus
853 4413 992 4489 dubitet
1005 4413 1035 4488 si
1049 4411 1240 4512 quicquam
1258 4410 1302 4485 ad
1315 4409 1447 4509 episco-

223 4531 302 4629 pale
313 4530 775 4629 ministerium,specialiter
785 4528 966 4626 pertinens
977 4537 1146 4601 suomotu
1157 4525 1447 4625 putaveritexse·
