3582 5288
702 391 894 456 -lot-

188 526 323 609 negare
337 512 441 587 fidem
455 502 691 611 condempnat
707 512 902 612 perfidiam.
916 513 1003 590 Plus
1015 515 1066 590 ita
1079 511 1225 591 enimet
1236 517 1333 592 circa
1345 539 1410 590 vos

186 624 308 700 orium
326 647 437 714 arnor,
453 633 489 700 et
505 635 635 701 vestra
653 625 754 702 Sedis
770 627 900 703 crescit
915 627 1122 719 auotoritas,
1134 637 1171 704 et
1183 629 1275 727 quod
1288 629 1409 706 advos

186 747 240 814 cst
256 737 378 812 unitas
394 747 601 814 sanctarum
619 739 853 815 ecclesiarum
878 740 1062 819 inturbata
1086 741 1301 832 servabitur,
1318 743 1407 840 quin

185 877 247 952 per
267 876 331 928 vos
348 851 539 930 didicerint
562 877 684 930 omnes
709 852 907 930 beatissimi
933 854 1098 956 Episcopi
1122 854 1248 930 horum
1267 880 1346 954 quae
1362 857 1408 932 ad

184 990 247 1042 vos
271 965 384 1042 relata
400 975 486 1042 sont
510 966 687 1042 sinceram
713 965 916 1043 sanctitatis
941 977 1070 1045 vestrae
1087 967 1296 1044 doctrinam.
1313 969 1408 1045 Peti-

186 1105 265 1155 mus
289 1089 410 1155 autcm
427 1080 472 1154 ad
492 1089 651 1155 vestram
675 1079 934 1156 beatitudinem
958 1105 1059 1157 orare
1075 1104 1137 1180 pro
1158 1080 1270 1173 nobis,
1287 1091 1324 1158 ot
1341 1082 1406 1157 Dei

184 1192 285 1268 nobis
300 1193 486 1291 acquirere
503 1193 776 1291 providentiam.
794 1197 841 1268 Et
858 1192 1080 1291 subscriptio.
1093 1192 1274 1269 Divinitas
1287 1203 1323 1270 te
1335 1218 1407 1270 ser-

183 1315 243 1381 vot
260 1330 324 1404 per
341 1307 471 1382 multos
488 1331 574 1382 anos
591 1316 715 1383 sancte
733 1307 1053 1404 etr-religiosissime
1070 1316 1179 1405 pater.

661 1473 929 1558 OOXXXVIIH.

250 1651 302 1704 Ex
320 1651 447 1718 eodem,
464 1649 694 1704 constitutione
714 1650 831 1704 eadem
850 1650 1043 1716 rescriptum
1063 1651 1214 1706 Iohannis
1233 1653 1336 1718 Papae

557 1739 600 1794 ad
618 1739 770 1793 eumdem
789 1739 1055 1806 Imperatorem*
1351 1745 1354 1749 ·

274 1874 535 1950 Gloriosissimo
559 1884 596 1950 et
619 1874 897 1951 clementissimo
919 1873 992 1949 filio
1009 1871 1209 1950 lustinieno
1226 1880 1405 1972 Augusto,

179 1989 355 2065 lohannes
372 1989 566 2087 Episcopus
583 1989 691 2086 Urbis
708 1992 835 2064 Romae.
853 1991 953 2064 Inter
966 1989 1082 2064 claras
1106 1989 1290 2088 sapientia
1307 2014 1406 2064 man-

179 2101 381 2178 suetudinis
402 2111 532 2177 vestrm
554 2102 689 2191 laudes,
703 2101 1011 2178 Christianissime
1026 2102 1247 2201 Principum,
1264 2104 1406 2201 puriore

177 2215 258 2292 luce
275 2226 458 2314 tamquam
476 2215 619 2314 aliquod
635 2215 735 2290 sidus
751 2215 912 2306 irradiat,
934 2218 1027 2316 quod
1051 2241 1170 2292 amore
1195 2217 1288 2308 fidei,
1313 2219 1406 2316 quod

177 2329 340 2406 caritatis
357 2329 474 2406 studio
490 2329 606 2405 edocti
622 2329 879 2406 ecclesiasticis
896 2329 1107 2429 disciplinis,
1120 2333 1288 2406 Romanoa
1302 2331 1404 2406 Sedis

113 2459 118 2470 ·
177 2445 415 2519 reverentiam
432 2445 663 2532 conservatis,
682 2453 719 2519 et
737 2443 770 2518 ei
788 2458 920 2520 cuncta
938 2444 1113 2535 subicitis,
1130 2451 1166 2519 et
1182 2443 1227 2518 ed
1244 2443 1323 2519 cius
1347 2445 1405 2520 da·

179 2557 313 2634 ducitis
329 2557 517 2649 unitatem,
534 2557 579 2633 ad
596 2557 702 2634 cuius
719 2567 913 2648 auctorem,
926 2557 993 2634 hoo
1007 2566 1061 2634 est
1074 2557 1322 2656 Apostolorum
1334 2558 1404 2660 pri-

178 2697 276 2746 mum
291 2671 440 2746 Domino
456 2671 621 2770 loquente
635 2679 852 2770 praeceptum
866 2681 929 2746 est.
944 2673 1055 2746 Pasce
1067 2694 1150 2746 oves
1165 2695 1272 2746 meas.
1286 2675 1403 2758 Quam

177 2809 255 2860 esse
266 2784 427 2859 omnium
440 2809 524 2860 vere
537 2783 772 2860 ecclesiarum
783 2798 904 2882 ceput,
912 2794 949 2860 et
957 2793 1100 2882 patrum
1114 2784 1251 2881 regule>
1259 2799 1296 2860 et
1308 2785 1404 2884 prin·

175 2897 298 2997 cipum
316 2889 451 2974 statuta
468 2899 652 2975 declarant
668 2907 704 2973 at
720 2899 865 2996 pietatis
890 2910 1019 2975 vestrae
1045 2897 1326 2975 reverentissimi
1351 2909 1403 2976 te·

176 3021 320 3088 stantur
337 3013 477 3087 affatus.
495 3016 600 3088 Patet
617 3011 733 3108 igitur
746 3012 784 3084 in
798 3013 898 3089 vobis
912 3013 1099 3112 impletum
1112 3013 1198 3105 fore,
1211 3013 1303 3112 quod
1315 3013 1403 3089 sori·

176 3136 292 3225 pturae
308 3127 487 3214 locuntur,
500 3151 563 3224 per
579 3151 632 3201 me
646 3150 750 3223 reges
767 3138 933 3226 regnant,
946 3139 983 3204 et
1000 3137 1160 3226 potentes
1173 3128 1337 3204 scribunt
1349 3129 1403 3204 iu·

175 3245 323 3320 stitiam.
336 3245 436 3320 Nihil
452 3255 507 3321 est
520 3245 613 3344 quod
625 3245 761 3322 lumine
775 3243 926 3321 clariore
940 3241 1164 3342 praelulgeat,
1177 3266 1285 3341 quam
1303 3251 1402 3319 recta

176 3359 265 3436 fides
280 3360 319 3434 in
336 3360 506 3461 principe.
523 3361 648 3437 Nichil
673 3360 838 3460 estquod
861 3358 912 3433 ite
929 3366 1094 3456 nequaeat
1117 3357 1260 3433 occasui
1285 3356 1403 3432 subia-

175 3497 267 3562 cere,
290 3496 398 3572 quam
415 3499 502 3549 vera
528 3474 665 3571 religio.
681 3477 776 3548 Nam
801 3497 885 3549 cum
910 3479 1035 3545 auctor
1059 3470 1144 3545 vitea
1168 3469 1228 3545 vel
1252 3469 1401 3545 luminis

175 3595 374 3684 utrumque
396 3587 600 3684 respiciant,
622 3598 729 3664 rectae
746 3585 958 3662 ettcnebras
971 3583 1169 3685 respiciunt
1181 3591 1218 3659 ct
1234 3583 1402 3659 nesciunt

178 3700 362 3776 subiacere
380 3701 546 3777 defectui.
564 3705 611 3776 Et
626 3701 732 3776 infra.
749 3699 932 3798 Scriptum
950 3707 1006 3774 est
1025 3697 1136 3774 enim:
1152 3695 1258 3772 labiis
1271 3703 1401 3793 regnat

178 3839 253 3888 rex.
267 3815 314 3888 Et
326 3812 472 3889 iterum:
486 3839 569 3890 oum
584 3839 647 3891 rex
658 3815 777 3889 iustus
789 3812 921 3889 sederit
933 3835 1041 3910 super
1053 3811 1183 3902 sedem,
1195 3833 1266 3886 non
1277 3809 1401 3886 adver-

174 3927 314 4002 sabitur
327 3927 359 4004 ei
377 3929 572 4028 quicquam
589 3928 803 4026 malignum.
821 3930 868 4002 nt
884 3935 1025 4004 catera.

700 4093 824 4179 dcxl.

504 4249 554 4302 Ex
567 4247 649 4302 libro
669 4245 869 4302 novellarum
887 4245 1066 4300 Iustiniani.

271 4380 497 4458 Iustinianus
509 4385 705 4482 Imperator
723 4387 925 4481 Augustus,
943 4385 1048 4459 Petro
1061 4385 1130 4457 ΡΡ.
1143 4381 1334 4458 Sancimus
1346 4406 1399 4458 sc·

175 4495 332 4572 cundum
358 4495 588 4573 diffinitiones
610 4506 819 4573 sanctarum
844 4500 945 4574 IIIIor
969 4495 1223 4598 principalium
1247 4495 1398 4597 synodo·
