3654 5302
752 403 950 466 -405-

237 519 414 593 xandrum
427 519 691 597 Antiochenum
705 523 918 622 Episcopum
931 525 993 599 ait.
1006 529 1098 600 Nam
1112 527 1205 626 quod
1217 529 1394 604 sciscitari
1407 531 1460 604 in·

237 632 366 730 quiens
379 643 502 708 utrum
516 634 643 710 divisis
656 637 832 738 imperiali
847 637 979 712 iudicio
993 637 1188 735 provinciis
1202 649 1244 714 ut
1256 641 1325 716 duo
1336 629 1461 718 metro-

237 745 354 843 poleos
371 747 470 837 fiant,
486 747 517 820 si
535 748 604 824 duo
621 750 883 848 metropolitani
896 751 1048 826 debeant
1066 753 1255 826 nominari.
1272 757 1352 828 Non
1374 779 1461 852 ergo

236 859 356 932 visum
372 869 428 934 est
444 860 490 934 ad
507 861 741 938 mobilitatem
759 863 1017 939 necessitatum
1035 866 1299 940 mundanarum
1314 867 1377 944 Dei
1394 893 1459 944 aeo-

240 971 350 1048 clesia
367 975 591 1063 commutari,
609 975 830 1074 honoresque
846 987 910 1050 aut
923 977 1115 1053 divisiones
1128 980 1274 1077 perpeti,
1290 1005 1380 1078 quas
1397 1005 1459 1078 pro

236 1085 312 1159 suis
324 1086 444 1161 causis
459 1087 642 1175 faciendis,
651 1089 754 1165 duxit
763 1093 967 1188 Imperator.
977 1093 1110 1166 Beatus
1125 1097 1316 1188 Augustus
1325 1095 1459 1190 Grego

239 1199 316 1272 rius
325 1199 403 1297 (sic)
410 1199 570 1276 scribens
578 1201 868 1278 ad'lheoetistam
879 1205 1065 1301 patriciam
1076 1205 1171 1280 inter
1178 1207 1351 1281 ceteraSi
1361 1209 1457 1282 enim

235 1312 361 1410 inquid
375 1313 1459 1414 religioniscausaconiugiadeberedissolvidieantur,scien-

235 1427 321 1501 dum
334 1437 399 1517 est,
412 1429 496 1526 quia
509 1439 546 1504 et
562 1430 593 1504 si
605 1431 672 1506 hoc
684 1431 743 1506 lex
754 1431 914 1505 humana
926 1431 1112 1520 concessit,
1128 1430 1187 1505 lex
1198 1440 1320 1506 tamen
1334 1433 1458 1507 divina

235 1541 425 1641 prohibuit.
443 1548 535 1621 Ecce
553 1546 850 1644 quemadmodum
875 1543 1053 1642 imperiali
1074 1543 1206 1619 iudicio
1222 1568 1292 1619 non
1310 1557 1459 1643 possunt

236 1657 489 1734 ecclesiastiea
501 1660 583 1734 iura
595 1660 751 1734 dissolvi.
760 1663 853 1735 Ecce
867 1657 1022 1756 qualiter
1034 1657 1126 1756 quod
1138 1657 1196 1734 lex
1206 1649 1365 1733 humana
1377 1683 1459 1736 con·

234 1770 353 1859 cessit,
369 1771 428 1847 lex
443 1773 567 1846 divina
585 1772 776 1870 prohibeat
793 1775 874 1847 Non
891 1773 983 1869 quod
1000 1775 1195 1869 Imperator
1211 1771 1356 1867 legibus
1380 1774 1458 1872 qui·

235 1884 302 1958 bus
315 1909 397 1982 sepe
410 1886 563 1960 ecclesia
581 1896 705 1961 contra
722 1885 898 1961 hereticos
911 1886 1038 1975 utitur,
1051 1909 1133 1982 sepe
1145 1895 1269 1960 contre
1282 1897 1457 1984 tyrannos

234 2007 341 2096 atque
358 2008 482 2074 contra
499 2023 626 2097 pravos
642 2023 800 2099 quosque
822 1999 1026 2074 defenditur
1050 1999 1211 2074 dicamus
1237 1999 1380 2096 penitus
1405 2025 1456 2076 11-

234 2113 405 2202 suendae,
421 2114 481 2188 sed
499 2138 558 2188 111
575 2115 667 2210 quod
680 2113 902 2210 evangelicis
919 2113 1121 2210 apostolicis
1145 2123 1253 2211 atque
1277 2114 1459 2190 canonicis

234 2225 386 2301 decretis
403 2226 533 2324 quibus
550 2228 786 2324 postponende
803 2237 900 2314 sunt,
915 2226 1057 2301 nullum
1072 2250 1172 2324 posse
1185 2227 1318 2302 inferre
1332 2227 1457 2324 11111111-

233 2339 368 2414 dicium
385 2365 596 2415 asseramus.
614 2345 661 2416 Et
686 2342 791 2416 infra.
816 2343 992 2430 Quoniam
1019 2340 1143 2414 divina
1168 2339 1313 2416 favente
1337 2343 1457 2437 gratia

234 2462 376 2528 tantum
393 2455 560 2551 cupimus
577 2455 782 2530 huiusmodi
799 2455 917 2531 scelus
934 2454 1132 2530 secundum
1154 2455 1330 2530 creditum
1356 2456 1456 2530 nobis

234 2567 363 2644 celitus
380 2569 621 2645 ministerium
638 2570 683 2644 ab
701 2569 862 2646 ecclesiae
879 2569 971 2646 facie
989 2568 1164 2644 radicitus
1189 2579 1387 2666 amputare,
1413 2581 1455 2646 ut

235 2681 266 2754 si
283 2683 350 2756 hac
368 2684 448 2759 vice
466 2683 559 2758 idem
577 2684 765 2760 Lotharius
782 2683 926 2758 monitis
943 2681 1147 2758 salubribus
1164 2707 1206 2758 ac
1231 2683 1457 2757 deffinitioni-

234 2797 302 2872 bus
323 2799 455 2873 nostris
480 2823 541 2895 per
566 2799 705 2893 legatos
729 2808 765 2874 et
790 2799 956 2895 epistolas
981 2807 1121 2872 nostras
1146 2797 1363 2893 regulariter
1386 2798 1454 2873 sibi

234 2914 353 2987 missis
370 2912 526 2988 noluerit
542 2913 692 3001 obedire,
710 2923 747 2988 et
762 2913 807 2988 ad
825 2911 1061 3010 penitentiam
1082 2912 1296 3008 competenti
1315 2912 1423 2987 satisf
1440 2955 1455 2970 -

234 3028 350 3102 ctione
364 3029 547 3124 praemissa
559 3029 772 3126 quantocius
786 3013 963 3124 repedare,
976 3051 997 3098 a
1009 3025 1110 3100 nobis
1122 3038 1230 3124 atque
1243 3051 1265 3098 a
1277 3026 1387 3113 totius
1400 3051 1455 3102 ec·

233 3141 350 3216 111111
370 3164 513 3238 corpore
531 3141 702 3216 11111111
718 3151 828 3238 atque
843 3141 1034 3242 apostolica
1055 3141 1233 3216 sententia
1259 3141 1454 3217 efficienter

234 3280 306 3328 una
323 3280 407 3331 cum
424 3255 588 3332 omnibus
605 3256 805 3330 fautoribus
821 3263 858 3330 et
879 3254 1244 3330 communicatoribus
1259 3254 1336 3330 suis
1358 3256 1455 3353 peni·

234 3379 295 3444 tus
311 3369 461 3446 alienus.

729 3507 953 3596 LXXXVIII.

328 3711 524 3789 Nioholaus
540 3712 737 3812 Episcopus
754 3737 880 3788 servus
897 3735 1082 3787 servorum
1097 3711 1162 3786 Dei
1180 3711 1339 3810 piissimo
1354 3720 1392 3786 et
1403 3709 1454 3784 di·

233 3827 428 3903 lectissimo
441 3827 514 3901 filio
525 3827 722 3926 superatori
734 3826 903 3924 gentium
915 3835 1023 3924 atque
1035 3824 1332 3923 tranquillissimo
1345 3823 1454 3922 impe-

233 3942 344 4015 ratori
357 3939 549 4016 Michaheli
562 3967 584 4012 a
597 3943 670 4016 Deo
681 3949 839 4041 protecto
850 3963 990 4038 semper
1002 3943 1179 4036 Augusto.
1193 3943 1239 4014 Et
1252 3939 1358 4014 infra.
1371 3944 1452 4015 Non

233 4077 320 4151 ergo
337 4053 462 4152 quales
478 4054 553 4128 sint
573 4055 773 4130 sacerdotes
799 4053 954 4142 Domini,
971 4053 1033 4129 sed
1054 4053 1139 4151 quid
1163 4052 1207 4128 de
1231 4053 1382 4129 Domino
1406 4053 1455 4129 lo-

233 4179 392 4268 quantur
408 4177 463 4244 111
478 4168 578 4243 vobis
595 4191 812 4266 magnopere
832 4168 1111 4266 praevidendum.
1135 4171 1216 4244 Non
1241 4169 1279 4241 in
1297 4167 1454 4244 Vicariis

232 4283 326 4359 beati
345 4283 442 4358 Petri
462 4283 620 4381 Apostoli
638 4283 738 4357 vobis
755 4292 809 4358 est
825 4283 1082 4357 attendendum
1099 4283 1162 4381 qui
1188 4283 1272 4372 sint,
1289 4283 1351 4357 sed
1367 4283 1454 4380 quid

232 4422 295 4496 pro
311 4397 531 4495 correptione
548 4396 804 4487 aecclesiarum,
821 4396 906 4494 quid
923 4419 985 4494 pro
1003 4395 1120 4472 salute
1137 4408 1257 4472 vestra
1275 4408 1454 4493 satagant.

230 4515 356 4611 Neque
371 4511 469 4588 euim
487 4509 567 4586 illos
584 4509 763 4587 inferioris
779 4510 906 4587 dicetis
929 4510 1040 4587 scribi
1064 4521 1102 4588 et
1125 4510 1281 4610 pharisei
1305 4511 1454 4588 dicenti·
