3654 5302
728 418 925 483 -401-3

216 543 331 611 scunt.
349 536 448 624 Quod
462 536 631 638 propheta
643 537 809 614 ardenter
821 538 966 614 exibens
984 538 1144 615 Creatori
1157 537 1317 614 omnium
1332 540 1435 639 quasi

216 649 253 721 in
272 675 419 726 munere
435 651 568 726 obtutis
584 652 716 728 dicens.
733 655 860 728 Nonne
873 651 936 754 qui
949 663 984 729 te
997 653 1173 729 hoderunt
1184 655 1281 730 Deus
1293 653 1436 730 oderam

217 761 309 852 illos,
325 774 361 838 et
378 789 486 863 snper
502 765 667 842 inimicos
683 776 765 842 tuos
781 766 1033 843 tabescebam?
1051 767 1211 844 Perfecto
1227 767 1305 843 odio
1320 775 1357 843 et
1381 793 1438 844 ce·

217 885 305 952 tera.
324 882 377 952 Ao
394 879 425 953 si
442 889 562 975 aperte
580 880 686 956 dicat.
704 882 820 956 Pensa
836 892 1012 978 quantum
1030 889 1066 956 te
1082 879 1195 976 diligo
1212 879 1274 978 qui
1291 890 1436 956 tuorum

218 987 375 1066 hostium
392 993 550 1070 excitare
567 1004 692 1069 contra
710 1018 766 1070 me
782 995 994 1070 inimicitias
1011 1018 1082 1068 non
1098 995 1319 1092 pertimesce.

727 1159 936 1246 LXXXIIII.

314 1331 512 1429 Gregorius
523 1330 562 1404 in
575 1333 743 1430 pastorali
761 1332 852 1410 libro
865 1335 943 1408 llll.
958 1333 1180 1410 Admonendi
1197 1344 1284 1410 sunt
1300 1331 1437 1432 peccati

217 1446 348 1522 nedum
365 1445 556 1544 plusquam
574 1471 719 1522 necesse
736 1461 791 1524 est
806 1471 931 1545 pacem
943 1470 1051 1544 quam
1065 1445 1245 1545 possident
1257 1455 1381 1520 amant
1393 1444 1439 1520 ad

218 1571 423 1658 perpetuam
442 1561 629 1658 pervenire
646 1583 716 1635 non
737 1569 915 1660 appetant.
932 1558 1148 1657 Plerumque
1172 1558 1269 1634 enim
1286 1556 1440 1654 gravius

218 1674 454 1749 intentionem
473 1674 647 1750 mentium
666 1699 784 1750 rerum
802 1671 1045 1770 tranquillitas
1057 1680 1270 1769 temptat,ut
1282 1693 1351 1769 quo
1368 1693 1440 1744 non

218 1797 305 1862 sunt
321 1789 469 1864 molesta
487 1813 567 1886 quae
590 1797 726 1879 tenent,
742 1813 782 1865 eo
806 1788 927 1862 minus
950 1785 1119 1860 amabilia
1143 1812 1224 1884 quae
1247 1793 1441 1875 recantet

218 1923 287 1997 quo
304 1900 484 1976 delectant
500 1901 699 2000 praesentia,
716 1926 755 1978 eo
779 1926 850 1976 non
866 1900 1096 1998 inquirantur
1121 1911 1266 1990 eterna,
1282 1899 1378 1974 unde
1403 1906 1440 1974 et

218 2014 525 2113 persemetipsum
543 2016 688 2091 Veritas
701 2015 858 2114 loquens,
875 2039 959 2088 cum
981 2038 1174 2111 supernam
1191 2037 1314 2111 paoem
1331 2039 1353 2086 a
1370 2022 1441 2088 ter·

217 2151 303 2202 rena
320 2127 561 2224 distingueret
576 2139 683 2226 atque
707 2128 752 2204 ed
776 2136 967 2202 venturam
996 2126 1189 2225 discipulos
1214 2153 1259 2203 ex
1284 2125 1440 2224 presenti

217 2251 429 2338 provocaret
444 2242 505 2316 ait.
523 2243 653 2318 Pacem
682 2266 795 2316 meam
816 2240 978 2338 relinquo
994 2239 1105 2330 vobis,
1122 2264 1245 2338 paoem
1263 2265 1380 2315 meam
1397 2239 1441 2314 do

218 2354 328 2430 vobis.
344 2357 518 2455 Relinque
534 2357 673 2433 scilicet
689 2355 944 2444 transitoriam,
957 2355 1000 2429 do
1013 2379 1231 2429 mansuram.
1245 2355 1283 2430 Si
1297 2377 1383 2451 ergo
1399 2353 1439 2429 in

217 2492 296 2542 eam
314 2491 374 2544 cor
391 2493 470 2570 quae
488 2471 613 2547 relicta
630 2479 685 2546 est
701 2468 875 2567 sequitur,
894 2492 1080 2566 nunquam
1102 2467 1148 2542 ad
1164 2492 1243 2543 eam
1260 2491 1340 2565 quae
1356 2467 1442 2542 dan·

218 2581 262 2656 da
286 2595 341 2658 est
365 2583 586 2681 pervenitur.
604 2587 680 2658 Pax
706 2583 821 2680 igitur
837 2605 994 2679 praesens
1010 2581 1062 2655 ita
1079 2567 1232 2657 tenenda
1257 2590 1321 2671 est,
1337 2590 1380 2656 ut
1396 2605 1441 2656 ex

218 2718 288 2792 quo
304 2695 409 2792 diligi
426 2696 551 2773 debeat
568 2706 604 2772 et
624 2695 814 2772 contemni.
830 2697 886 2769 Ne
898 2695 929 2768 si
947 2694 1178 2770 immoderate
1195 2693 1372 2791 diligitur,
1389 2695 1440 2769 di·

218 2807 367 2904 ligentis
379 2810 523 2885 animus
536 2812 574 2883 in
591 2809 697 2907 culpa
715 2811 882 2908 patiatur,
895 2807 989 2882 unde
1003 2819 1040 2882 et
1055 2807 1268 2883 admonendi
1280 2819 1367 2884 sunt
1380 2832 1439 2906 pa·

217 2923 300 3011 cati,
316 2948 363 2998 ne
380 2923 465 2998 dum
484 2923 593 2998 nimis
609 2923 804 2998 humanam
822 2946 944 3020 pacem
956 2923 1170 3011 desiderant,
1183 2945 1312 3020 pravos
1324 2922 1438 2997 homi·

218 3059 303 3109 num
319 3060 434 3111 mores
447 3060 673 3135 nequaquam
689 3037 919 3133 redarguant.
933 3039 979 3111 Et
991 3036 1244 3112 consentiendo
1256 3037 1435 3134 perversis

218 3147 375 3222 auctoris
392 3148 448 3222 sui
468 3173 505 3223 se
523 3172 609 3246 pace
626 3147 849 3243 disiungant.
863 3154 918 3226 Ne
935 3151 1021 3224 dum
1039 3149 1198 3224 humana
1216 3151 1303 3224 foris
1316 3150 1439 3247 iurgia

219 3268 388 3334 metuunt
405 3261 538 3336 interni
555 3261 696 3336 faederis
713 3262 928 3338 dissentione
947 3264 1132 3338 leniantur.
1150 3265 1243 3351 Quid
1267 3274 1323 3340 est
1342 3265 1439 3340 enim

218 3397 287 3472 pax
303 3375 518 3465 transitoria,
535 3375 606 3449 nisi
624 3375 800 3473 quoddam
818 3375 1017 3471 vestigium
1042 3375 1140 3473 pacis
1157 3381 1326 3452 aeternae?
1343 3377 1438 3464 Quid

217 3510 304 3583 ergo
317 3511 394 3563 esse
410 3487 611 3564 dementius
624 3498 866 3586 potest,quam
881 3488 1038 3584 vestigia
1051 3489 1089 3562 in
1104 3488 1252 3587 pulvere
1265 3489 1439 3587 impressa

219 3601 384 3696 diligere,
396 3625 434 3676 se
448 3601 566 3700 ipsum
580 3601 617 3674 in
631 3625 700 3698 quo
713 3601 874 3699 inpressa
891 3613 978 3678 sunt
990 3626 1060 3678 non
1073 3627 1207 3693 amare,
1218 3602 1305 3678 hinc
1323 3603 1440 3680 David
1528 3631 1532 3638 ·

218 3723 433 3790 oum'totum
451 3738 489 3790 se
506 3713 555 3808 ad¹
568 3713 699 3790 laedere
716 3715 815 3813 pacis
832 3716 973 3792 interne
994 3715 1268 3812 constringeret,
1286 3724 1441 3791 testatur

218 3828 411 3926 quodcum
428 3829 525 3904 mela
550 3829 737 3905 concordia
761 3853 831 3904 non
856 3838 995 3904 teneret
1020 3829 1152 3905 dicens.
1168 3832 1296 3906 Nonne
1320 3830 1383 3928 qui
1403 3839 1439 3905 te

217 3943 364 4016 oderant
380 3945 477 4018 Deus
493 3942 635 4018 oderam
652 3941 733 4017 illos
750 3950 785 4018 et
802 3966 909 4040 super
926 3941 1090 4016 inimicos
1106 3953 1187 4016 tuos
1205 3941 1440 4018 tabescebam.

218 4053 380 4130 Perfecto
396 4053 473 4129 odio
489 4054 632 4130 oderam
649 4053 730 4127 illos
747 4064 783 4129 et
800 4054 940 4129 inimici
957 4055 1044 4130 lacti
1063 4066 1149 4130 sunt
1163 4053 1441 4131 mihilnimicos

217 4169 350 4244 etenim
369 4170 434 4245 Dei
453 4169 609 4268 perlecto
620 4169 698 4246 odio
711 4169 825 4244 odisse
841 4178 907 4257 est,
920 4177 956 4243 et
968 4169 1060 4266 quod
1074 4169 1161 4246 facti
1175 4179 1260 4245 sunt
1277 4170 1441 4267 diligere,

218 4293 254 4358 et
270 4283 362 4381 quod
379 4285 519 4359 faciunt
536 4284 734 4380 increpare,
748 4307 861 4360 mores
879 4307 1070 4381 pravorum
1088 4309 1259 4381 premere,
1272 4285 1348 4360 vite
1365 4306 1442 4382 pro-

216 4395 327 4470 desse.
345 4395 572 4470 Pensandnm
598 4405 653 4470 est
677 4395 794 4492 igitur
814 4395 981 4493 quoniam
1008 4395 1053 4470 ab
1077 4395 1319 4493 increpatione
1344 4397 1443 4494 quie·

217 4509 342 4598 scitur,
358 4520 492 4607 quanta
517 4507 624 4607 eulpa
649 4533 731 4584 cum
757 4507 922 4606 pessimis
951 4535 1021 4609 pax
1044 4517 1199 4600 tenetur,
1215 4509 1259 4678 qi8
1272 4509 1442 4611 propheta
