3646 5292
888 392 1090 456 -210-

377 535 437 587 sas
461 511 685 612 Redemptori
710 521 830 587 nostro
853 512 1056 610 gratiarum
1081 511 1207 588 laudes
1229 513 1428 602 referimus,
1444 535 1600 588 consone

378 649 461 700 cunr
479 625 655 723 Propheta
671 637 839 701 canentes
852 650 948 702 voce.
961 629 1119 724 Magnus
1135 653 1174 701 es
1191 628 1340 702 Domine
1354 629 1450 702 Deus
1466 638 1599 715 noster,

379 762 582 837 magnaque
600 739 719 814 virtus
734 749 808 814 tua.
824 741 915 827 Quis
932 738 1027 814 enim
1045 740 1220 838 loquaetur
1237 741 1414 838 potentias
1430 751 1512 814 tuas
1535 741 1601 812 Do

378 849 486 940 mine,
499 861 535 926 et
550 850 692 925 auditas
709 851 817 926 faciet
833 852 956 929 laudes
973 852 1174 928 clementia
1186 858 1286 928 tuae?
1298 853 1464 950 quoniam
1483 861 1603 949 peten-

379 965 471 1038 tium
490 973 525 1040 te
543 975 625 1039 vota
644 966 847 1054 exaudiens,
865 966 964 1065 pium
991 965 1092 1041 nobis
1116 965 1300 1041 contulisti
1327 975 1514 1062 pastorem,
1538 965 1600 1062 qui

379 1087 541 1152 sanctam
559 1087 659 1153 nram
677 1079 920 1154 universalem
939 1078 1149 1166 aecclesiam,
1166 1103 1210 1152 ac
1234 1087 1385 1152 cunctas
1409 1076 1603 1151 dominicas

379 1199 416 1262 et
433 1189 625 1264 rationales
641 1214 726 1266 oves
743 1191 810 1266 sibi
827 1192 1035 1268 commissas
1061 1215 1186 1287 regere
1208 1201 1317 1288 atque
1340 1189 1544 1286 gubernare
1565 1201 1600 1264 te

378 1303 530 1376 Domino
547 1305 619 1379 Deo
636 1315 672 1378 et
690 1304 875 1380 Salvatore
892 1314 1012 1380 nostro
1024 1313 1232 1402 protegente
1245 1303 1374 1376 valeat.
1388 1301 1538 1377 Proinde
1551 1301 1601 1374 di·

379 1414 567 1490 lectissimi
583 1415 714 1490 fratres
730 1425 772 1491 ut
793 1417 869 1492 haec
893 1417 1085 1514 apostolica
1110 1418 1220 1490 immo
1244 1416 1360 1490 omnis
1385 1414 1603 1489 universalis

380 1528 543 1604 aecclesia
559 1531 596 1603 in
614 1539 687 1605 toto
702 1531 784 1606 orbe
802 1531 930 1605 diffusa
948 1556 985 1606 se
1007 1529 1249 1604 universalem
1275 1540 1411 1626 patrem
1430 1537 1466 1602 et
1492 1538 1605 1626 pasto-

379 1667 456 1717 rem
474 1642 648 1739 recepisse
666 1644 809 1719 laetetur
825 1655 861 1719 et
878 1644 1026 1730 exultet,
1043 1643 1082 1715 in
1099 1642 1208 1717 celeri
1226 1642 1441 1738 promotione
1459 1639 1600 1713 Summi

380 1755 564 1830 Pontificis
580 1755 813 1832 dilectissima
831 1757 1041 1832 fraternitas
1057 1765 1178 1830 vestra
1194 1755 1327 1852 absque
1341 1753 1508 1828 tarditate
1524 1752 1604 1826 dili·

379 1868 539 1963 gentiam
558 1868 735 1944 adhibeat.
748 1873 824 1946 Hoc
836 1880 956 1945 autem
974 1870 1157 1945 decretum
1171 1893 1192 1942 a
1205 1868 1306 1942 nobis
1319 1868 1468 1956 factum,
1480 1875 1516 1940 et
1529 1891 1602 1938 ma·

380 2005 494 2054 nuum
508 1991 709 2058 nostrarum
724 1993 766 2058 ut
779 1983 974 2081 perlectum
988 1994 1043 2058 est
1056 1981 1377 2081 subscriptionibus
1390 1979 1604 2068 roboratum,

381 2093 420 2166 in
437 2093 599 2170 archivio
615 2105 745 2170 nostrae
762 2105 896 2171 sanctae
912 2100 1080 2170 Romanae
1098 2096 1268 2171 Ecclesia
1286 2094 1425 2170 scilicet
1443 2094 1480 2167 in
1502 2117 1604 2168 sacro

381 2209 613 2282 Lateranensi
630 2210 764 2284 scrinio
780 2234 842 2308 pro
859 2211 973 2284 futuri
991 2212 1161 2309 temporis
1185 2209 1327 2284 cautela
1352 2208 1495 2284 recondi
1520 2207 1605 2282 seci-

380 2345 471 2394 mus.
490 2327 622 2396 Actum
636 2325 756 2397 Rornae
773 2347 866 2397 anno
880 2324 1076 2398 Dominicae
1092 2322 1352 2399 incarnationis
1370 2320 1470 2394 illius
1482 2345 1605 2394 mense
1727 2397 1729 2400 .

381 2431 443 2507 illo
459 2433 515 2508 die
532 2433 583 2508 ill.
601 2435 795 2511 indictione
811 2435 862 2510 ill.
880 2440 957 2531 Ego
973 2434 1123 2509 humilis
1140 2435 1191 2508 ill.
1209 2433 1510 2531 Archipresbyter
1526 2457 1605 2506 san-

382 2555 449 2620 ctae
462 2549 628 2622 Romana
641 2549 802 2624 ecclesia
819 2548 917 2623 tituli
936 2547 1081 2637 Calixti,
1098 2547 1185 2622 huic
1201 2547 1342 2620 decreto
1353 2572 1375 2618 a
1387 2545 1488 2620 nobis
1501 2545 1605 2635 lacto,

381 2659 418 2734 in
434 2659 562 2736 domno
575 2660 626 2734 ill.
640 2661 823 2736 Cardinali
838 2661 1063 2760 Presbytero,
1073 2660 1131 2735 vel
1142 2660 1307 2746 Diacono,
1316 2669 1352 2734 et
1364 2658 1476 2733 electo
1488 2668 1606 2732 nostro

382 2773 557 2864 consensi,
572 2782 608 2849 et
625 2773 830 2872 subscripsi.
844 2777 921 2870 Ego
934 2773 985 2848 ill.
1002 2772 1196 2871 Presbyter
1209 2771 1308 2845 tituli
1322 2770 1543 2846 Pammachii
1560 2771 1607 2844 si·

382 2885 525 2960 militer.
544 2889 621 2982 Ego
638 2887 689 2961 ill.
707 2887 901 2986 Presbyter
917 2887 1016 2960 tituli
1034 2886 1231 2961 Clementis
1251 2884 1427 2959 similiter.
1452 2888 1531 2980 Ego
1555 2884 1606 2959 ill.

383 2999 557 3096 indignus
576 3001 859 3077 Archidiaoonus
876 3005 1017 3075 Sanctae
1042 3003 1208 3074 Romanae
1233 2996 1403 3072 Ecclesia
1429 3007 1470 3071 ut
1486 3022 1605 3095 supra.

382 3115 460 3208 Ego
477 3111 527 3185 ill.
544 3111 692 3188 humilis
710 3113 890 3189 Diaconus
908 3113 1065 3210 regionis
1083 3115 1131 3185 V‘
1147 3121 1318 3212 utsupra.
1332 3110 1473 3210 Reliqui
1489 3111 1605 3186 diaco

383 3226 421 3299 ni
438 3224 613 3300 similiter.
630 3230 709 3323 Ego
725 3227 774 3302 ill.
793 3227 1026 3304 Primicerius
1044 3226 1261 3300 notariorum
1285 3227 1320 3298 S.
1345 3227 1513 3299 Romanae
1538 3227 1604 3300 Eo-

382 3335 500 3410 clesiee
517 3345 693 3435 utsupra.
710 3339 851 3437 Reliqui
868 3339 992 3416 clerici
1010 3337 1186 3415 similiter.

883 3529 1106 3615 Lxxxxffl.

388 3731 437 3782 Ex
454 3731 537 3785 llbro
558 3731 684 3786 eodem.
704 3731 866 3787 Professic
884 3731 984 3786 futuri
1001 3729 1165 3784 Ponttflcts
1184 3731 1362 3800 antequam
1382 3733 1597 3784 consecretur.

480 3903 817 3980 Innominesanotae
829 3901 1068 3978 etindividuae
1081 3901 1280 3976 Trinitatis.
1294 3905 1397 3976 Anno
1410 3901 1606 3976 Dominieae

383 4015 644 4090 lucarnationis
662 4015 714 4090 ill.
729 4017 785 4091 die
803 4017 854 4090 ill.
872 4017 1005 4092 mensis
1022 4013 1072 4088 ill.
1089 4013 1282 4090 indictione
1295 4015 1348 4091 ill.
1360 4018 1439 4111 Ego
1452 4013 1502 4088 ill.
1516 4018 1605 4088 San·

383 4137 450 4203 ctae
466 4131 634 4204 Romnnae
652 4129 821 4206 Ecclesiae
839 4130 1033 4229 Presbyter
1057 4137 1094 4202 et
1118 4127 1254 4204 electus
1279 4139 1321 4203 ut
1346 4129 1428 4202 fiam
1454 4153 1517 4228 per
1539 4130 1604 4205 Dei

385 4241 542 4335 gratiam
562 4241 712 4315 humilis
728 4241 838 4316 huius
855 4252 988 4318 sanetae
1001 4241 1213 4339 Apostolicae
1231 4243 1331 4318 Sedis
1343 4243 1493 4318 antistes
1505 4244 1607 4343 proti-

387 4361 463 4426 teor
480 4353 545 4427 tibi
561 4353 663 4429 beate
680 4357 785 4430 Petne
804 4355 1050 4453 Apostolorum
1069 4359 1250 4454 Princeps,
1268 4358 1327 4432 eui
1354 4356 1474 4433 claves
1499 4359 1604 4454 regni

383 4463 541 4538 celorum
555 4466 800 4563 adligandum
815 4477 922 4566 atque
936 4461 1145 4544 solvendum
1159 4470 1198 4544 in
1212 4469 1342 4545 calcet
1355 4471 1392 4544 in
1402 4481 1498 4545 terra
1508 4495 1606 4546 crea-
