3638 5294
888 400 1086 462 —448-

369 519 486 610 rende,
503 529 592 596 tnnc
611 545 737 594 rursus
754 545 799 596 ne
813 520 970 596 socordia
983 520 1213 619 segnitieque·
1223 519 1451 609 dormiamus,
1464 518 1547 594 aliis
1559 544 1598 593 a·

369 635 482 709 culeis
495 645 852 734 praceptorumquae
862 637 905 709 ad
919 634 1147 710 severitatem
1162 633 1386 708 coercitionis
1400 634 1593 732 pertinent,

367 748 544 824 excitandi
562 775 698 836 sumus,
715 758 757 823 ut
773 774 920 846 gressus
939 757 1076 822 nostros
1089 747 1126 820 in
1140 748 1199 820 via
1214 747 1354 820 Domini
1370 771 1416 821 ex
1430 747 1594 844 utrisque

367 862 582 938 testimoniis
599 862 661 937 illo
677 863 766 939 duce
783 873 889 960 atque
908 862 1067 938 adiutore
1084 861 1292 956 dirigentes,
1318 885 1385 935 neo
1411 860 1594 958 patientia

368 977 512 1052 nomine
529 986 783 1073 torpescamus
800 1002 866 1054 nec
883 977 1030 1051 obtentu
1047 973 1247 1070 diligentia
1264 973 1456 1048 noviomus.

844 1179 1017 1264 OXXllll.
1036 1176 1114 1276 (sio)

681 1384 775 1436 Idem
794 1387 825 1436 in
845 1383 986 1448 epistola
1005 1382 1048 1434 ad
1066 1381 1280 1434 vincentium.

467 1547 615 1621 Cortum
634 1554 689 1621 est
707 1546 864 1642 peccatis
882 1544 1011 1619 alienis
1028 1543 1065 1616 in
1084 1543 1222 1626 unitate
1249 1542 1384 1618 Christi
1411 1541 1592 1617 nominem

370 1682 470 1756 posse
488 1659 675 1749 maculari,
692 1684 762 1734 non
786 1659 961 1734 malorum
988 1655 1094 1730 factis
1119 1655 1411 1744 consentientem,
1432 1679 1481 1743 ne·
1507 1654 1595 1751 ipsis

370 1771 527 1868 peccatis
544 1795 658 1846 comm
666 1772 841 1847 rrnioando
859 1773 1048 1870 polluatur,
1068 1769 1128 1843 sed
1147 1779 1287 1866 propter
1305 1768 1511 1843 societatem
1537 1767 1594 1840 bo

369 1907 495 1957 norum
516 1884 627 1958 malos
645 1894 829 1982 tamquam
849 1885 967 1983 paleas
990 1908 1103 1981 usquo
1130 1885 1175 1956 ad
1200 1883 1364 1957 ultimam
1391 1881 1594 1959 ventilatio·

369 2023 450 2072 nem
469 1999 508 2072 in
524 2023 606 2074 area
624 1999 805 2073 dominica
822 1999 1042 2074 tolerantem.
1061 1997 1159 2072 Idem
1177 1996 1215 2068 in
1232 1996 1323 2070 libro
1344 1996 1386 2071 de
1408 1996 1592 2094 baptismo,

369 2111 408 2184 Si
426 2111 511 2185 mali
529 2111 635 2186 bonos
652 2112 691 2184 in
709 2113 848 2186 unitate
865 2111 1122 2198 contaminant,
1140 2109 1277 2184 nullam
1296 2109 1368 2182 iam
1392 2108 1591 2208 aecclesiam

368 2224 429 2299 oui
447 2224 644 2299 sociaretur
662 2225 867 2322 Cyprianus
884 2223 1036 2298 invenit.
1054 2224 1092 2296 Si
1106 2233 1226 2298 autem
1241 2222 1327 2296 mali
1341 2223 1450 2298 bonos
1463 2223 1500 2312 in
1514 2223 1594 2296 uni·

368 2345 442 2412 tate
459 2336 737 2426 nonmaculant,
751 2337 890 2412 nullam
902 2362 1049 2413 causam
1063 2337 1297 2434 separationis
1310 2337 1512 2433 sacrilegus
1526 2339 1592 2410 Do-

368 2449 502 2524 natista
519 2450 690 2549 proponit.

911 2583 1046 2667 oxii.

523 2781 604 2831 Item
618 2777 704 2831 idern
718 2779 749 2828 in
762 2789 908 2832 sermone
922 2779 1027 2832 sancti
1040 2778 1191 2830 Iohannis
1205 2779 1296 2830 caius
1310 2763 1434 2829 initium

776 2868 827 2919 est
844 2867 951 2919 Hodie
971 2865 1182 2920 dilectissimi.
1272 2895 1275 2900 -

464 3020 640 3096 Iohannes
662 3021 883 3118 impietatem
909 3020 1006 3116 regis
1034 3020 1194 3110 Herodis,
1212 3020 1274 3118 qui
1299 3044 1442 3096 uxorem
1469 3019 1592 3094 fratris

369 3133 733 3210 viventis‘invaserat
757 3134 901 3233 publica
926 3132 1139 3208 auctoritato
1156 3133 1432 3232 condempnans,
1449 3142 1590 3230 propter

368 3246 544 3321 iustitiam
563 3247 715 3345 perdidit
732 3249 858 3335 vitam,
877 3248 937 3322 sed
955 3247 1118 3321 lucratus
1136 3237 1190 3321 est
1207 3246 1370 3342 gloriam.
1388 3251 1435 3321 Et
1452 3270 1515 3320 nos
1540 3248 1593 3320 in·

366 3360 508 3434 tardum
527 3384 588 3456 pro
605 3360 725 3455 gratia
743 3359 928 3434 hominum
948 3358 1005 3432 vel
1023 3358 1162 3434 timoris
1175 3359 1365 3434 oll'ensione
1379 3359 1592 3457 proferimus

366 3469 607 3548 adulationem
625 3483 660 3546 et
677 3471 868 3548 vendimus
885 3473 1087 3560 veritatem,
1104 3495 1175 3546 non
1192 3474 1360 3548 timentes
1384 3472 1592 3570 illud'quod

365 3581 576 3656 terribiliter
593 3581 767 3678 scriptum
785 3591 849 3657 est.
867 3583 906 3656 Si
924 3607 993 3657 non
1015 3585 1290 3660 annuntiaveris
1315 3585 1437 3686 iniquo
1462 3585 1594 3682 iniqui-

271 3759 273 3764 .
365 3702 476 3768 tatem
494 3719 608 3782 suam,
625 3695 841 3790 sangninem
859 3695 937 3770 eius
961 3698 1005 3772 da
1030 3723 1139 3772 manu
1167 3713 1230 3772 tua
1255 3700 1444 3796 requiram.
1470 3699 1593 3774 Solent

364 3815 486 3880 tamen
503 3807 720 3904 aliquotiens
737 3809 896 3884 doctores
913 3809 1084 3884 aecclesiae
1101 3833 1172 3885 non
1190 3834 1251 3909 pro
1268 3811 1501 3908 neglegentia
1513 3835 1593 3908 pec·

366 3921 528 3995 cantium
545 3921 590 3995 ab
608 3921 850 4020 increpatione
868 3948 1019 4012 cessare,
1036 3924 1098 3999 sed
1114 3923 1199 4021 quia
1217 3947 1275 3998 eos
1292 3924 1422 3999 timent
1438 3925 1515 4024 ipsa
1534 3947 1592 3999 ca·

365 4032 562 4128 stigatione
580 4034 625 4109 ad
642 4035 776 4109 maiora
796 4035 888 4109 mala
901 4059 1138 4134 prorumpere.
1152 4037 1300 4124 Quando
1313 4061 1375 4134 pro
1386 4038 1454 4113 hac
1471 4063 1509 4112 re
1521 4061 1593 4111 non

364 4147 559 4243 praedicant
575 4148 786 4237 sacerdotes,
799 4173 870 4223 non
888 4159 1036 4247 possunt
1053 4149 1184 4224 habere
1198 4150 1239 4225 de
1253 4150 1501 4226 taciturnitate
1514 4175 1592 4248 pec·

365 4269 499 4348 catum,
516 4260 601 4356 quia
618 4259 672 4336 sio
691 4260 760 4334 viri
777 4260 857 4335 boni
877 4261 1057 4339 interdum
1080 4287 1124 4336 ex
1142 4263 1230 4336 dura
1255 4262 1591 4361 increpationecor·

365 4373 550 4467 rigantur,
568 4371 619 4466 ita
637 4384 796 4448 econtra
814 4373 921 4448 etiam
940 4375 1084 4473 superbi
1098 4375 1283 4451 lenissima
1295 4377 1534 4456 admonitione
1547 4376 1592 4450 ad

364 4487 481 4580 peiora
495 4483 692 4581 praecipitia
706 4496 953 4583 provocantur.
962 4489 1054 4564 Nam
1070 4487 1108 4560 in
1118 4496 1259 4564 tantum
1271 4487 1592 4586 predicator-enac-
