3642 5294
924 386 1094 452 48..

393 512 494 600 Quod
519 511 683 610 Episcopi
707 534 779 585 non
801 519 886 584 sunt
910 508 1063 605 cogendi
1088 533 1109 581 a
1134 511 1233 604 Rege
1258 508 1303 583 ad
1332 508 1506 584 militiam.
1531 510 1615 606 Cap.

467 625 650 700 XCVIIII.

394 742 446 814 De
462 739 604 814 clericis
620 742 872 834 Imperatorem
888 735 1103 812 adeuntibus
1120 735 1293 810 adversus
1310 735 1505 833 Episcopus
1522 757 1613 810 suos.

467 853 550 948 Cap.
569 853 720 926 XVIIII.
738 852 891 924 XXVII.
908 852 1000 923 LVI.

396 966 448 1038 De
479 964 732 1040 constitutione
758 962 985 1060 Imperatoris
1014 961 1090 1036 sire
1119 961 1303 1037 iudicium.
1333 962 1417 1059 Cap.
1446 963 1615 1036 XXXIII.

466 1079 683 1151 LXXXVII.

394 1189 493 1278 Quod
510 1190 644 1286 scripta
661 1213 740 1285 quae
756 1214 777 1262 a
792 1211 876 1284 rege
890 1197 1014 1263 contra
1031 1187 1149 1284 legem
1168 1186 1392 1284 imperantur
1408 1185 1520 1261 nichil
1534 1186 1615 1260 sint.

466 1303 551 1400 Cap.
568 1305 677 1376 LVII.
694 1303 786 1377 CIII.

395 1417 495 1503 Quod
511 1416 650 1490 laicalis
673 1425 826 1513 potestas
848 1439 918 1488 non
945 1423 1059 1512 potest
1084 1414 1219 1512 aliquid
1244 1414 1377 1488 iniuste
1402 1414 1440 1486 in
1466 1413 1616 1490 eeclesia

467 1538 634 1604 statuere.
652 1530 736 1627 Cap.
753 1531 881 1602 XLVI.
899 1528 1084 1603 CXXXV.

394 1645 495 1731 Quod
507 1647 702 1740 Imperator
715 1667 786 1718 non
799 1643 902 1717 debet
919 1664 1092 1738 usurpare
1102 1664 1181 1738 quae
1191 1649 1277 1713 sunt
1289 1638 1522 1714 sacerdotum.
1532 1638 1616 1736 Cap.

397 1872 447 1945 De
466 1870 521 1944 his
538 1871 599 1967 qui
617 1871 869 1968 Episcopatum
889 1871 946 1945 vel
962 1869 1218 1944 investituram
1236 1865 1488 1942 ecclesiastica
1500 1864 1617 1962 digni·
1710 1887 1715 1894 ·

469 1984 554 2058 tatis
571 2010 593 2057 a
609 1984 714 2060 laicis
730 1985 923 2083 accipiunt.
942 1985 1026 2081 Cap.
1044 1984 1162 2056 XVII.
1179 1980 1364 2055 CXXXV.

395 2096 495 2183 Quod
513 2095 684 2172 habitatio
701 2098 812 2192 Regis
837 2097 930 2194 apud
954 2095 1112 2194 aliquam
1139 2094 1265 2168 urbem
1283 2101 1416 2166 statum
1442 2092 1618 2190 episcopa·

465 2209 536 2282 lem
552 2233 623 2284 non
640 2219 764 2284 mutet.
782 2209 867 2306 Cap.
886 2211 996 2283 XLII.
1100 2271 1102 2275 .

395 2321 496 2409 Quod
508 2323 743 2420 Imperatcrsi
757 2322 979 2421 provinciam
993 2320 1133 2411 dividit,
1144 2318 1364 2417 metropolim
1377 2317 1534 2394 dividere
1545 2339 1615 2390 non

467 2436 587 2532 possit.
605 2438 690 2535 Cap.
704 2439 921 2512 LXXXVII.

395 2551 444 2625 Ut
461 2550 577 2624 laicus
594 2575 665 2625 non
687 2551 976 2627 intermisceatur
1002 2546 1257 2630 ecclesiasticis
1282 2545 1505 2622 tractatibus.
1532 2545 1615 2642 Cap.

467 2665 546 2737 VII.
563 2665 729 2740 XCVIII.

395 2779 513 2863 Quare
543 2777 682 2876 antiqui
712 2782 945 2876 Imperatores
976 2775 1131 2876 Synodis
1160 2774 1413 2850 iuterfuerunt.
1440 2774 1525 2870 Cap.
1555 2775 1616 2846 VI.

394 3005 495 3092 Quod
518 3008 775 3103 Imperatorum
800 3007 900 3102 leges
925 3005 1058 3080 divina
1087 3003 1161 3100 legi
1189 3002 1410 3112 subluceant.
1440 3001 1524 3099 Cap.
1554 3002 1616 3074 VI.

465 3122 683 3196 LXXXVII.
701 3121 849 3198 CXXX.
1175 3109 1184 3130 ⁸

392 3233 493 3320 Quod
509 3233 648 3330 antiqui
665 3237 900 3330 Imperatores
913 3233 1087 3332 quoslibet
1099 3254 1283 3330 oppressos
1294 3229 1550 3328 Episcopornm
1562 3229 1616 3302 iu·

465 3345 558 3420 dicia
573 3346 752 3443 appellare
769 3356 975 3422 sanxerunt.
992 3347 1077 3443 Cap.
1095 3347 1306 3421 CXLVIIII.

395 3457 495 3544 Quod
513 3483 569 3532 res
582 3460 741 3534 ecclesia
757 3459 896 3534 nullius
913 3458 1064 3533 inbonis
1082 3459 1165 3533 sint.
1183 3459 1268 3555 Cap.
1282 3457 1464 3532 CXVIIII.
1478 3456 1618 3531 CXLV.

395 3571 496 3658 Quod
508 3571 611 3648 laicis
623 3596 693 3647 non
707 3573 793 3649 licet
805 3574 991 3671 disponere
1004 3570 1196 3646 facultates
1209 3568 1376 3646 ecclesiae.
1390 3569 1474 3665 Cap.
1491 3569 1618 3641 XLVI.

237 3707 238 3711 ¹
395 3686 446 3759 De
463 3685 522 3759 his
538 3687 600 3783 qui
617 3686 778 3762 ecclesiae
793 3687 984 3763 facultates
1001 3684 1070 3759 sibi
1087 3684 1269 3781 arripiunt
1285 3707 1360 3780 oap.
1382 3683 1499 3757 XXV.
1516 3690 1552 3756 et
1576 3681 1619 3756 de

446 3813 448 3816 ’
466 3799 563 3873 furto
580 3800 740 3875 ccclesiae
757 3802 903 3874 LXIIII.

395 3914 447 3986 De
464 3911 521 3985 his
537 3913 599 4010 qui
617 3938 673 3987 res
690 3913 850 3988 ecclesiae
867 3921 995 4010 petunt
1011 3939 1033 3986 a
1051 3913 1210 4009 regibus.
1228 3913 1312 4010 Cap.
1330 3913 1482 3988 XXIIII.
1494 3913 1538 3986 In
1550 3911 1619 3984 ΙΙΙ·

472 4026 532 4101 lib.
551 4029 676 4101 XLIII.

398 4141 498 4227 Quod
516 4139 714 4215 Christiani
732 4144 965 4238 Imperatores
984 4166 1040 4216 res
1056 4139 1228 4215 Ecclesiae
1245 4138 1375 4214 liberas
1396 4161 1473 4212 esse
1489 4145 1623 4212 statue·

469 4262 565 4326 runt.
583 4254 667 4350 Cap.
685 4253 825 4328 CXLV.
843 4255 910 4330 CL.
928 4255 1048 4330 CLIII.
1066 4253 1158 4328 etin
1175 4253 1234 4328 lib.
1251 4253 1319 4326 ΙΙΙο
1336 4273 1411 4348 cap.
1429 4251 1533 4326 CLII.

396 4365 560 4453 Qualiter
577 4368 697 4440 Romae
713 4365 790 4440 fieri
806 4365 910 4440 dehet
927 4369 1131 4464 Imperator.
1153 4367 1238 4462 Cap.
1254 4368 1329 4440 LII.
1346 4389 1375 4439 c.
1392 4363 1490 4437 IIII⁰.

400 4478 561 4568 Qualiter
579 4482 737 4554 Romano
754 4479 918 4555 Pontifici
935 4479 1055 4554 iurare
1072 4479 1185 4554 debet.
1202 4480 1286 4580 Cap.
1304 4480 1450 4554 CXIIII.
1468 4477 1589 4554 CLXI.
