3654 5302
736 461 775 475 -
803 426 867 491 36¹7
892 457 932 476 ·-

759 581 903 666 XLIIII.

306 759 355 810 Ex
373 759 515 823 epistola
531 760 633 824 Papae
651 758 813 812 Anastasll
832 757 877 812 ad
895 760 1129 826 Imperatorem
1143 759 1360 814 Anastasium.

318 897 360 967 In
378 893 593 969 Acoathium
612 893 747 991 prolato
763 919 783 966 a
802 895 898 994 Papa
914 896 1034 972 Felice
1051 897 1193 985 iudicio,
1211 922 1290 995 quae
1309 893 1347 972 in
1364 921 1445 972 con·

223 1007 491 1097 sacrationibus,
503 1008 563 1084 vel
576 1007 614 1082 in
627 1009 839 1106 baptismate
849 1009 1049 1084 ministeria
1059 1010 1190 1085 tradita
1200 1021 1445 1111 susceperunt,

221 1145 269 1196 ne
286 1121 389 1197 irrita
405 1123 527 1197 divina
544 1122 715 1200 beneficia
732 1122 934 1212 videantur,
959 1121 1190 1198 meminerint
1213 1123 1250 1197 in
1269 1121 1337 1202 hac
1363 1148 1446 1222 quo

222 1259 290 1332 que
303 1245 403 1336 parte
415 1245 612 1312 tractatum
626 1235 818 1335 prevalere
832 1235 1060 1332 superiorem,
1069 1236 1154 1334 quia
1166 1259 1236 1310 non
1250 1237 1327 1313 sine
1342 1264 1446 1313 usur·

221 1349 363 1445 petione
381 1350 567 1426 sacerdotii
585 1351 810 1426 adiudicatus
827 1349 895 1424 hoc
911 1349 998 1445 egit,
1016 1350 1052 1426 in
1071 1373 1140 1448 qno
1164 1350 1336 1427 virtutem
1358 1353 1444 1428 obti-

223 1462 393 1538 nentibus
411 1463 592 1555 misteriis,
613 1463 651 1538 in
669 1463 736 1540 hoc
753 1486 891 1564 quoque
916 1462 998 1538 aliis
1023 1463 1090 1538 sibi
1116 1487 1176 1540 roa
1201 1487 1347 1562 persone
1371 1489 1442 1541 non

222 1574 332 1651 novit.

780 1671 884 1758 xlv.

666 1800 759 1856 Idem
778 1801 822 1854 ad
840 1799 1002 1854 eumdem.
1038 1767 1043 1778 ⁴

224 1940 227 1948 ·
317 1905 410 1981 Illud
423 1929 508 1982 vero
527 1907 745 2005 peculiarius
765 1931 827 2006 pro
847 1931 966 1983 amore
982 1907 1124 2004 imperii
1146 1910 1258 1983 vestri
1280 1919 1315 1985 et
1334 1910 1445 1985 beati·

222 2017 346 2094 tudine
372 2043 452 2117 quta
476 2021 644 2118 consequi
669 2020 799 2120 poterit
824 2043 997 2116 regnum,
1022 2043 1084 2118 pro
1112 2021 1304 2118 apostolico
1332 2023 1447 2099 officio

221 2132 467 2229 predicamus,
484 2143 525 2207 nt
542 2133 637 2208 sicut
654 2135 755 2209 decet
771 2144 807 2208 et
824 2133 981 2231 Spiritus
999 2145 1148 2210 sanctus
1164 2135 1277 2210 dictat
1300 2137 1446 2212 monitis

222 2245 354 2320 nostris
378 2246 577 2322 obedientia
601 2247 811 2346 praebeatur,
836 2247 1315 2336 utbonaomnia,vest1·am
1341 2253 1380 2324 P.
1405 2253 1445 2324 R.

226 2370 501 2458 consequantur,
518 2361 615 2436 sicut
629 2361 667 2435 in
681 2361 805 2454 Exodo
825 2359 1055 2460 promittitur.
1073 2362 1111 2433 Si
1136 2360 1293 2436 audieris
1319 2384 1442 2438 vocem

223 2473 288 2547 Dei
305 2473 447 2548 Domini
465 2475 532 2563 tui,
550 2484 586 2550 et
602 2499 681 2573 quae
699 2475 840 2572 placent
857 2471 934 2547 fieri
953 2496 1071 2548 eoram
1090 2472 1176 2570 ipso,
1193 2483 1229 2548 et
1245 2473 1446 2551 obaudieris

221 2586 408 2684 praeceptis
424 2586 512 2676 eius,
530 2597 566 2663 et
582 2588 759 2663 custodire
776 2610 916 2662 omnem
933 2584 1110 2660 iust‘tiam
1127 2587 1215 2675 eius,
1232 2609 1371 2662 omnem
1394 2589 1447 2662 in-

223 2699 428 2794 firmitatem
447 2724 555 2798 quam
573 2699 763 2798 importavi
782 2699 938 2798 Egiptiis
963 2721 1033 2772 non
1059 2698 1242 2796 inportabo
1267 2700 1343 2775 tibi.
1367 2705 1447 2798 Ego

221 2811 318 2886 enim
335 2838 416 2886 sum
434 2813 608 2887 Dominus
625 2813 686 2912 qui
705 2811 849 2886 salvum
869 2812 961 2886 facio
978 2821 1023 2888 te.
1042 2815 1095 2888 Et
1106 2812 1182 2887 illic
1203 2813 1333 2888 iterum
1359 2814 1446 2889 tuba

222 2925 467 3022 potentissima
484 2926 637 3002 canitur.
653 2927 701 3001 Et
717 2947 815 3000 nunc
832 2925 944 3000 Israel
958 2926 1049 3023 quod
1064 2925 1237 3000 Dominus
1250 2929 1347 3002 Deus
1359 2942 1446 3003 tuus

221 3039 378 3136 postulat
393 3065 415 3114 a
431 3050 468 3116 te
480 3041 590 3132 aliud,
607 3065 715 3140 quam
732 3049 774 3114 ut
790 3040 918 3114 timeas
935 3039 1127 3114 Dominum
1145 3042 1262 3114 Deum
1278 3049 1394 3131 tuum,
1412 3051 1448 3117 et

222 3153 384 3228 ambules
401 3178 524 3229 omnes
540 3154 620 3228 vias
632 3153 721 3243 eius,
738 3163 774 3228 et
791 3153 924 3249 diligas
940 3177 1035 3243 eum,
1052 3163 1088 3230 et
1110 3153 1297 3229 serviasei
1314 3177 1358 3230 ex
1373 3163 1447 3229 toto

223 3267 412 3358 cordetuo,
430 3277 466 3343 et
483 3292 527 3343 ex
539 3276 612 3342 tota
625 3266 746 3340 anima
758 3277 821 3340 tua
834 3266 1012 3343 custodire
1030 3276 1205 3366 precepta
1222 3267 1363 3342 Domini
1381 3268 1447 3343 Dei

222 3379 289 3466 tui,
307 3391 343 3455 et
359 3381 518 3456 iustitias
535 3381 613 3456 eius
630 3403 719 3477 quas
736 3401 804 3475 ego
821 3379 948 3454 mando
964 3379 1057 3454 tibi?
1076 3383 1152 3456 Hoc
1169 3405 1226 3456 mo
1247 3403 1448 3477 suggeren·
1523 3430 1524 3434 =

222 3499 295 3564 tem
318 3492 541 3588 frequentius
565 3514 634 3564 non
660 3498 806 3587 spernat
829 3490 942 3590 pietas
964 3500 1038 3578 tua,
1059 3500 1143 3566 ante
1167 3491 1288 3566 oeulos
1312 3490 1446 3566 habens

223 3605 367 3678 Domini
384 3605 423 3680 in
441 3605 630 3702 evangelio
647 3604 764 3680 verba.
778 3603 848 3690 Qui
861 3625 924 3676 vos
941 3603 1052 3691 audit,
1066 3627 1122 3678 me
1135 3603 1247 3692 audit,
1259 3612 1295 3678 et
1308 3605 1370 3701 qui
1383 3627 1446 3679 vos

224 3716 371 3813 spernit,
385 3742 441 3793 me
454 3718 600 3816 spernit.
618 3717 688 3805 Qui
704 3725 825 3790 autem
839 3739 895 3790 me
908 3715 1055 3814 spernit,
1068 3717 1205 3815 spernit
1216 3741 1298 3792 eum
1311 3717 1374 3815 qui
1391 3741 1448 3796 mo

225 3829 332 3904 misit.
348 3834 441 3905 Nam
460 3841 496 3906 et
512 3830 702 3928 Apostolus
714 3827 900 3905 continens
923 3828 1100 3904 Salvatori
1124 3839 1244 3904 nostro
1261 3829 1313 3904 ita
1337 3829 1450 3928 loqui-

223 3952 293 4017 tur.
321 3947 542 4042 Quapropter
566 3943 627 4042 qui
652 3943 719 4018 hoo
743 3940 890 4042 spernit,
915 3964 985 4015 non
1007 3940 1187 4016 hominem
1214 3942 1361 4039 spernit,
1386 3943 1448 4018 sed

226 4059 352 4144 Deum,
369 4057 431 4155 qui
448 4057 545 4156 dedit
561 4057 735 4154 Spiritum
753 4079 858 4129 suum
877 4064 1043 4129 sanctum
1057 4055 1096 4127 in
1109 4054 1219 4129 nobis.
1233 4058 1365 4131 Pectus
1379 4055 1449 4131 cle-

223 4168 368 4244 mentiae
384 4179 513 4244 vestrae
529 4169 726 4244 sacrarium
741 4177 795 4242 est
812 4164 963 4264 publicae
976 4165 1171 4256 felicitatis,
1184 4179 1226 4241 ut
1239 4191 1301 4266 per
1314 4167 1450 4242 instan-

223 4281 311 4355 tiam
329 4292 484 4357 vestram
502 4307 611 4380 quam
627 4281 730 4357 velut
746 4277 922 4355 vicarium
949 4279 1138 4378 proesulem
1160 4280 1267 4376 iussit
1288 4281 1450 4357 interris

223 4394 445 4488 evangelicis
457 4394 728 4493 apostolicisque
741 4393 927 4493 praeceptis
939 4417 1009 4468 non
1023 4394 1293 4494 durasuperbia
1306 4395 1450 4472 resista·

224 4517 284 4577 tur
301 4505 362 4580 sed
380 4529 443 4602 per
458 4505 694 4580 obedientiam
712 4529 791 4602 quae
807 4516 894 4580 sunt
911 4505 1097 4580 salutifera
1114 4505 1368 4603 compleantur.
