3642 5294
551 931 839 1124 Jaacronr
897 930 1162 1122 {omerX
1216 957 1221 966 ’

755 1271 946 1297 —mn—

358 1942 638 2138 Densdedit
659 2021 918 2141 Presbyter
945 2016 1207 2113 Cardinalis
1240 2015 1363 2111 tituli
1395 2015 1462 2109 A...

228 2184 524 2306 postolorum
566 2183 615 2276 in
648 2181 881 2298 Eudoxio,
915 2181 1007 2278 duo
1051 2208 1193 2302 opera
1234 2179 1461 2295 exaravit⁷

230 2373 438 2467 qnorum
467 2347 667 2440 alterum
700 2345 973 2440 inscribitur
1002 2343 1277 2440 Cononem
1309 2344 1462 2438 colle-

230 2507 354 2623 ctio,
380 2536 523 2629 quam
545 2509 725 2603 Victori
745 2505 818 2602 ΠΙ
841 2507 1056 2604 Romano
1089 2503 1308 2600 Pontifici
1341 2533 1462 2598 nnn-

233 2671 443 2794 onpavit
459 2672 660 2768 alterum
680 2699 804 2787 vero,
819 2670 895 2764 cni
911 2670 1077 2764 titulus
1088 2667 1325 2765 Libellos
1342 2695 1463 2764 con-
1503 2717 1505 2724 v

231 2837 325 2928 tro
363 2832 639 2928 cboasores
682 2837 737 2928 et
772 2827 1092 2927 sabtonz'ncos
1135 2833 1189 2925 et
1225 2829 1461 2953 relr'qaos

232 2996 635 3120 solomonem,
657 2995 846 3090 sedente
879 2993 1073 3088 Urbano
1106 2991 1170 3111 Π,
1192 2993 1463 3090 venerabi·

233 3158 376 3254 libas
409 3156 465 3252 tn
495 3156 706 3253 Chresto
727 3153 994 3277 fratrebus
1017 3153 1249 3252 Sanctae
1269 3155 1463 3251 Romo-

235 3345 343 3416 nac
373 3319 651 3416 Ecclesiae
683 3319 894 3417 clerccc's
926 3318 1177 3442 inscripsit.
1211 3319 1284 3414 De
1317 3321 1462 3415 altero

232 3485 326 3576 hoc
348 3509 486 3606 opere
509 3481 768 3576 omittimus
791 3484 936 3577 verba
956 3480 1256 3606 facerequae
1278 3483 1337 3577 ad
1360 3485 1462 3606 ejus

235 3647 691 3744 commendationem
730 3645 939 3742 conferre
975 3651 1183 3770 possent:
1223 3649 1338 3745 satis
1375 3651 1463 3745 erit

235 3813 372 3907 nobis
395 3813 452 3907 de
468 3815 666 3936 hujusce
683 3811 964 3907 collectionis
981 3811 1145 3935 pretio,
1163 3840 1307 3934 quam
1324 3813 1461 3908 modo
1489 3843 1493 3850 ·

234 3971 363 4095 typis
386 3972 704 4066 mandandam
723 3973 1012 4090 curavimus,
1027 3972 1202 4095 aliquid
1220 3971 1461 4066 disserere.

328 4177 337 4192 ·
363 4133 507 4228 Petro
540 4136 586 4228 et
608 4133 897 4255 Hieronymo
920 4132 1144 4228 Ballerini
1176 4135 1463 4257 presbyteris

237 4296 593 4392 Veronensibus
627 4295 869 4417 negotium
913 4296 1077 4392 datum
1110 4299 1181 4390 est
1212 4297 1357 4419 hujus
1391 4325 1466 4392 co-

239 4459 355 4558 dicis
378 4459 634 4577 evolvendi,
651 4459 776 4584 iique
798 4459 854 4556 de
875 4459 976 4583 ipso
995 4457 1339 4586 amplissimum
1359 4486 1466 4585 pro-
