<?xml version="1.0" encoding="UTF-8"?>
<!DOCTYPE html PUBLIC "-//W3C//DTD XHTML 1.0 Transitional//EN"
    "http://www.w3.org/TR/xhtml1/DTD/xhtml1-transitional.dtd">
<html xmlns="http://www.w3.org/1999/xhtml" xml:lang="en" lang="en">
 <head>
  <title>
</title>
<meta http-equiv="Content-Type" content="text/html;charset=utf-8" />
  <meta name='ocr-system' content='tesseract 3.04.00' />
  <meta name='ocr-capabilities' content='ocr_page ocr_carea ocr_par ocr_line ocrx_word'/>
</head>
<body>
  <div class='ocr_page' id='page_1' title='image "./deusdeditpresby00martgoog_0545.png"; bbox 0 0 3638 5294; ppageno 0'>
   <div class='ocr_carea' id='block_1_1' title="bbox 866 371 1061 434">
    <p class='ocr_par' dir='ltr' id='par_1_1' title="bbox 866 371 1061 434">
     <span class='ocr_line' id='line_1_1' title="bbox 866 371 1061 434; baseline 0.01 -2"><span class='ocrx_word' id='word_1_1' title='bbox 866 371 1061 434; x_wconf 86' lang='lat'>-518-</span> 
     </span>
    </p>
   </div>
   <div class='ocr_carea' id='block_1_2' title="bbox 344 487 1672 1580">
    <p class='ocr_par' dir='ltr' id='par_1_2' title="bbox 344 487 1672 1580">
     <span class='ocr_line' id='line_1_2' title="bbox 345 487 1672 585; baseline 0.004 -24"><span class='ocrx_word' id='word_1_2' title='bbox 345 487 563 562; x_wconf 90' lang='lat' dir='ltr'>dinationem</span> <span class='ocrx_word' id='word_1_3' title='bbox 583 487 734 562; x_wconf 80' lang='lat' dir='ltr'>faciatis.</span> <span class='ocrx_word' id='word_1_4' title='bbox 751 488 900 562; x_wconf 89' lang='lat' dir='ltr'>Photius</span> <span class='ocrx_word' id='word_1_5' title='bbox 920 488 1092 585; x_wconf 88' lang='lat' dir='ltr'>patricius</span> <span class='ocrx_word' id='word_1_6' title='bbox 1108 489 1207 564; x_wconf 86' lang='lat' dir='ltr'>dixit.</span> <span class='ocrx_word' id='word_1_7' title='bbox 1224 493 1298 564; x_wconf 91' lang='lat' dir='ltr'>Nos</span> <span class='ocrx_word' id='word_1_8' title='bbox 1323 490 1471 564; x_wconf 90' lang='lat' dir='ltr'>tertium</span> <span class='ocrx_word' id='word_1_9' title='bbox 1496 491 1569 565; x_wconf 89' lang='lat' dir='ltr'>iarn</span> <span class='ocrx_word' id='word_1_10' title='bbox 1668 547 1672 555; x_wconf 81' lang='lat'>·</span> 
     </span>
     <span class='ocr_line' id='line_1_3' title="bbox 347 599 1571 704; baseline 0.003 -31"><span class='ocrx_word' id='word_1_11' title='bbox 347 626 482 673; x_wconf 88' lang='lat' dir='ltr'>annum</span> <span class='ocrx_word' id='word_1_12' title='bbox 502 600 538 672; x_wconf 92' lang='lat' dir='ltr'>in</span> <span class='ocrx_word' id='word_1_13' title='bbox 557 601 775 676; x_wconf 84' lang='lat' dir='ltr'>sacerdotali</span> <span class='ocrx_word' id='word_1_14' title='bbox 800 601 927 676; x_wconf 85' lang='lat' dir='ltr'>throno</span> <span class='ocrx_word' id='word_1_15' title='bbox 951 599 1131 704; x_wconf 79' lang='lat' dir='ltr'>habentes,</span> <span class='ocrx_word' id='word_1_16' title='bbox 1156 628 1271 700; x_wconf 91' lang='lat' dir='ltr'>neque</span> <span class='ocrx_word' id='word_1_17' title='bbox 1297 603 1444 700; x_wconf 89' lang='lat' dir='ltr'>pallium</span> <span class='ocrx_word' id='word_1_18' title='bbox 1473 603 1571 677; x_wconf 89' lang='lat' dir='ltr'>misi·</span> 
     </span>
     <span class='ocr_line' id='line_1_4' title="bbox 345 713 1569 826; baseline 0.005 -40"><span class='ocrx_word' id='word_1_19' title='bbox 345 740 437 799; x_wconf 78' lang='lat' dir='ltr'>mua,</span> <span class='ocrx_word' id='word_1_20' title='bbox 454 737 569 810; x_wconf 91' lang='lat' dir='ltr'>neque</span> <span class='ocrx_word' id='word_1_21' title='bbox 587 713 824 826; x_wconf 75' lang='lat' dir='ltr'>ordinationes</span> <span class='ocrx_word' id='word_1_22' title='bbox 842 714 981 812; x_wconf 91' lang='lat' dir='ltr'>aliquas</span> <span class='ocrx_word' id='word_1_23' title='bbox 1000 717 1149 792; x_wconf 83' lang='lat' dir='ltr'><strong>fecimus</strong></span> <span class='ocrx_word' id='word_1_24' title='bbox 1163 716 1221 790; x_wconf 91' lang='lat' dir='ltr'>ibi.</span> <span class='ocrx_word' id='word_1_25' title='bbox 1235 720 1324 792; x_wconf 84' lang='lat' dir='ltr'>Item</span> <span class='ocrx_word' id='word_1_26' title='bbox 1339 720 1377 790; x_wconf 90' lang='lat' dir='ltr'>P.</span> <span class='ocrx_word' id='word_1_27' title='bbox 1395 717 1569 814; x_wconf 81' lang='lat' dir='ltr'>presbiter</span> 
     </span>
     <span class='ocr_line' id='line_1_5' title="bbox 344 825 1567 928; baseline 0.006 -29"><span class='ocrx_word' id='word_1_28' title='bbox 344 825 442 900; x_wconf 85' lang='lat' dir='ltr'><strong>dixit.</strong></span> <span class='ocrx_word' id='word_1_29' title='bbox 461 825 659 922; x_wconf 83' lang='lat' dir='ltr'>Gregorius</span> <span class='ocrx_word' id='word_1_30' title='bbox 675 826 838 922; x_wconf 80' lang='lat' dir='ltr'>dialogus</span> <span class='ocrx_word' id='word_1_31' title='bbox 852 828 1054 926; x_wconf 85' lang='lat' dir='ltr'>episcopum</span> <span class='ocrx_word' id='word_1_32' title='bbox 1069 829 1257 904; x_wconf 83' lang='lat' dir='ltr'>Dalmatiae</span> <span class='ocrx_word' id='word_1_33' title='bbox 1271 839 1410 928; x_wconf 91' lang='lat' dir='ltr'>propter</span> <span class='ocrx_word' id='word_1_34' title='bbox 1422 856 1567 908; x_wconf 88' lang='lat' dir='ltr'>aecusa-</span> 
     </span>
     <span class='ocr_line' id='line_1_6' title="bbox 344 937 1568 1042; baseline 0.005 -30"><span class='ocrx_word' id='word_1_35' title='bbox 344 937 458 1014; x_wconf 86' lang='lat' dir='ltr'>tioues</span> <span class='ocrx_word' id='word_1_36' title='bbox 474 939 644 1036; x_wconf 86' lang='lat' dir='ltr'>quasdam</span> <span class='ocrx_word' id='word_1_37' title='bbox 665 940 857 1038; x_wconf 85' lang='lat' dir='ltr'>expellens,</span> <span class='ocrx_word' id='word_1_38' title='bbox 875 943 1006 1017; x_wconf 90' lang='lat' dir='ltr'>iterum</span> <span class='ocrx_word' id='word_1_39' title='bbox 1025 943 1063 1016; x_wconf 89' lang='lat' dir='ltr'>in</span> <span class='ocrx_word' id='word_1_40' title='bbox 1082 945 1262 1042; x_wconf 90' lang='lat' dir='ltr'>proprium</span> <span class='ocrx_word' id='word_1_41' title='bbox 1280 944 1448 1019; x_wconf 88' lang='lat' dir='ltr'>threnum</span> <span class='ocrx_word' id='word_1_42' title='bbox 1466 945 1568 1021; x_wconf 88' lang='lat' dir='ltr'>resti·</span> 
     </span>
     <span class='ocr_line' id='line_1_7' title="bbox 345 1051 1568 1156; baseline 0.007 -31"><span class='ocrx_word' id='word_1_43' title='bbox 345 1052 427 1140; x_wconf 84' lang='lat' dir='ltr'>tuit,</span> <span class='ocrx_word' id='word_1_44' title='bbox 443 1061 480 1125; x_wconf 89' lang='lat' dir='ltr'>et</span> <span class='ocrx_word' id='word_1_45' title='bbox 496 1051 677 1126; x_wconf 86' lang='lat' dir='ltr'>Zachariae</span> <span class='ocrx_word' id='word_1_46' title='bbox 695 1054 855 1152; x_wconf 89' lang='lat' dir='ltr'>episeopo</span> <span class='ocrx_word' id='word_1_47' title='bbox 872 1079 893 1126; x_wconf 87' lang='lat' dir='ltr'>a</span> <span class='ocrx_word' id='word_1_48' title='bbox 910 1057 1082 1132; x_wconf 88' lang='lat' dir='ltr'>Nieholao</span> <span class='ocrx_word' id='word_1_49' title='bbox 1097 1061 1191 1156; x_wconf 90' lang='lat' dir='ltr'>Papa</span> <span class='ocrx_word' id='word_1_50' title='bbox 1204 1058 1370 1155; x_wconf 72' lang='lat' dir='ltr'>deposito</span> <span class='ocrx_word' id='word_1_51' title='bbox 1387 1058 1568 1134; x_wconf 85' lang='lat' dir='ltr'>Adrianus</span> 
     </span>
     <span class='ocr_line' id='line_1_8' title="bbox 344 1167 1570 1268; baseline 0.004 -29"><span class='ocrx_word' id='word_1_52' title='bbox 344 1169 441 1266; x_wconf 88' lang='lat' dir='ltr'>Papa</span> <span class='ocrx_word' id='word_1_53' title='bbox 460 1169 636 1265; x_wconf 81' lang='lat' dir='ltr'>propriam</span> <span class='ocrx_word' id='word_1_54' title='bbox 655 1167 852 1242; x_wconf 75' lang='lat' dir='ltr'>aeclesiam</span> <span class='ocrx_word' id='word_1_55' title='bbox 872 1169 1035 1244; x_wconf 81' lang='lat' dir='ltr'>reddidit.</span> <span class='ocrx_word' id='word_1_56' title='bbox 1052 1174 1152 1245; x_wconf 87' lang='lat' dir='ltr'>Item.</span> <span class='ocrx_word' id='word_1_57' title='bbox 1167 1170 1233 1244; x_wconf 87' lang='lat' dir='ltr'>His</span> <span class='ocrx_word' id='word_1_58' title='bbox 1247 1170 1419 1268; x_wconf 83' lang='lat' dir='ltr'>exemplis</span> <span class='ocrx_word' id='word_1_59' title='bbox 1436 1171 1570 1244; x_wconf 89' lang='lat' dir='ltr'>instru-</span> 
     </span>
     <span class='ocr_line' id='line_1_9' title="bbox 345 1280 1569 1380; baseline 0.003 -25"><span class='ocrx_word' id='word_1_60' title='bbox 345 1289 426 1355; x_wconf 85' lang='lat' dir='ltr'>ctus</span> <span class='ocrx_word' id='word_1_61' title='bbox 443 1283 539 1378; x_wconf 88' lang='lat' dir='ltr'>Papa</span> <span class='ocrx_word' id='word_1_62' title='bbox 564 1280 739 1356; x_wconf 86' lang='lat' dir='ltr'>Iohannes</span> <span class='ocrx_word' id='word_1_63' title='bbox 763 1283 877 1357; x_wconf 88' lang='lat' dir='ltr'>reddit</span> <span class='ocrx_word' id='word_1_64' title='bbox 893 1285 1084 1358; x_wconf 86' lang='lat' dir='ltr'>sanctitate</span> <span class='ocrx_word' id='word_1_65' title='bbox 1101 1293 1162 1358; x_wconf 90' lang='lat' dir='ltr'>tue</span> <span class='ocrx_word' id='word_1_66' title='bbox 1188 1283 1370 1380; x_wconf 90' lang='lat' dir='ltr'>proprium</span> <span class='ocrx_word' id='word_1_67' title='bbox 1389 1284 1569 1360; x_wconf 89' lang='lat' dir='ltr'>thronum.</span> 
     </span>
     <span class='ocr_line' id='line_1_10' title="bbox 344 1391 1569 1492; baseline 0.004 -27"><span class='ocrx_word' id='word_1_68' title='bbox 344 1391 493 1466; x_wconf 90' lang='lat' dir='ltr'>Photius</span> <span class='ocrx_word' id='word_1_69' title='bbox 511 1393 685 1489; x_wconf 88' lang='lat' dir='ltr'>patricius</span> <span class='ocrx_word' id='word_1_70' title='bbox 702 1394 801 1470; x_wconf 87' lang='lat' dir='ltr'>dixit.</span> <span class='ocrx_word' id='word_1_71' title='bbox 815 1396 959 1470; x_wconf 86' lang='lat' dir='ltr'>Gratias</span> <span class='ocrx_word' id='word_1_72' title='bbox 976 1418 1045 1491; x_wconf 87' lang='lat' dir='ltr'>ago</span> <span class='ocrx_word' id='word_1_73' title='bbox 1064 1397 1147 1484; x_wconf 83' lang='lat' dir='ltr'>Dee,</span> <span class='ocrx_word' id='word_1_74' title='bbox 1167 1405 1203 1468; x_wconf 91' lang='lat' dir='ltr'>et</span> <span class='ocrx_word' id='word_1_75' title='bbox 1219 1395 1446 1470; x_wconf 86' lang='lat' dir='ltr'>sanctissimo</span> <span class='ocrx_word' id='word_1_76' title='bbox 1462 1398 1569 1492; x_wconf 81' lang='lat' dir='ltr'>Papae</span> 
     </span>
     <span class='ocr_line' id='line_1_11' title="bbox 349 1505 643 1580; baseline 0.007 -2"><span class='ocrx_word' id='word_1_77' title='bbox 349 1515 467 1580; x_wconf 87' lang='lat' dir='ltr'>nostre</span> <span class='ocrx_word' id='word_1_78' title='bbox 484 1505 643 1580; x_wconf 85' lang='lat' dir='ltr'>Iohanni.</span> 
     </span>
    </p>
   </div>
   <div class='ocr_carea' id='block_1_3' title="bbox 431 1693 1487 1836">
    <p class='ocr_par' dir='ltr' id='par_1_3' title="bbox 431 1693 1487 1836">
     <span class='ocr_line' id='line_1_12' title="bbox 431 1693 1487 1759; baseline 0 -16"><span class='ocrx_word' id='word_1_79' title='bbox 431 1693 589 1746; x_wconf 78' lang='lat' dir='ltr'>lohannes</span> <span class='ocrx_word' id='word_1_80' title='bbox 600 1704 691 1758; x_wconf 80' lang='lat' dir='ltr'>papa</span> <span class='ocrx_word' id='word_1_81' title='bbox 704 1695 868 1759; x_wconf 81' lang='lat' dir='ltr'>episeopis</span> <span class='ocrx_word' id='word_1_82' title='bbox 881 1695 944 1747; x_wconf 85' lang='lat' dir='ltr'>sub</span> <span class='ocrx_word' id='word_1_83' title='bbox 958 1695 1311 1759; x_wconf 74' lang='lat' dir='ltr'>constantinopolitana</span> <span class='ocrx_word' id='word_1_84' title='bbox 1330 1693 1487 1747; x_wconf 78' lang='lat' dir='ltr'>aeeclesia.</span> 
     </span>
     <span class='ocr_line' id='line_1_13' title="bbox 868 1783 1035 1836; baseline -0.006 -2"><span class='ocrx_word' id='word_1_85' title='bbox 868 1783 960 1836; x_wconf 85' lang='lat' dir='ltr'>Actio</span> <span class='ocrx_word' id='word_1_86' title='bbox 981 1785 1035 1834; x_wconf 86' lang='lat'>111.</span> 
     </span>
    </p>
   </div>
   <div class='ocr_carea' id='block_1_4' title="bbox 343 1963 1656 4564">
    <p class='ocr_par' dir='ltr' id='par_1_4' title="bbox 343 1963 1656 4564">
     <span class='ocr_line' id='line_1_14' title="bbox 441 1963 1566 2061; baseline 0.001 -25"><span class='ocrx_word' id='word_1_87' title='bbox 441 1965 623 2059; x_wconf 86' lang='lat' dir='ltr'>Rogamus</span> <span class='ocrx_word' id='word_1_88' title='bbox 641 1963 788 2038; x_wconf 85' lang='lat' dir='ltr'>fratrem</span> <span class='ocrx_word' id='word_1_89' title='bbox 812 1966 1039 2039; x_wconf 82' lang='lat' dir='ltr'>sanctitatem</span> <span class='ocrx_word' id='word_1_90' title='bbox 1067 1973 1236 2052; x_wconf 80' lang='lat' dir='ltr'>vestram,</span> <span class='ocrx_word' id='word_1_91' title='bbox 1253 1973 1294 2038; x_wconf 90' lang='lat' dir='ltr'>ut</span> <span class='ocrx_word' id='word_1_92' title='bbox 1319 1965 1463 2061; x_wconf 85' lang='lat' dir='ltr'>regione</span> <span class='ocrx_word' id='word_1_93' title='bbox 1480 1965 1566 2039; x_wconf 91' lang='lat' dir='ltr'>Bul-</span> 
     </span>
     <span class='ocr_line' id='line_1_15' title="bbox 346 2075 1565 2175; baseline 0.004 -28"><span class='ocrx_word' id='word_1_94' title='bbox 346 2075 447 2170; x_wconf 88' lang='lat' dir='ltr'>garie</span> <span class='ocrx_word' id='word_1_95' title='bbox 465 2100 571 2173; x_wconf 92' lang='lat' dir='ltr'>quam</span> <span class='ocrx_word' id='word_1_96' title='bbox 583 2079 678 2152; x_wconf 90' lang='lat' dir='ltr'>Deus</span> <span class='ocrx_word' id='word_1_97' title='bbox 692 2101 753 2174; x_wconf 93' lang='lat' dir='ltr'>per</span> <span class='ocrx_word' id='word_1_98' title='bbox 771 2077 1060 2153; x_wconf 82' lang='lat' dir='ltr'>intercessionem</span> <span class='ocrx_word' id='word_1_99' title='bbox 1078 2078 1223 2175; x_wconf 88' lang='lat' dir='ltr'>apostoli</span> <span class='ocrx_word' id='word_1_100' title='bbox 1241 2079 1349 2166; x_wconf 77' lang='lat' dir='ltr'>Petri,</span> <span class='ocrx_word' id='word_1_101' title='bbox 1362 2091 1397 2152; x_wconf 86' lang='lat' dir='ltr'>et</span> <span class='ocrx_word' id='word_1_102' title='bbox 1410 2078 1565 2154; x_wconf 89' lang='lat' dir='ltr'>laborem</span> 
     </span>
     <span class='ocr_line' id='line_1_16' title="bbox 347 2188 1572 2287; baseline 0.002 -27"><span class='ocrx_word' id='word_1_103' title='bbox 347 2188 568 2262; x_wconf 83' lang='lat' dir='ltr'>sanctissimi</span> <span class='ocrx_word' id='word_1_104' title='bbox 584 2192 686 2287; x_wconf 85' lang='lat' dir='ltr'>Papae</span> <span class='ocrx_word' id='word_1_105' title='bbox 700 2190 838 2265; x_wconf 85' lang='lat' dir='ltr'>Nicolai</span> <span class='ocrx_word' id='word_1_106' title='bbox 857 2191 1157 2280; x_wconf 81' lang='lat' dir='ltr'>convertit,nobis</span> <span class='ocrx_word' id='word_1_107' title='bbox 1168 2190 1338 2265; x_wconf 89' lang='lat' dir='ltr'>reddatis.</span> <span class='ocrx_word' id='word_1_108' title='bbox 1348 2193 1437 2264; x_wconf 89' lang='lat' dir='ltr'>Item</span> <span class='ocrx_word' id='word_1_109' title='bbox 1447 2190 1572 2266; x_wconf 86' lang='lat' dir='ltr'>Iohan-</span> 
     </span>
     <span class='ocr_line' id='line_1_17' title="bbox 345 2301 1563 2400; baseline 0.002 -27"><span class='ocrx_word' id='word_1_110' title='bbox 345 2327 407 2374; x_wconf 86' lang='lat' dir='ltr'>nes</span> <span class='ocrx_word' id='word_1_111' title='bbox 421 2325 511 2399; x_wconf 90' lang='lat' dir='ltr'>papa</span> <span class='ocrx_word' id='word_1_112' title='bbox 524 2303 749 2400; x_wconf 86' lang='lat' dir='ltr'>apocrisariis</span> <span class='ocrx_word' id='word_1_113' title='bbox 763 2303 848 2378; x_wconf 89' lang='lat' dir='ltr'>suis.</span> <span class='ocrx_word' id='word_1_114' title='bbox 859 2303 1098 2380; x_wconf 89' lang='lat' dir='ltr'>Venientibus</span> <span class='ocrx_word' id='word_1_115' title='bbox 1112 2302 1211 2378; x_wconf 88' lang='lat' dir='ltr'>vobis</span> <span class='ocrx_word' id='word_1_116' title='bbox 1221 2301 1563 2400; x_wconf 83' lang='lat' dir='ltr'>Constantinopolim</span> 
     </span>
     <span class='ocr_line' id='line_1_18' title="bbox 345 2411 1570 2514; baseline 0.002 -26"><span class='ocrx_word' id='word_1_117' title='bbox 345 2414 405 2488; x_wconf 94' lang='lat' dir='ltr'>ubi</span> <span class='ocrx_word' id='word_1_118' title='bbox 430 2415 598 2512; x_wconf 86' lang='lat' dir='ltr'>praeeepit</span> <span class='ocrx_word' id='word_1_119' title='bbox 622 2417 812 2514; x_wconf 87' lang='lat' dir='ltr'>imperator</span> <span class='ocrx_word' id='word_1_120' title='bbox 841 2444 990 2494; x_wconf 87' lang='lat' dir='ltr'>manere.</span> <span class='ocrx_word' id='word_1_121' title='bbox 1009 2411 1211 2494; x_wconf 78' lang='lat' dir='ltr'>Cum&#39;vero</span> <span class='ocrx_word' id='word_1_122' title='bbox 1228 2428 1311 2494; x_wconf 85' lang='lat' dir='ltr'>ante</span> <span class='ocrx_word' id='word_1_123' title='bbox 1328 2443 1410 2491; x_wconf 89' lang='lat' dir='ltr'>eum</span> <span class='ocrx_word' id='word_1_124' title='bbox 1431 2418 1570 2492; x_wconf 88' lang='lat' dir='ltr'>veneri·</span> 
     </span>
     <span class='ocr_line' id='line_1_19' title="bbox 344 2527 1568 2628; baseline 0.006 -29"><span class='ocrx_word' id='word_1_125' title='bbox 344 2527 391 2600; x_wconf 87' lang='lat' dir='ltr'>tis</span> <span class='ocrx_word' id='word_1_126' title='bbox 409 2527 466 2601; x_wconf 88' lang='lat' dir='ltr'>his</span> <span class='ocrx_word' id='word_1_127' title='bbox 491 2528 610 2602; x_wconf 89' lang='lat' dir='ltr'>verbis</span> <span class='ocrx_word' id='word_1_128' title='bbox 635 2529 832 2605; x_wconf 85' lang='lat' dir='ltr'>salutantes</span> <span class='ocrx_word' id='word_1_129' title='bbox 859 2556 941 2606; x_wconf 92' lang='lat' dir='ltr'>eum</span> <span class='ocrx_word' id='word_1_130' title='bbox 972 2531 1158 2628; x_wconf 86' lang='lat' dir='ltr'>epistolam</span> <span class='ocrx_word' id='word_1_131' title='bbox 1184 2531 1322 2605; x_wconf 91' lang='lat' dir='ltr'>dabitis.</span> <span class='ocrx_word' id='word_1_132' title='bbox 1347 2531 1504 2623; x_wconf 82' lang='lat' dir='ltr'>Inclinat</span> <span class='ocrx_word' id='word_1_133' title='bbox 1529 2555 1568 2606; x_wconf 90' lang='lat' dir='ltr'>se</span> 
     </span>
     <span class='ocr_line' id='line_1_20' title="bbox 344 2631 1570 2741; baseline 0.002 -27"><span class='ocrx_word' id='word_1_134' title='bbox 344 2641 541 2737; x_wconf 90' lang='lat' dir='ltr'>spiritualis</span> <span class='ocrx_word' id='word_1_135' title='bbox 558 2651 660 2739; x_wconf 89' lang='lat' dir='ltr'>pater</span> <span class='ocrx_word' id='word_1_136' title='bbox 677 2653 793 2718; x_wconf 85' lang='lat' dir='ltr'>vester</span> <span class='ocrx_word' id='word_1_137' title='bbox 810 2643 958 2741; x_wconf 89' lang='lat' dir='ltr'>imperio</span> <span class='ocrx_word' id='word_1_138' title='bbox 977 2655 1095 2719; x_wconf 84' lang='lat' dir='ltr'>vestro</span> <span class='ocrx_word' id='word_1_139' title='bbox 1112 2645 1263 2719; x_wconf 88' lang='lat' dir='ltr'>domnus</span> <span class='ocrx_word' id='word_1_140' title='bbox 1288 2631 1465 2718; x_wconf 90' lang='lat' dir='ltr'>Iohannes</span> <span class='ocrx_word' id='word_1_141' title='bbox 1489 2667 1570 2741; x_wconf 90' lang='lat' dir='ltr'>ape·</span> 
     </span>
     <span class='ocr_line' id='line_1_21' title="bbox 344 2753 1569 2855; baseline 0.003 -29"><span class='ocrx_word' id='word_1_142' title='bbox 344 2753 491 2828; x_wconf 89' lang='lat' dir='ltr'>stelious</span> <span class='ocrx_word' id='word_1_143' title='bbox 508 2778 597 2852; x_wconf 87' lang='lat' dir='ltr'>papa</span> <span class='ocrx_word' id='word_1_144' title='bbox 616 2765 824 2853; x_wconf 88' lang='lat' dir='ltr'>potestatem</span> <span class='ocrx_word' id='word_1_145' title='bbox 843 2766 1004 2832; x_wconf 88' lang='lat' dir='ltr'>vestram</span> <span class='ocrx_word' id='word_1_146' title='bbox 1024 2783 1085 2855; x_wconf 90' lang='lat' dir='ltr'>per</span> <span class='ocrx_word' id='word_1_147' title='bbox 1104 2758 1267 2854; x_wconf 88' lang='lat' dir='ltr'>singulos</span> <span class='ocrx_word' id='word_1_148' title='bbox 1285 2757 1360 2831; x_wconf 86' lang='lat' dir='ltr'>dies</span> <span class='ocrx_word' id='word_1_149' title='bbox 1381 2757 1420 2829; x_wconf 94' lang='lat' dir='ltr'>in</span> <span class='ocrx_word' id='word_1_150' title='bbox 1444 2756 1569 2831; x_wconf 87' lang='lat' dir='ltr'>oratio·</span> 
     </span>
     <span class='ocr_line' id='line_1_22' title="bbox 344 2868 1571 2966; baseline 0.001 -24"><span class='ocrx_word' id='word_1_151' title='bbox 344 2869 450 2944; x_wconf 91' lang='lat' dir='ltr'>nibus</span> <span class='ocrx_word' id='word_1_152' title='bbox 467 2871 543 2944; x_wconf 90' lang='lat' dir='ltr'>suis</span> <span class='ocrx_word' id='word_1_153' title='bbox 561 2873 632 2946; x_wconf 91' lang='lat' dir='ltr'>Deo</span> <span class='ocrx_word' id='word_1_154' title='bbox 650 2871 910 2948; x_wconf 78' lang='lat' dir='ltr'>commendans,</span> <span class='ocrx_word' id='word_1_155' title='bbox 929 2874 1029 2946; x_wconf 91' lang='lat' dir='ltr'>Item.</span> <span class='ocrx_word' id='word_1_156' title='bbox 1043 2871 1081 2944; x_wconf 86' lang='lat' dir='ltr'>Si</span> <span class='ocrx_word' id='word_1_157' title='bbox 1094 2868 1249 2944; x_wconf 88' lang='lat' dir='ltr'>voluerit</span> <span class='ocrx_word' id='word_1_158' title='bbox 1267 2869 1457 2966; x_wconf 90' lang='lat' dir='ltr'>imperator</span> <span class='ocrx_word' id='word_1_159' title='bbox 1469 2877 1571 2943; x_wconf 89' lang='lat' dir='ltr'>aute·</span> 
     </span>
     <span class='ocr_line' id='line_1_23' title="bbox 345 2982 1566 3083; baseline -0.001 -27"><span class='ocrx_word' id='word_1_160' title='bbox 345 3008 452 3080; x_wconf 89' lang='lat' dir='ltr'>quam</span> <span class='ocrx_word' id='word_1_161' title='bbox 466 2983 636 3080; x_wconf 84' lang='lat' dir='ltr'>legantur</span> <span class='ocrx_word' id='word_1_162' title='bbox 650 2987 795 3083; x_wconf 84' lang='lat' dir='ltr'>epistole</span> <span class='ocrx_word' id='word_1_163' title='bbox 809 3009 1022 3082; x_wconf 81' lang='lat' dir='ltr'>cognoscere</span> <span class='ocrx_word' id='word_1_164' title='bbox 1040 2984 1199 3081; x_wconf 87' lang='lat' dir='ltr'>capitula</span> <span class='ocrx_word' id='word_1_165' title='bbox 1215 2982 1408 3078; x_wconf 84' lang='lat' dir='ltr'>legationis</span> <span class='ocrx_word' id='word_1_166' title='bbox 1424 2991 1566 3068; x_wconf 74' lang='lat' dir='ltr'>vestrm,</span> 
     </span>
     <span class='ocr_line' id='line_1_24' title="bbox 348 3095 1571 3200; baseline -0.003 -28"><span class='ocrx_word' id='word_1_167' title='bbox 348 3097 400 3173; x_wconf 88' lang='lat' dir='ltr'>sie</span> <span class='ocrx_word' id='word_1_168' title='bbox 419 3099 671 3194; x_wconf 88' lang='lat' dir='ltr'>respondebitis</span> <span class='ocrx_word' id='word_1_169' title='bbox 689 3101 732 3174; x_wconf 92' lang='lat' dir='ltr'>ei.</span> <span class='ocrx_word' id='word_1_170' title='bbox 751 3101 789 3173; x_wconf 83' lang='lat' dir='ltr'>Si</span> <span class='ocrx_word' id='word_1_171' title='bbox 807 3101 923 3200; x_wconf 86' lang='lat' dir='ltr'>placet</span> <span class='ocrx_word' id='word_1_172' title='bbox 940 3099 1087 3195; x_wconf 89' lang='lat' dir='ltr'>imperio</span> <span class='ocrx_word' id='word_1_173' title='bbox 1108 3107 1180 3185; x_wconf 86' lang='lat' dir='ltr'>tuo,</span> <span class='ocrx_word' id='word_1_174' title='bbox 1197 3095 1390 3170; x_wconf 87' lang='lat' dir='ltr'>audiantur</span> <span class='ocrx_word' id='word_1_175' title='bbox 1406 3095 1571 3193; x_wconf 87' lang='lat' dir='ltr'>episcopi.</span> 
     </span>
     <span class='ocr_line' id='line_1_25' title="bbox 348 3209 1571 3312; baseline -0.003 -27"><span class='ocrx_word' id='word_1_176' title='bbox 348 3213 385 3285; x_wconf 84' lang='lat' dir='ltr'>Si</span> <span class='ocrx_word' id='word_1_177' title='bbox 404 3236 489 3286; x_wconf 87' lang='lat' dir='ltr'>vere</span> <span class='ocrx_word' id='word_1_178' title='bbox 506 3213 687 3311; x_wconf 83' lang='lat' dir='ltr'>quesierit,</span> <span class='ocrx_word' id='word_1_179' title='bbox 708 3215 800 3312; x_wconf 90' lang='lat' dir='ltr'>quod</span> <span class='ocrx_word' id='word_1_180' title='bbox 824 3239 843 3289; x_wconf 92' lang='lat' dir='ltr'>e</span> <span class='ocrx_word' id='word_1_181' title='bbox 869 3211 1024 3312; x_wconf 85' lang='lat' dir='ltr'>epistolae</span> <span class='ocrx_word' id='word_1_182' title='bbox 1042 3209 1236 3298; x_wconf 81' lang='lat' dir='ltr'>continent,</span> <span class='ocrx_word' id='word_1_183' title='bbox 1255 3209 1510 3307; x_wconf 86' lang='lat' dir='ltr'>respondebit-is</span> <span class='ocrx_word' id='word_1_184' title='bbox 1526 3209 1571 3298; x_wconf 89' lang='lat' dir='ltr'>ei,</span> 
     </span>
     <span class='ocr_line' id='line_1_26' title="bbox 343 3324 1656 3426; baseline -0.002 -28"><span class='ocrx_word' id='word_1_185' title='bbox 343 3325 598 3426; x_wconf 84' lang='lat' dir='ltr'>inclinationes</span> <span class='ocrx_word' id='word_1_186' title='bbox 616 3329 739 3423; x_wconf 87' lang='lat' dir='ltr'>pietati</span> <span class='ocrx_word' id='word_1_187' title='bbox 758 3337 841 3416; x_wconf 79' lang='lat' dir='ltr'>ture,</span> <span class='ocrx_word' id='word_1_188' title='bbox 859 3338 895 3403; x_wconf 89' lang='lat' dir='ltr'>et</span> <span class='ocrx_word' id='word_1_189' title='bbox 912 3326 1175 3404; x_wconf 73' lang='lat' dir='ltr'>aecclesiastica</span> <span class='ocrx_word' id='word_1_190' title='bbox 1189 3325 1288 3423; x_wconf 88' lang='lat' dir='ltr'>pacis</span> <span class='ocrx_word' id='word_1_191' title='bbox 1301 3324 1571 3422; x_wconf 91' lang='lat' dir='ltr'>plenitudinem.</span> <span class='ocrx_word' id='word_1_192' title='bbox 1648 3403 1656 3412; x_wconf 65' lang='grc'><strong>,</strong></span> 
     </span>
     <span class='ocr_line' id='line_1_27' title="bbox 349 3435 1570 3539; baseline -0.006 -25"><span class='ocrx_word' id='word_1_193' title='bbox 349 3443 391 3514; x_wconf 92' lang='lat' dir='ltr'>In</span> <span class='ocrx_word' id='word_1_194' title='bbox 409 3441 608 3515; x_wconf 85' lang='lat' dir='ltr'>crastinum</span> <span class='ocrx_word' id='word_1_195' title='bbox 628 3439 819 3515; x_wconf 89' lang='lat' dir='ltr'>visitabitis</span> <span class='ocrx_word' id='word_1_196' title='bbox 834 3441 999 3515; x_wconf 89' lang='lat' dir='ltr'>Photium</span> <span class='ocrx_word' id='word_1_197' title='bbox 1018 3439 1271 3539; x_wconf 78' lang='lat' dir='ltr'>patriarcham,</span> <span class='ocrx_word' id='word_1_198' title='bbox 1285 3449 1320 3512; x_wconf 91' lang='lat' dir='ltr'>et</span> <span class='ocrx_word' id='word_1_199' title='bbox 1338 3438 1499 3512; x_wconf 83' lang='lat' dir='ltr'>rodentes</span> <span class='ocrx_word' id='word_1_200' title='bbox 1516 3435 1570 3508; x_wconf 93' lang='lat' dir='ltr'>illi</span> 
     </span>
     <span class='ocr_line' id='line_1_28' title="bbox 347 3548 1571 3649; baseline -0.005 -23"><span class='ocrx_word' id='word_1_201' title='bbox 347 3551 529 3649; x_wconf 90' lang='lat' dir='ltr'>epistolam</span> <span class='ocrx_word' id='word_1_202' title='bbox 550 3561 706 3626; x_wconf 88' lang='lat' dir='ltr'>nostram</span> <span class='ocrx_word' id='word_1_203' title='bbox 725 3553 930 3628; x_wconf 86' lang='lat' dir='ltr'>salutabitis</span> <span class='ocrx_word' id='word_1_204' title='bbox 948 3579 1029 3628; x_wconf 92' lang='lat' dir='ltr'>eum</span> <span class='ocrx_word' id='word_1_205' title='bbox 1048 3553 1215 3628; x_wconf 87' lang='lat' dir='ltr'>decenter·</span> <span class='ocrx_word' id='word_1_206' title='bbox 1239 3551 1297 3625; x_wconf 87' lang='lat' dir='ltr'>his</span> <span class='ocrx_word' id='word_1_207' title='bbox 1323 3549 1451 3638; x_wconf 85' lang='lat' dir='ltr'>verbis,</span> <span class='ocrx_word' id='word_1_208' title='bbox 1468 3548 1571 3623; x_wconf 90' lang='lat' dir='ltr'>ineli-</span> 
     </span>
     <span class='ocr_line' id='line_1_29' title="bbox 347 3661 1575 3762; baseline -0.001 -25"><span class='ocrx_word' id='word_1_209' title='bbox 347 3675 410 3739; x_wconf 85' lang='lat' dir='ltr'>nut</span> <span class='ocrx_word' id='word_1_210' title='bbox 428 3691 466 3740; x_wconf 89' lang='lat' dir='ltr'>se</span> <span class='ocrx_word' id='word_1_211' title='bbox 483 3665 547 3740; x_wconf 90' lang='lat' dir='ltr'>tibi</span> <span class='ocrx_word' id='word_1_212' title='bbox 566 3666 716 3740; x_wconf 89' lang='lat' dir='ltr'>domnus</span> <span class='ocrx_word' id='word_1_213' title='bbox 741 3675 861 3740; x_wconf 91' lang='lat' dir='ltr'>noster</span> <span class='ocrx_word' id='word_1_214' title='bbox 879 3666 1053 3740; x_wconf 89' lang='lat' dir='ltr'>Iohannes</span> <span class='ocrx_word' id='word_1_215' title='bbox 1071 3670 1166 3762; x_wconf 87' lang='lat' dir='ltr'>Papa</span> <span class='ocrx_word' id='word_1_216' title='bbox 1191 3663 1415 3762; x_wconf 86' lang='lat' dir='ltr'>apostolicus,</span> <span class='ocrx_word' id='word_1_217' title='bbox 1433 3672 1469 3738; x_wconf 88' lang='lat' dir='ltr'>et</span> <span class='ocrx_word' id='word_1_218' title='bbox 1493 3661 1575 3736; x_wconf 87' lang='lat' dir='ltr'>vult</span> 
     </span>
     <span class='ocr_line' id='line_1_30' title="bbox 348 3777 1574 3877; baseline -0.001 -26"><span class='ocrx_word' id='word_1_219' title='bbox 348 3778 478 3854; x_wconf 91' lang='lat' dir='ltr'>habere</span> <span class='ocrx_word' id='word_1_220' title='bbox 496 3788 531 3854; x_wconf 90' lang='lat' dir='ltr'>te</span> <span class='ocrx_word' id='word_1_221' title='bbox 549 3780 696 3854; x_wconf 88' lang='lat' dir='ltr'>fratrem</span> <span class='ocrx_word' id='word_1_222' title='bbox 715 3789 750 3854; x_wconf 92' lang='lat' dir='ltr'>et</span> <span class='ocrx_word' id='word_1_223' title='bbox 768 3780 996 3855; x_wconf 88' lang='lat' dir='ltr'>sacerdotem.</span> <span class='ocrx_word' id='word_1_224' title='bbox 1013 3782 1112 3854; x_wconf 89' lang='lat' dir='ltr'>Item.</span> <span class='ocrx_word' id='word_1_225' title='bbox 1127 3778 1349 3877; x_wconf 87' lang='lat' dir='ltr'>Precipirnus</span> <span class='ocrx_word' id='word_1_226' title='bbox 1366 3788 1408 3851; x_wconf 90' lang='lat' dir='ltr'>ut</span> <span class='ocrx_word' id='word_1_227' title='bbox 1427 3777 1574 3850; x_wconf 89' lang='lat' dir='ltr'>Photius</span> 
     </span>
     <span class='ocr_line' id='line_1_31' title="bbox 349 3890 1573 3992; baseline -0.005 -25"><span class='ocrx_word' id='word_1_228' title='bbox 349 3893 553 3992; x_wconf 87' lang='lat' dir='ltr'>patriarcha</span> <span class='ocrx_word' id='word_1_229' title='bbox 571 3894 692 3968; x_wconf 88' lang='lat' dir='ltr'>veniat</span> <span class='ocrx_word' id='word_1_230' title='bbox 714 3917 832 3968; x_wconf 89' lang='lat' dir='ltr'>coram</span> <span class='ocrx_word' id='word_1_231' title='bbox 858 3895 959 3969; x_wconf 86' lang='lat' dir='ltr'>vobis</span> <span class='ocrx_word' id='word_1_232' title='bbox 983 3895 1022 3968; x_wconf 90' lang='lat' dir='ltr'>in</span> <span class='ocrx_word' id='word_1_233' title='bbox 1047 3893 1237 3992; x_wconf 77' lang='lat' dir='ltr'>synodum,</span> <span class='ocrx_word' id='word_1_234' title='bbox 1254 3902 1290 3966; x_wconf 91' lang='lat' dir='ltr'>et</span> <span class='ocrx_word' id='word_1_235' title='bbox 1316 3890 1465 3987; x_wconf 90' lang='lat' dir='ltr'>recipiat</span> <span class='ocrx_word' id='word_1_236' title='bbox 1489 3914 1573 3964; x_wconf 90' lang='lat' dir='ltr'>eum</span> 
     </span>
     <span class='ocr_line' id='line_1_32' title="bbox 348 4005 1574 4106; baseline -0.006 -25"><span class='ocrx_word' id='word_1_237' title='bbox 348 4007 463 4081; x_wconf 88' lang='lat' dir='ltr'>omnis</span> <span class='ocrx_word' id='word_1_238' title='bbox 492 4005 645 4082; x_wconf 89' lang='lat' dir='ltr'>ecclesia</span> <span class='ocrx_word' id='word_1_239' title='bbox 677 4007 874 4082; x_wconf 90' lang='lat' dir='ltr'>secundum</span> <span class='ocrx_word' id='word_1_240' title='bbox 900 4016 1116 4106; x_wconf 78' lang='lat' dir='ltr'>praeceptum</span> <span class='ocrx_word' id='word_1_241' title='bbox 1142 4005 1345 4080; x_wconf 89' lang='lat' dir='ltr'>litterarum</span> <span class='ocrx_word' id='word_1_242' title='bbox 1371 4011 1574 4076; x_wconf 86' lang='lat' dir='ltr'>nostrarum</span> 
     </span>
     <span class='ocr_line' id='line_1_33' title="bbox 348 4117 1573 4218; baseline -0.001 -27"><span class='ocrx_word' id='word_1_243' title='bbox 348 4119 527 4218; x_wconf 85' lang='lat' dir='ltr'>recipietis</span> <span class='ocrx_word' id='word_1_244' title='bbox 544 4129 663 4193; x_wconf 89' lang='lat' dir='ltr'>autem</span> <span class='ocrx_word' id='word_1_245' title='bbox 682 4144 765 4194; x_wconf 90' lang='lat' dir='ltr'>eum</span> <span class='ocrx_word' id='word_1_246' title='bbox 783 4133 819 4193; x_wconf 93' lang='lat' dir='ltr'>et</span> <span class='ocrx_word' id='word_1_247' title='bbox 837 4143 898 4194; x_wconf 85' lang='lat' dir='ltr'>vos</span> <span class='ocrx_word' id='word_1_248' title='bbox 915 4119 952 4191; x_wconf 92' lang='lat' dir='ltr'>in</span> <span class='ocrx_word' id='word_1_249' title='bbox 967 4121 1188 4208; x_wconf 76' lang='lat' dir='ltr'>comunione,</span> <span class='ocrx_word' id='word_1_250' title='bbox 1199 4130 1240 4192; x_wconf 88' lang='lat' dir='ltr'>ut</span> <span class='ocrx_word' id='word_1_251' title='bbox 1252 4119 1390 4214; x_wconf 86' lang='lat' dir='ltr'>gratias</span> <span class='ocrx_word' id='word_1_252' title='bbox 1403 4117 1573 4212; x_wconf 86' lang='lat' dir='ltr'>agatDeo</span> 
     </span>
     <span class='ocr_line' id='line_1_34' title="bbox 348 4229 1576 4328; baseline -0.005 -20"><span class='ocrx_word' id='word_1_253' title='bbox 348 4244 383 4308; x_wconf 87' lang='lat' dir='ltr'>et</span> <span class='ocrx_word' id='word_1_254' title='bbox 401 4243 534 4309; x_wconf 78' lang='lat' dir='ltr'>sanetae</span> <span class='ocrx_word' id='word_1_255' title='bbox 549 4237 715 4308; x_wconf 78' lang='lat' dir='ltr'>Romanae</span> <span class='ocrx_word' id='word_1_256' title='bbox 732 4233 1021 4308; x_wconf 74' lang='lat' dir='ltr'>aeeclesiaedtem.</span> <span class='ocrx_word' id='word_1_257' title='bbox 1032 4237 1231 4328; x_wconf 86' lang='lat' dir='ltr'>Surgentes</span> <span class='ocrx_word' id='word_1_258' title='bbox 1244 4233 1361 4308; x_wconf 89' lang='lat' dir='ltr'>dicite.</span> <span class='ocrx_word' id='word_1_259' title='bbox 1371 4229 1474 4305; x_wconf 91' lang='lat' dir='ltr'>Photi</span> <span class='ocrx_word' id='word_1_260' title='bbox 1489 4255 1576 4327; x_wconf 81' lang='lat' dir='ltr'>prae-</span> 
     </span>
     <span class='ocr_line' id='line_1_35' title="bbox 348 4343 1576 4446; baseline -0.007 -23"><span class='ocrx_word' id='word_1_261' title='bbox 348 4347 442 4444; x_wconf 86' lang='lat' dir='ltr'>cepit</span> <span class='ocrx_word' id='word_1_262' title='bbox 460 4347 610 4421; x_wconf 88' lang='lat' dir='ltr'>domnus</span> <span class='ocrx_word' id='word_1_263' title='bbox 627 4357 747 4422; x_wconf 88' lang='lat' dir='ltr'>noster</span> <span class='ocrx_word' id='word_1_264' title='bbox 761 4350 857 4446; x_wconf 90' lang='lat' dir='ltr'>Papa</span> <span class='ocrx_word' id='word_1_265' title='bbox 876 4357 916 4420; x_wconf 88' lang='lat' dir='ltr'>ut</span> <span class='ocrx_word' id='word_1_266' title='bbox 933 4370 1054 4422; x_wconf 90' lang='lat' dir='ltr'>omnes</span> <span class='ocrx_word' id='word_1_267' title='bbox 1071 4347 1148 4422; x_wconf 89' lang='lat' dir='ltr'>sive</span> <span class='ocrx_word' id='word_1_268' title='bbox 1166 4345 1330 4445; x_wconf 83' lang='lat' dir='ltr'>episcopi,</span> <span class='ocrx_word' id='word_1_269' title='bbox 1347 4345 1424 4418; x_wconf 86' lang='lat' dir='ltr'>sive</span> <span class='ocrx_word' id='word_1_270' title='bbox 1441 4343 1576 4440; x_wconf 88' lang='lat' dir='ltr'>presbi-</span> 
     </span>
     <span class='ocr_line' id='line_1_36' title="bbox 348 4455 1575 4564; baseline -0.007 -24"><span class='ocrx_word' id='word_1_271' title='bbox 348 4461 517 4553; x_wconf 69' lang='lat' dir='ltr'>terisive</span> <span class='ocrx_word' id='word_1_272' title='bbox 531 4461 681 4564; x_wconf 88' lang='lat' dir='ltr'>quilibet</span> <span class='ocrx_word' id='word_1_273' title='bbox 698 4462 772 4552; x_wconf 82' lang='lat' dir='ltr'>alii,</span> <span class='ocrx_word' id='word_1_274' title='bbox 784 4461 845 4564; x_wconf 90' lang='lat' dir='ltr'>qui</span> <span class='ocrx_word' id='word_1_275' title='bbox 863 4485 976 4562; x_wconf 90' lang='lat' dir='ltr'>usque</span> <span class='ocrx_word' id='word_1_276' title='bbox 994 4460 1094 4536; x_wconf 91' lang='lat' dir='ltr'>medo</span> <span class='ocrx_word' id='word_1_277' title='bbox 1111 4459 1292 4536; x_wconf 83' lang='lat' dir='ltr'>noluerint</span> <span class='ocrx_word' id='word_1_278' title='bbox 1308 4455 1575 4535; x_wconf 84' lang='lat' dir='ltr'>communicare</span> 
     </span>
    </p>
   </div>
   <div class='ocr_carea' id='block_1_5' title="bbox 0 0 1825 5294">
    <p class='ocr_par' dir='ltr' id='par_1_5' title="bbox 0 0 1825 5294">
     <span class='ocr_line' id='line_1_37' title="bbox 0 0 1825 5294; baseline 0 0"><span class='ocrx_word' id='word_1_279' title='bbox 0 0 1825 5294; x_wconf 95' lang='lat' dir='ltr'> </span> 
     </span>
    </p>
   </div>
  </div>
 </body>
</html>
