3582 5288
735 380 908 446 ..75-

208 503 281 600 ptis
304 505 612 593 restaurationem,
631 504 777 603 suisque
794 505 959 580 omnibus
976 506 1046 580 sibi
1067 505 1235 601 legaliter
1257 507 1434 582 restitutis

208 616 446 712 integerrime
465 617 597 704 vocari,
615 628 680 691 aut
697 617 846 693 veniant
858 619 903 693 ad
916 618 1080 696 sinodum
1095 619 1165 694 nisi
1180 631 1303 720 sponte
1315 621 1435 696 volne-

211 729 286 804 rint
302 731 488 829 imperare.

308 848 407 921 Deus
425 845 541 942 igitur
562 856 700 922 creator
725 847 885 920 omnium
911 857 1099 922 conservet
1123 849 1319 944 longevum
1346 855 1437 948 Apo-

211 959 382 1034 stolatum
400 969 573 1048 vestrum,
590 960 635 1034 ad
652 959 887 1035 stabilitatem
905 970 1113 1036 sanctarum
1140 961 1372 1036 ecclesiarum
1399 973 1436 1038 ct

210 1073 411 1148 orthodoxa
428 1073 519 1162 fidei,
537 1097 671 1172 vosque
688 1081 863 1171 pastorem
881 1073 1013 1150 bonum
1032 1075 1094 1172 qui
1112 1100 1174 1173 pro
1187 1075 1436 1174 spiritualibus

212 1186 339 1261 ovibus
356 1197 512 1262 vestram
531 1188 662 1285 ponitis
679 1189 848 1276 animam,
865 1198 973 1286 atque
991 1189 1118 1265 baculo
1141 1190 1307 1288 pastorali
1334 1191 1436 1288 lupos

214 1325 360 1400 rapaces
376 1302 556 1400 expellitis
572 1303 737 1377 omnibus
755 1302 817 1400 qui
844 1302 1000 1400 oppressi
1019 1314 1104 1377 sunt
1121 1303 1298 1376 auxilium
1324 1304 1436 1378 fertis.

214 1415 314 1502 Quod
335 1425 370 1490 at
387 1415 467 1490 istis
483 1426 590 1514 atque
608 1416 772 1491 omnibus
791 1441 854 1492 vos
871 1442 1009 1515 semper
1027 1417 1144 1492 facere
1169 1426 1333 1515 optamus
1358 1442 1438 1490 san-

212 1529 372 1605 ctissime
391 1533 507 1620 Pater,
525 1530 749 1628 subscriptio.
767 1533 813 1604 nt
830 1530 901 1603 alia
915 1555 1033 1604 manu.
1048 1533 1114 1605 Ora
1132 1554 1194 1628 pro
1207 1530 1306 1605 nobis
1325 1530 1437 1606 karis-

215 1643 304 1719 sime
324 1647 439 1720 Pater.

731 1785 920 1871 LXXVIII.

313 1991 489 2064 Damasus
506 2014 634 2064 servus
651 2011 835 2064 servorum
860 1985 938 2074 Dei,
954 1995 1062 2084 atque
1088 2010 1151 2082 per
1175 1986 1333 2082 gratiam
1359 1986 1437 2060 eius

216 2101 414 2199 Episcopus
428 2101 536 2176 Urbis
550 2105 677 2176 Βοωω.
687 2101 867 2199 Stephano
882 2100 1159 2199 Archiopiscopo
1172 2100 1324 2176 Consilii
1338 2103 1438 2176 Man·

216 2213 357 2288 ritaniae
373 2225 410 2289 et
426 2214 591 2288 omnibus
611 2215 793 2290 Africanis
810 2215 1003 2314 Episcopis.
1021 2215 1170 2291 Discnte
1187 2214 1378 2313 Episcopos
1403 2225 1438 2289 et

216 2353 395 2401 summam
413 2329 738 2404 ecclesiasticorum
766 2354 895 2405 causas
920 2329 1145 2424 negotiorum
1171 2327 1439 2426 metropolitano

216 2467 390 2517 unacum
409 2442 667 2518 omnibussnis
692 2441 972 2541 provincialibus
997 2453 1039 2517 ut
1064 2465 1167 2518 nemo
1192 2468 1236 2517 ex
1259 2442 1311 2516 eis
1335 2442 1438 2532 desit,

216 2566 253 2632 et
269 2580 392 2633 omnes
409 2557 637 2654 singulorum
655 2557 871 2633 concordent
895 2557 1067 2654 negotiis,
1089 2557 1175 2633 lieet
1200 2557 1262 2631 sed
1286 2556 1439 2632 diffinire

216 2693 340 2746 eorum
375 2682 483 2770 atque
513 2671 747 2748 ecclesiarum
780 2697 939 2746 srunmas
968 2670 1133 2768 querelas
1162 2694 1352 2746 causarum
1380 2669 1438 2744 vel

217 2785 388 2861 damnare
401 2786 590 2885 Episcopos
604 2785 737 2884 absque
750 2785 860 2860 huius
877 2794 1010 2860 sanctae
1028 2783 1128 2858 Sedis
1145 2783 1358 2858 auctoritate
1376 2783 1441 2856 mi·

218 2899 316 2975 nime
334 2900 428 2977 licet.
444 2905 559 2988 Quam
579 2909 701 2974 omnes
726 2898 905 2998 appellare
930 2897 959 2972 si
986 2921 1131 2973 necesse
1156 2897 1277 2985 fucrit,
1301 2905 1338 2970 ot
1361 2896 1440 2970 eins

219 3013 341 3088 fnlciri
355 3013 490 3088 auxilio
506 3023 650 3111 oportet.
669 3016 714 3086 Et
731 3013 834 3085 infra.
854 3012 956 3086 Beati
975 3011 1072 3086 Petri
1090 3010 1170 3085 vice
1187 3008 1289 3084 hodio
1307 3009 1439 3106 grandi

219 3127 400 3224 logatione
418 3151 480 3226 pro
498 3128 641 3203 Christo
658 3127 860 3223 fungimur,
876 3134 913 3200 et
929 3149 1052 3199 omues
1068 3123 1178 3197 huius
1191 3132 1324 3198 sanctae
1337 3123 1439 3199 Sedis

221 3243 393 3342 praesnles
410 3245 488 3318 oins
513 3245 613 3320 vices
629 3251 833 3340 gesserunt,
851 3247 997 3333 gerunt,
1010 3248 1046 3312 et
1058 3247 1196 3335 gerent.
1209 3241 1255 3310 nt
1267 3246 1344 3334 post
1356 3261 1441 3335 pau·

220 3383 273 3432 ca.
289 3361 384 3431 Nam
403 3367 444 3432 ut
460 3357 583 3446 nostis,
598 3356 783 3454 Synodum
796 3355 873 3429 sine
886 3354 964 3429 eius
977 3353 1188 3428 auctoritate
1202 3352 1290 3442 fieri,
1302 3375 1372 3426 non
1385 3362 1440 3427 est

220 3469 442 3545 canonicum.
460 3475 584 3568 Neque
603 3469 713 3544 ullam
732 3493 891 3566 unquam
910 3467 1062 3543 coucilia
1081 3475 1159 3541 rata
1172 3467 1347 3562 leguntur
1360 3491 1440 3564 quae

220 3607 291 3657 non
306 3594 392 3660 sunt
404 3585 498 3659 fulta
515 3584 708 3683 apostolica
721 3581 943 3659 auctoritate.
953 3583 1042 3655 Item
1056 3581 1095 3654 in
1109 3579 1240 3655 eadem.
1253 3581 1328 3655 Nec
1341 3588 1440 3654 extra

221 3697 398 3795 propriam
418 3697 639 3795 provinciam
664 3697 737 3784 fiat,
756 3695 869 3793 primo
886 3694 1119 3770 discussionis
1143 3691 1336 3782 accusatio,
1361 3693 1438 3768 sine

224 3811 426 3909 Apostolica
442 3811 687 3909 preceptione.
705 3811 773 3886 Cui
791 3811 829 3882 in
846 3810 1011 3886 omnibus
1027 3811 1147 3885 causis
1169 3809 1317 3884 debetur
1343 3832 1441 3884 reve

221 3924 337 3999 rentia
355 3925 535 4000 custodiri.
554 3929 600 4000 Et
616 3935 836 4024 postpauca.
854 3929 902 4001 Et
917 3924 1004 3998 alibi
1023 3925 1059 3998 in
1074 3923 1280 4000 Canonibus
1294 3921 1440 4019 legitur.

222 4043 466 4137 Quacumque
484 4041 629 4136 negotia
647 4039 685 4112 in
703 4039 779 4112 suis
796 4039 883 4115 Iocis
897 4038 958 4113 ubi
971 4048 1047 4113 orta
1061 4046 1147 4111 sunt
1162 4036 1327 4126 finlanda,
1340 4045 1376 4111 et
1389 4061 1442 4112 re-

220 4151 320 4250 liqna
337 4153 394 4227 his
411 4153 553 4227 similia.
571 4155 680 4227 Salva
697 4162 817 4229 tamen
835 4155 875 4226 in
892 4152 1056 4228 omnibus
1072 4151 1274 4249 Apostolica
1287 4150 1442 4225 auctori-

220 4277 304 4356 tate,
322 4277 363 4341 ut
379 4265 472 4339 nihil
489 4267 688 4340 diffiniatur
704 4267 913 4366 priusquam
931 4265 963 4339 ei
981 4265 1120 4363 placere
1134 4272 1381 4360 cognoscatur.
1394 4266 1442 4336 Et

221 4382 249 4456 si
268 4382 354 4480 quid
371 4405 484 4478 grave
501 4380 777 4456 intollerandum
796 4380 881 4480 quid
893 4379 1076 4468 acciderit,
1094 4379 1171 4456 eius
1188 4401 1327 4476 semper
1340 4401 1443 4477 expe·

221 4496 348 4570 ctanda
367 4521 530 4573 censura.
