3642 5294
360 542 510 636 tulere
525 542 760 664 jndicium
783 544 830 638 in
853 545 1093 668 praeclaro
1116 545 1192 638 illo
1209 547 1430 660 tractatu,
1446 571 1587 665 quem

362 705 551 799 editioni
586 734 781 828 operum
816 707 864 800 S.
900 707 1069 803 Leonis
1103 677 1273 828 lllagni
1300 709 1585 830 adjecerunt.

366 867 667 992 Quapropter
698 869 938 992 piaculum
970 875 1246 994 putaremus
1290 870 1475 986 addere,
1514 871 1586 962 vel

363 1031 577 1126 minuere
611 1031 869 1155 quidquam
893 1060 952 1126 ex
974 1033 1046 1148 iis,
1064 1061 1184 1154 quae
1207 1033 1294 1126 viri
1321 1032 1384 1125 illi
1419 1031 1587 1126 doctis·

367 1194 473 1289 simi
496 1195 544 1288 11
567 1193 885 1289 eruditissima
906 1196 1255 1290 elucubratione
1276 1193 1586 1312 tradiderunt,

367 1353 638 1477 acproinde
661 1353 789 1447 illam
813 1356 923 1450 huic
946 1360 1134 1451 nostrae
1157 1357 1344 1451 editioni
1366 1357 1588 1479 praemit-

363 1516 555 1610 tendam
589 1516 874 1611 censuimus.
909 1517 983 1611 Ea
1023 1517 1349 1613 tantummodo
1381 1520 1588 1640 praeter-

363 1677 597 1792 misimus,
610 1705 730 1798 quae
747 1677 794 1770 in
813 1682 976 1773 nostra
993 1679 1191 1773 editione
1202 1680 1589 1798 leguntunquae-
1642 1783 1643 1786 Ὺ

365 1871 455 1965 que
477 1841 542 1934 illi
575 1869 635 1958 ex
658 1841 815 1936 codice
837 1847 1059 1965 excerpta
1090 1843 1138 1936 in
1172 1871 1258 1937 suo
1280 1843 1486 1952 tractatu
1518 1841 1589 1933 11-

366 2009 633 2122 seruerunt,
656 2033 824 2128 nempe
857 2006 1100 2129 epistolam
1134 2005 1354 2130 ejusdem
1378 2004 1589 2098 Deusde-

365 2168 433 2262 dit
467 2167 527 2261 ad
548 2166 788 2262 Victorem
811 2166 882 2261 ΙΙΙ
910 2171 955 2261 11
987 2165 1254 2286 fragmenta
1286 2167 1588 2289 epistolarum

366 2329 414 2424 S.
430 2328 606 2424 Gelasii
618 2328 656 2445 Ι,
670 2328 854 2448 Pelagii
867 2328 904 2444 Ι,
919 2328 1115 2422 Honorii
1133 2328 1156 2422 l
1173 2329 1277 2423 etS.
1292 2329 1508 2447 Gregorii
1526 2328 1586 2422 H.

495 2489 617 2582 «Ex
651 2491 741 2582 hac
774 2489 937 2613 epistol
993 2489 1182 2612 (nempe
1215 2519 1274 2583 ex
1308 2487 1590 2583 dedicatoria

363 2685 388 2743 ›>
417 2653 477 2748 ad
509 2653 754 2748 laudatum
776 2651 1015 2749 Victorem
1038 2654 1130 2777 Ill)
1151 2657 1279 2777 patet
1308 2652 1589 2747 collectionis

363 2848 388 2905 »
418 2815 581 2910 divisio
614 2815 663 2908 in
690 2813 832 2909 libros
857 2795 1074 2938 quatuor,
1092 2844 1294 2938 quorum
1316 2815 1498 2939 primus
1532 2816 1589 2909 de

364 3011 389 3069 ›>
418 2979 639 3074 Primatu
661 2981 707 3073 et
727 2980 956 3102 potestate
978 2979 1233 3074 Ecclesiae¹
1248 2982 1432 3074 constat
1454 3007 1513 3073 ex
1534 2979 1592 3074 ti·

366 3175 391 3230 »
421 3141 549 3256 11111,
567 3169 651 3235 seu
674 3139 889 3263 capitulis
912 3141 1020 3258 251,
1037 3142 1273 3237 secundus
1297 3142 1353 3236 de
1376 3141 1590 3238 Romano

364 3338 389 3396 ›>
421 3306 556 3400 Olero
580 3333 639 3398 ex
663 3333 763 3427 cap.
792 3303 1085 3422 1311111
1108 3305 1327 3401 derebus
1350 3307 1590 3402 Ecclesiae

364 3495 477 3561 »ex
512 3495 628 3589 cap..
655 3463 759 3580 loe,
793 3469 838 3559 et
870 3455 1068 3588 quartus
1102 3466 1158 3560 de
1191 3467 1404 3561 libertate
1430 3467 1593 3561 Eccle-

363 3659 389 3718 »
418 3627 514 3723 siae
549 3631 594 3722 et
626 3655 788 3722 rerum
823 3629 924 3750 ejus
958 3657 1013 3722 ac
1048 3629 1171 3723 Cleri
1204 3658 1263 3723 ex
1297 3658 1397 3752 cap.
1437 3629 1538 3725 162.

491 3825 516 3882 ›>
547 3792 682 3901 Quae
715 3821 825 3886 vero
859 3795 904 3887 et
937 3821 1080 3914 quam
1114 3793 1280 3913 gravia
1311 3794 1360 3887 in
1392 3794 1506 3917 ipsis
1538 3795 1592 3888 li·

365 3985 390 4044 »
420 3955 516 4048 loris
540 3953 885 4071 contineantur,
908 3955 1198 4050 demonstrat
1223 3956 1326 4079 ipsa
1346 3957 1591 4052 titulorum

367 4118 597 4234 »tabula⁷
626 4145 747 4240 quae
778 4121 885 4240 post
917 4118 1160 4241 epistolam
1194 4119 1588 4242 nuncupatoriam

363 4279 578 4374 »statim
612 4279 873 4402 subjicitur.
895 4281 1026 4376 Haec
1059 4281 1202 4376 veluti
1244 4309 1404 4376 rerum
1434 4281 1592 4398 index,

364 4476 389 4533 ›>
418 4475 501 4542 seu
529 4445 673 4568 totius
706 4445 858 4572 operis
883 4445 1166 4543 breviarium
1185 4444 1507 4542 Ferre-ndiano
1531 4443 1592 4542 si·
