3582 5288
708 394 906 457 -133-

194 515 357 590 tualibus
374 517 531 615 undique
548 523 584 591 et
602 515 732 614 ubique
749 524 925 614 quantum
943 524 1090 613 possunt
1106 514 1177 588 nisi
1194 513 1304 611 digne
1318 517 1421 590 satis-

194 628 323 704 fecerit
346 629 592 728 insequantur.
618 627 795 703 Volumus
812 629 932 726 itaque
949 637 990 701 ut
1007 626 1212 728 praephatns
1224 627 1420 726 Episcopus

195 743 296 841 prius
312 766 556 842 quoscumque
572 752 687 842 potest
703 743 894 838 Episcopos
906 749 942 815 et
959 741 1112 838 reliquos
1129 741 1334 816 Sacerdotes
1352 740 1420 817 sibi

194 857 397 954 adiungant
413 867 450 932 et
465 857 569 931 illum
595 856 660 931 Dei
685 856 873 931 inimicum
900 855 944 928 ad
965 855 1112 950 dignam
1140 854 1418 931 satisfactionem

195 979 377 1044 convocet.
394 969 494 1055 Quod
512 968 543 1044 si
559 969 667 1065 digne
680 969 849 1066 penitere,
862 978 898 1044 et
910 968 1029 1043 ablata
1048 969 1237 1044 restituere
1251 969 1419 1059 noluerit,

195 1081 290 1156 datis
306 1081 375 1155 sibi
392 1085 462 1156 XV
485 1082 623 1156 dierum
650 1081 811 1171 indutiis,
836 1083 986 1157 introitu
1011 1081 1172 1158 ecclesis
1197 1082 1359 1180 privetur
1383 1093 1419 1158 et

194 1194 330 1293 prefato
349 1189 449 1270 modo
465 1195 598 1270 iniuria
615 1195 709 1272 beati
728 1197 824 1270 Petri
842 1197 1047 1274 vindicetur
1072 1221 1185 1295 usque
1209 1197 1253 1272 ad
1279 1197 1386 1272 satisf
1404 1240 1418 1253 -

194 1309 359 1385 ctionem.

717 1484 901 1623 orlorur.

287 1764 485 1860 Gregorius
502 1763 698 1862 Episcopus
715 1789 843 1840 servus
860 1788 1046 1840 servorum
1064 1765 1139 1840 Dei.
1164 1769 1329 1842 Manasse
1351 1771 1417 1842 Ro·

191 1880 306 1954 mensi
325 1879 610 1978 Archiepisoopo,
627 1879 723 1954 inter
740 1889 870 1954 cetera.
888 1879 1009 1956 Nostis
1026 1879 1157 1954 etenim
1181 1879 1306 1953 Osium
1332 1881 1416 1978 Epi-

190 2018 337 2092 scopum
353 1996 392 2068 in
410 1996 547 2070 Niceno
563 2003 599 2068 et
616 1993 784 2069 Cirillum
802 1993 838 2065 in
864 1991 1045 2090 Ephesino
1070 1991 1220 2066 concilio
1245 1995 1416 2068 Romano

190 2133 271 2181 rum
289 2107 369 2183 vice
381 2109 514 2184 eisdem
528 2107 804 2184 concedentibus
817 2105 960 2180 functos
974 2104 1086 2180 fnisse
1099 2105 1325 2178 Pontificum.
1340 2105 1415 2178 Sia-

188 2223 269 2318 grio
281 2245 421 2320 quoque
434 2221 687 2318 Augudinensi
701 2222 873 2318 Episcopo
891 2217 1143 2314 Lugdunensis
1155 2216 1329 2292 antistitis
1342 2218 1414 2292 sui·

188 2335 362 2430 fraganeo
378 2336 576 2410 secuudum
594 2338 727 2431 Papam
746 2333 963 2429 Gregorium
978 2331 1179 2406 celebrandi
1193 2331 1413 2427 generaliter

188 2448 226 2521 in
244 2448 375 2523 Galliis
393 2448 544 2524 concilia
561 2447 678 2522 vicem
696 2471 798 2522 snam
817 2445 941 2542 legitis
958 2443 1161 2520 indulsisse.

706 2673 907 2758 oxovllss.

284 2903 484 3001 Gregorius
501 2904 695 3001 Episcopus
713 2905 854 2977 Sanctae
871 2901 1038 2973 Romanae
1060 2895 1239 2973 Ecclesia.
1265 2899 1413 2996 Semper

188 3017 305 3107 licuit,
322 3042 532 3116 semperque
549 3016 671 3092 licebit
688 3024 811 3092 contra
832 3011 1011 3087 novitates
1034 3020 1278 3088 excrescentes
1294 3035 1413 3088 exces-

187 3156 250 3205 sus
268 3153 361 3205 nova
378 3155 518 3228 quoque
535 3131 676 3206 decreta
693 3140 801 3228 atque
819 3128 974 3204 remedia
990 3150 1191 3227 procurare,
1208 3151 1288 3225 quae
1309 3127 1413 3204 ratio·

188 3244 246 3317 nis
262 3255 300 3320 et
315 3243 542 3320 auctoritatis
558 3243 654 3319 edita
666 3243 809 3333 iudicio,
821 3242 914 3316 nulli
927 3242 1112 3316 hominum
1127 3241 1176 3316 sit
1187 3240 1242 3316 fas
1254 3251 1297 3315 ut
1308 3241 1412 3316 irrita

184 3358 353 3432 refutare.

765 3549 831 3633 (ld.

593 3763 643 3814 Ex
660 3763 807 3815 Romano
824 3759 1014 3814 Pontissoan.

283 3927 410 4000 Victor
426 3925 569 3999 notione
587 3923 694 4013 Affer,
719 3923 906 3998 constituit
931 3932 973 3998 ut
997 3931 1163 3997 sunctum
1189 3922 1328 3996 Pascha
1352 3923 1409 3998 die

186 4039 367 4115 dominica
384 4036 593 4125 celebretur,
610 4039 706 4113 sieut
723 4036 965 4124 Eleutherius,
978 4045 1014 4111 et
1030 4036 1117 4112 feeit
1133 4044 1323 4133 soquentes
1340 4035 1409 4110 cle·

186 4155 288 4229 moos.
306 4153 377 4227 Hic
393 4153 479 4227 fecit
496 4151 689 4226 concilium
714 4151 757 4226 de
782 4149 918 4225 circulo
943 4148 1101 4239 Pascha,
1125 4149 1276 4224 acersito
1301 4147 1409 4224 Theo·

187 4266 298 4365 phylo
315 4267 487 4364 Episcopo
505 4264 741 4352 Alexandria,
757 4274 794 4339 et
811 4265 1007 4352 constituit,
1024 4273 1066 4338 ut
1082 4265 1223 4338 aXIIII
1236 4263 1322 4336 luna
1339 4262 1409 4360 pri·

187 4381 237 4454 mi
260 4381 396 4455 mensis
412 4403 525 4478 usque
541 4380 587 4455 ad
604 4381 694 4454 XXI
710 4379 766 4454 die
784 4379 971 4455 Dominica
994 4377 1217 4453 custodiatur
1240 4385 1406 4451 sanctum

187 4491 335 4566 Pascha.
