3582 5288
695 387 891 450 -153-

183 527 246 580 nec
265 505 383 582 teneri
400 515 515 604 potest
531 507 595 580 illa
620 531 700 605 qum
724 508 762 580 in
788 508 894 584 rebus
917 509 1087 605 gerendis
1110 520 1218 607 atque
1242 509 1402 586 consiliis
1451 541 1455 551 ·

183 617 252 692 sola
268 629 385 716 potest
400 621 649 697 auctoritatem
669 647 783 711 suam,
800 631 909 720 atque
926 622 1017 696 illud
1034 623 1127 720 quod
1145 623 1268 698 deceat
1280 631 1402 699 tenere

181 735 426 808 constantiam.
440 735 593 811 Gravior
606 759 690 810 vero
702 737 884 834 appetitus
897 759 940 810 ex
954 735 1067 808 nimia
1080 735 1327 832 indignatione
1341 763 1402 810 na-

182 844 304 936 scitur,
322 871 430 944 quam
447 860 604 946 acceptae
621 847 832 947 plerumque
848 849 1013 925 accendit
1030 849 1172 924 iniuriae
1190 849 1297 926 dolor.

683 1043 884 1128 ooxvfflr.

544 1248 593 1298 ux
611 1211 696 1300 imre
714 1247 791 1300 vrsae
810 1249 841 1302 s.
862 1245 1034 1300 ambrosii.

275 1416 369 1491 Cum
395 1417 546 1516 populus
571 1417 691 1515 magis
716 1419 903 1517 magisque
928 1417 1144 1494 acclamaret
1169 1417 1399 1494 Ambrosium

181 1531 407 1630 Episcopum,
425 1558 579 1632 cumque
597 1534 659 1609 ille
683 1534 822 1609 videret
835 1531 925 1605 nihil
946 1557 1048 1606 suam
1069 1531 1304 1607 intentionem
1326 1556 1401 1630 pos-

182 1671 218 1720 se
234 1647 416 1743 proficere,
428 1648 555 1744 fugam
569 1647 720 1746 paravit.
734 1651 983 1744 Egressusque
995 1645 1111 1720 noctis
1124 1645 1239 1720 medio
1251 1644 1400 1721 civitate

180 1783 262 1834 cum
281 1760 449 1834 Ticinum
474 1783 511 1835 se
530 1784 679 1858 pergere
704 1770 858 1860 putaret,
882 1784 987 1834 mane
1009 1760 1053 1832 ad
1078 1768 1214 1856 portam
1240 1758 1401 1834 civitatis

180 1874 455 1950 Mediolanensis
472 1899 551 1973 quae
568 1877 726 1950 Romana
742 1875 875 1951 dicitur
888 1874 1082 1950 invenitur.
1098 1875 1261 1971 Cumque
1274 1875 1399 1949 inven-

180 1997 240 2062 tus
253 1987 494 2063 custodiretur
506 2012 527 2059 a
541 1987 678 2086 populo,
692 1988 800 2062 missa
814 1987 983 2063 relatione
996 1987 1042 2061 ad
1054 1986 1318 2084 pientissimum
1331 1990 1401 2061 Im·

180 2111 376 2200 peratorem
394 2111 484 2177 tunc
501 2101 809 2176 Valentinianum.
827 2100 897 2187 Qui
913 2098 981 2175 hoc
999 2122 1138 2173 summo
1154 2099 1286 2195 gaudio
1298 2123 1399 2176 acce-

180 2215 241 2313 pit,
257 2215 350 2314 quod
367 2214 504 2290 iudices
521 2241 541 2290 a
559 2240 596 2291 se
614 2215 741 2292 directi
759 2215 804 2289 ad
821 2213 1059 2290 sacerdotium
1078 2222 1292 2312 peterentur.

725 2415 853 2502 coxi.

431 2621 619 2686 Ambrosius
637 2623 670 2674 tn
688 2633 837 2674 sermone
857 2618 900 2674 ad
918 2621 1077 2687 populum
1095 2621 1149 2672 VI.

274 2791 392 2867 Dicite
409 2792 497 2866 mihi
514 2794 546 2867 si
563 2816 633 2867 non
650 2793 840 2870 dolendum
853 2790 964 2867 fuerit
979 2791 1046 2867 hoc
1059 2799 1257 2890 peccatum,
1270 2791 1322 2867 sic
1335 2813 1399 2866 vos

182 2903 307 2980 salutis
324 2916 454 2981 vestrae
470 2907 695 2982 immemores
712 2917 801 2982 tunc
819 2905 940 2995 fuisse,
957 2917 998 2982 ut
1014 2905 1230 2980 beatissimis
1255 2911 1400 3005 Aposto

182 3017 227 3090 lis
244 3021 350 3094 Petro
366 3029 402 3094 et
424 3020 535 3094 Paulo
558 3020 866 3097 honorificentiam
892 3017 1041 3093 minime
1065 3017 1297 3108 reddideritis,
1314 3042 1398 3094 cum

180 3131 272 3229 ipsos
290 3156 367 3208 esse
384 3133 508 3207 sciatis
530 3133 688 3210 doctores
705 3134 883 3230 gentium,
899 3143 1062 3208 auctores
1076 3141 1290 3231 martyrum,
1303 3131 1400 3229 prin-

180 3245 278 3344 cipes
299 3247 533 3336 sacerdotum,
550 3271 616 3322 nec
641 3246 829 3322 volueritis
854 3245 1012 3321 natalem
1037 3246 1222 3322 nobiscum
1243 3245 1399 3320 festivis·

179 3360 310 3434 simum
328 3359 534 3436 celebrare?
551 3361 649 3435 Idem
666 3359 705 3432 in
730 3364 794 3435 XJ.
821 3364 924 3436 Hanc
948 3360 1064 3455 igitur
1089 3359 1198 3434 solam
1224 3359 1397 3436 Ecclesia

181 3499 310 3550 navem
325 3474 486 3550 ascendit
498 3474 684 3564 Dominus,
698 3475 735 3547 in
749 3499 820 3572 qua
834 3476 962 3548 Petrus
976 3472 1149 3569 magister
1161 3481 1215 3547 est
1228 3473 1401 3548 consttu-

178 3597 247 3663 tus.
264 3587 413 3664 Dicente
429 3587 591 3663 Domino.
605 3591 719 3686 Super
736 3587 830 3662 hanc
848 3595 986 3683 petram
1004 3584 1183 3660 aedfioabo
1199 3583 1399 3660 Ecclesiam

179 3725 306 3775 meam.
323 3702 411 3788 Quae
428 3699 533 3774 navis
550 3699 588 3772 in
602 3699 717 3774 altum
731 3700 854 3776 saeculi
867 3699 973 3774 istius
986 3709 1099 3790 natat,
1111 3699 1162 3774 ita
1175 3708 1217 3774 ut
1229 3707 1400 3797 pereunte

178 3813 311 3888 mundo
327 3836 449 3888 omnes
466 3837 553 3912 quos
570 3803 721 3912 suscipit
739 3823 859 3889 servet
876 3813 1004 3889 illesos.
1023 3813 1125 3889 Siout
1142 3813 1238 3888 enim
1255 3813 1329 3886 Noe
1344 3836 1401 3884 ar-

179 3951 220 4002 ca
236 3926 478 4022 naufragante
497 3927 629 4002 mundo
648 3937 797 4002 cunctos
816 3949 904 4026 quos
921 3935 1126 4025 susceperat
1139 3925 1335 4001 incolumes
1349 3948 1401 4000 re·

179 4039 350 4128 servavit,
365 4039 416 4115 ita
433 4049 468 4116 et
485 4041 582 4116 Petri
601 4040 764 4117 Ecclesia
788 4064 886 4115 nunc
911 4039 1089 4136 flagrante
1114 4039 1255 4128 saeculo,
1279 4063 1400 4114 omnes

178 4177 265 4252 quos
278 4153 508 4252 amplectitur
522 4153 791 4252 repraesentabit
805 4153 934 4228 illesos.
946 4153 1041 4228 Idem
1057 4153 1094 4226 in
1108 4155 1145 4228 L.
1158 4151 1292 4228 Fidelis
1304 4151 1400 4226 enim

179 4267 296 4344 faetus
313 4277 367 4342 est
389 4277 574 4366 postquam
600 4268 705 4343 fidem
731 4291 770 4342 se
794 4267 988 4364 perdidisse
1013 4265 1167 4355 deflevit,
1192 4275 1298 4362 atque
1324 4263 1401 4354 ideo

179 4381 347 4456 maiorem
364 4381 519 4476 gratiam
539 4381 708 4479 repperiit
725 4405 832 4480 quam
850 4381 980 4455 amisit.
998 4383 1183 4478 Tanquam
1207 4378 1320 4453 bonus
1342 4403 1401 4476 pa-

179 4505 251 4572 stor
267 4493 442 4571 tuendum
459 4517 612 4594 gregem
629 4495 777 4597 accepit,
799 4495 920 4596 utqui
938 4493 1005 4570 sibi
1026 4503 1111 4572 ante
1136 4492 1302 4568 infirmus
1327 4491 1401 4570 fue·
