3582 5288
912 451 952 464 -
978 415 1021 478 84
1048 451 1087 462 ..

385 547 426 608 ιιι
439 537 477 608 in
490 535 546 608 his
559 558 638 631 quae
651 533 709 608 vel
723 534 830 609 dubia
843 545 929 608 sunt
944 535 1001 608 vel
1014 536 1175 625 obscura,
1192 536 1227 609 id
1242 536 1447 609 noverimus
1461 559 1609 633 sequen·

384 649 481 738 dum,
498 649 590 747 quod
603 673 670 723 nec
685 649 870 746 praeceptis
886 649 1109 745 evangelicis
1126 650 1358 739 contrarium,
1372 675 1439 724 nec
1451 651 1604 725 decretis

384 774 589 838 sanctorum
616 771 758 858 patrum
784 761 992 837 inveniatur
1016 763 1220 836 adversum.
1245 763 1338 850 Quia
1363 763 1530 838 universe
1547 763 1607 838 vie

385 875 527 949 Domini
545 874 786 950 misericordia
804 884 841 949 et
853 876 999 963 veritas
1013 875 1178 972 cogimur
1191 877 1388 950 secundum
1403 877 1504 951 Sedis
1519 881 1611 974 Apo-

384 989 516 1064 stolicae
534 989 703 1086 pietatem
722 988 772 1061 ita
790 997 947 1061 nostram
974 997 1174 1086 temperare
1192 991 1418 1078 sententiam,
1437 1000 1479 1062 ut
1502 989 1610 1063 truti-

384 1113 466 1176 nato
479 1102 629 1201 pondere
643 1101 854 1176 delictorum
869 1101 962 1199 quod
975 1113 1115 1176 constat
1127 1125 1198 1176 non
1212 1103 1321 1176 unius
1334 1128 1410 1178 esse
1421 1129 1609 1192 mensurae,

383 1218 544 1318 quaedam
562 1216 781 1290 diffiniamus
797 1216 994 1290 tolleranda
1012 1217 1171 1313 quaedam
1190 1217 1334 1314 penitus
1357 1218 1585 1315 amputanda.

962 1445 1034 1527 oo.

480 1659 676 1745 Commune
693 1680 771 1745 erat
787 1671 952 1744 omnibus
972 1673 1149 1767 Apostolis
1166 1675 1368 1771 perieulum
1393 1674 1446 1747 de'
1461 1683 1611 1770 tempta-

384 1784 479 1858 tione
498 1784 699 1858 formidinis
716 1785 884 1883 quoniam
902 1783 1062 1858 diabolus
1079 1809 1200 1862 omnes
1222 1787 1389 1884 cupiebat
1413 1786 1609 1882 exagitare,

383 1921 505 1972 omnes
522 1897 688 1996 cupiebat
704 1900 846 1974 elidere.
863 1899 933 1974 Sed
949 1909 1071 1972 tamen
1096 1902 1262 1998 specialis
1286 1928 1308 1975 a
1334 1901 1484 1974 Domino
1510 1900 1608 1974 Petri

383 2037 471 2088 cura
484 2013 692 2111 suscipitur,
705 2030 742 2089 et
756 2037 817 2112 pro
830 2015 898 2089 fide
912 2015 1009 2088 Petri
1023 2019 1163 2115 proprie
1175 2016 1411 2114 supplicatur,
1423 2025 1609 2113 tamquam

382 2127 534 2200 aliorum
552 2136 669 2201 status
687 2129 817 2204 certior
833 2129 883 2203 sit
900 2129 1047 2204 futurus
1064 2130 1095 2204 si
1114 2155 1214 2204 mens
1232 2127 1404 2226 principis
1422 2128 1521 2204 victa
1539 2151 1610 2200 non

384 2241 503 2315 fuerit.
517 2244 559 2314 In
573 2243 678 2315 Petro
691 2265 777 2338 ergo
789 2244 948 2318 omnium
964 2242 1133 2319 fortitudo
1148 2240 1322 2329 munitur,
1336 2249 1372 2314 et
1384 2240 1516 2314 divinae
1529 2263 1611 2336 gra-

383 2354 443 2428 tiae
459 2355 510 2428 ita
528 2356 713 2430 ordinatur
729 2357 917 2446 auxilium,
934 2367 976 2432 ut
993 2357 1145 2430 firmitas
1164 2382 1243 2454 quae
1257 2380 1319 2452 per
1337 2354 1523 2430 Christum
1546 2357 1609 2427 Pe-

383 2478 439 2543 tro
454 2469 637 2560 tribuitur,
652 2495 713 2568 per
726 2475 873 2546 Petrum
889 2471 1068 2570 Apostolis
1081 2471 1296 2546 conferatur.
1309 2472 1357 2543 Et
1369 2463 1473 2542 infra.
1491 2468 1529 2542 Si
1547 2493 1610 2540 au-

383 2592 455 2656 tem
474 2583 616 2680 pietatis
631 2609 705 2659 suae
722 2611 846 2660 curam
864 2587 961 2660 omui
980 2584 1106 2683 populo
1120 2583 1185 2658 Dei
1198 2583 1293 2656 sieut
1309 2581 1525 2656 credendum
1544 2589 1610 2667 est,

386 2695 518 2794 ubique
531 2698 730 2794 praeteudit
744 2709 877 2796 quanto
892 2699 1009 2794 magis
1023 2698 1123 2772 nobis
1136 2695 1294 2769 alumnis
1307 2693 1383 2768 suis
1395 2717 1495 2791 opem
1508 2718 1609 2766 suam

384 2811 558 2907 dignatur
571 2811 784 2910 impendere,
794 2823 881 2911 aput
890 2837 977 2911 quos
990 2813 1029 2885 in
1042 2834 1142 2885 sacro
1155 2809 1257 2884 beate
1270 2807 1492 2882 dormitionis
1500 2807 1610 2895 thore,

386 2924 507 2998 eadem
525 2949 633 3021 quam
652 2925 817 3022 praesedit
833 2951 941 3000 carne
959 2925 1159 3024 requiescit.

950 3153 1039 3236 (llll.

483 3379 649 3454 Gelasius
674 3378 918 3454 dilectissimis
943 3379 1116 3452 fratribus
1142 3379 1322 3454 universis
1347 3375 1531 3473 Episcopis
1549 3399 1610 3473 per

386 3493 602 3567 Dardaniam
619 3495 835 3570 constitutis.
853 3493 922 3568 Sed
940 3517 1006 3568 uec
1025 3494 1086 3567 illa
1104 3495 1339 3592 praeterimus,
1355 3493 1448 3589 quod
1467 3498 1610 3588 Aposto-

385 3603 464 3680 licte
481 3608 555 3682 sedi
573 3608 779 3706 frequenter
796 3608 919 3681 datum
937 3615 991 3680 est
1005 3629 1100 3682 more
1115 3608 1301 3694 maiorum,
1314 3605 1422 3680 etiam
1440 3604 1518 3678 sine
1536 3602 1610 3676 ulla

384 3721 520 3816 synodo
537 3721 757 3818 praecedente
775 3718 991 3808 exsolvendi,
1017 3720 1109 3817 quod
1134 3719 1295 3817 synodus
1320 3718 1444 3816 iniqua
1466 3719 1609 3791 manda·

384 3841 495 3905 verat.
513 3835 560 3905 Et
576 3831 779 3920 damnandi,
797 3830 897 3904 nulla
915 3831 1090 3906 existente
1108 3831 1242 3929 synodo
1260 3855 1347 3928 quos
1364 3830 1530 3926 oportuit,
1548 3829 1608 3902 lra-

384 3943 503 4019 buerit
519 3945 739 4020 facultatem.
757 3947 898 4019 Sanctae
911 3943 1090 4018 memoriae
1107 3944 1236 4042 quippe
1250 3942 1491 4016 Athanasium
1504 3963 1609 4038 syuo

384 4057 451 4130 dus
472 4058 657 4132 orientalis
673 4059 867 4147 addixerat,
885 4081 991 4156 quem
1008 4068 1129 4131 tamen
1147 4067 1333 4152 exceptum
1352 4054 1452 4130 sedes
1476 4063 1610 4152 aposto

384 4169 454 4244 lic'a
471 4172 555 4268 quia
572 4173 792 4246 damnationi
811 4174 1019 4247 Graecorum
1037 4195 1108 4244 nou
1118 4170 1316 4257 consensit,
1334 4168 1497 4244 absolvit.
1523 4171 1610 4241 San-

327 4283 329 4287 ’
384 4291 451 4357 ctae
468 4286 646 4360 m'emoriae
671 4283 932 4359 nihilhominus
957 4285 1152 4360 Iohannem
1179 4281 1611 4379 Constantinopolitanum

384 4399 543 4494 synodus
564 4401 674 4474 etiam
690 4397 948 4475 catholicorum
966 4398 1159 4496 praesulum
1176 4407 1274 4473 certe
1289 4396 1533 4481 damnaverat,
1550 4393 1609 4469 sed

382 4509 494 4583 simili
512 4513 612 4587 modo
629 4512 736 4588 Sedes
753 4509 944 4610 apostolica
960 4509 1068 4585 etiam
1086 4508 1159 4584 sola
1172 4507 1257 4606 quia
1274 4531 1343 4582 non
1361 4505 1541 4582 consensit
1552 4505 1610 4578 ab·
