3654 5302
640 407 643 412 ¹
717 449 760 464 -
783 415 848 480 433
874 449 914 466 -

165 581 167 584 ·
196 547 319 613 stram.
337 539 457 613 Houor
474 559 560 633 ergo
574 495 645 612 Deo
658 559 729 612 non
742 537 860 628 datur,
873 537 1041 636 quoniam
1054 535 1150 612 sicut
1163 535 1227 612 Dei
1242 525 1424 632 magestas

196 663 232 728 et
249 677 401 728 censura
420 651 672 740 contemnitur,
692 661 732 724 ut
750 677 833 726 cum
852 677 890 725 se
907 650 1092 747 indignari
1110 650 1271 738 etirasci
1292 651 1426 726 sacriti-
1536 675 1540 682 ·

197 767 361 842 cantibus
379 767 485 854 dicat,
502 775 538 840 et
551 791 635 841 cum
649 789 768 862 paenas
782 775 935 840 eternas
948 765 1197 854 comminetur,
1210 775 1426 865 proponatur

196 880 384 976 sacrilegis
397 890 504 978 atque
518 879 670 966 dicetur,
683 903 728 953 ne
742 879 795 952 ira
809 878 990 974 cogitetur
1003 878 1080 966 uei,
1093 898 1161 953 uec
1174 878 1358 974 cogitetur
1372 878 1425 952 iu-

197 993 332 1069 dicium
350 994 504 1080 Domini,
520 1019 586 1070 nec
599 993 762 1091 pulsetur
778 993 823 1067 ad
836 991 1034 1067 aecclesiam
1049 990 1197 1082 Christi,
1210 993 1271 1070 sed
1284 991 1425 1068 sublata

194 1107 403 1205 penitentia,
420 1132 486 1182 nec
501 1106 576 1180 ulla
589 1105 850 1201 exhomologesi
864 1104 1030 1179 criminis
1043 1105 1139 1181 facta
1152 1105 1328 1204 despectis
1342 1105 1425 1205 Epi·

195 1221 311 1321 scopis
327 1229 433 1320 atque
450 1220 609 1310 calcatis,
626 1243 696 1318 pax
712 1244 734 1291 a
750 1220 970 1318 presbyteris
987 1219 1107 1295 verbis
1129 1219 1319 1294 fallacibus
1337 1243 1425 1317 prae·

195 1321 345 1412 dicetur.
364 1340 410 1410 Et
427 1361 471 1412 ne
489 1335 580 1436 lapsi
599 1345 765 1432 surgant,
782 1343 846 1408 aut
862 1333 948 1407 foris
964 1333 1069 1431 positi
1086 1334 1131 1408 ad
1144 1332 1343 1409 aecclesiam
1370 1357 1424 1407 re·

195 1449 313 1537 deant,
329 1449 689 1524 communicationes
704 1447 1054 1525 communicantibus
1066 1447 1244 1522 offeratur.
1258 1451 1305 1522 Et
1317 1447 1422 1522 infra.

196 1563 356 1638 Veniant
373 1563 526 1661 denique
544 1561 575 1636 si
593 1587 663 1661 qua
680 1563 735 1636 illi
749 1561 976 1638 excusatione
989 1570 1026 1637 et
1037 1561 1195 1640 defensio
1208 1570 1323 1658 potest
1334 1585 1423 1652 esse,

195 1676 381 1756 videamus
397 1701 503 1774 quem
521 1676 654 1752 habent
670 1676 925 1750 satisfactionis
943 1701 1018 1749 suaa
1034 1700 1192 1763 sensum,
1217 1698 1324 1772 quem
1341 1667 1424 1748 affe-

195 1799 277 1864 rant
294 1790 498 1887 peuiteutiae
515 1816 590 1864 sure
606 1789 777 1865 fructum.
794 1792 871 1864 Nee
888 1786 1086 1864 aecclesiam
1104 1788 1273 1884 cuiquam
1290 1785 1424 1862 claudi·

193 1913 265 1993 tur,
282 1929 348 1980 nec
365 1904 588 2002 episcopatus
605 1903 715 1979 alicui
734 1904 944 1997 denegatur.
962 1901 1142 1976 Patientia
1159 1909 1196 1976 et
1212 1899 1369 1975 facilitas
1386 1909 1423 1974 et

194 2017 401 2091 humanitas
420 2027 540 2091 nostra
557 2017 786 2108 venientibus
802 2027 931 2114 praesto
955 2026 1019 2092 est.
1044 2017 1135 2113 Opto
1160 2040 1284 2090 omncs
1309 2017 1421 2092 eccle·

194 2131 284 2205 siam
303 2130 455 2226 regredi.
473 2133 562 2228 Opto
580 2131 766 2205 universos
782 2130 1043 2206 commilitones
1059 2137 1197 2203 nostros
1211 2131 1306 2203 intra
1320 2129 1423 2205 Chri-

193 2245 239 2318 sti
258 2243 425 2332 claustra,
442 2255 478 2320 et
497 2244 562 2318 Dei
580 2244 691 2342 patris
708 2241 889 2318 domicilia
906 2242 1083 2318 concludi.
1108 2242 1264 2318 Remitto
1290 2245 1422 2333 omnia,

195 2357 310 2430 multa
327 2356 524 2448 dissimulo,
540 2357 658 2431 studio
676 2367 712 2432 et
729 2366 810 2431 voto
827 2357 1027 2454 colligenda
1044 2357 1292 2442 fraternitatis,
1310 2358 1420 2432 etiam

194 2470 330 2569 quaein
348 2472 464 2544 Deum
481 2470 672 2545 commissa
690 2481 776 2546 sunt
792 2494 863 2545 uon
881 2471 985 2568 pleno
997 2469 1129 2544 iudicio
1136 2469 1327 2566 religionis
1340 2495 1420 2546 exa·

193 2583 300 2672 mino,
313 2582 454 2658 delictis
468 2581 657 2681 plusquam
672 2594 808 2681 oportet
822 2585 1045 2660 remittendis
1054 2608 1143 2683 pene
1153 2583 1229 2682 ipse
1242 2585 1420 2684 delinquo,

192 2695 386 2794 amplector
403 2705 541 2793 promta
567 2707 602 2770 et
628 2695 733 2793 plena
757 2697 947 2774 dilectione
971 2725 1054 2774 cum
1079 2698 1278 2797 penitentia
1302 2723 1422 2774 rever·

192 2819 321 2896 tentes,
338 2819 373 2884 et
389 2819 577 2908 peecatum
595 2835 701 2883 suum
719 2811 963 2888 satisfactione
979 2811 1147 2886 humiliet
1163 2811 1318 2909 simplici
1339 2836 1420 2888 con-

192 2925 342 2999 fitentes.
361 2926 398 2998 Si
416 2925 478 3022 qui
503 2935 623 3000 autem
645 2935 731 3000 suut
748 2927 810 3024 qui
835 2933 964 3023 putant
988 2949 1026 3000 se
1052 2925 1097 2999 ad
1122 2924 1319 3000 aecelesiam
1347 2949 1419 3000 non

192 3039 356 3135 precibus
374 3039 435 3112 sed
460 3038 568 3112 minis
594 3038 733 3134 regredi
761 3062 871 3136 posse,
896 3049 961 3114 aut
986 3038 1194 3115 existimant
1215 3039 1353 3113 aditum
1380 3063 1419 3114 se

190 3152 258 3226 sibi
275 3176 346 3226 non
363 3151 678 3227 lamentationibus
694 3163 731 3228 et
748 3151 1051 3226 satisfactionibus
1068 3151 1130 3226 sod
1146 3151 1343 3226 terroribus
1368 3151 1420 3225 fa·

191 3289 281 3340 cere.
307 3269 376 3340 Pro
397 3275 493 3340 certo
517 3264 673 3339 habeant
697 3273 821 3339 contra
847 3265 906 3340 lex
933 3288 1080 3340 causam
1106 3275 1202 3339 stare
1227 3265 1416 3340 ecclesiam

191 3377 347 3464 Domini,
365 3403 431 3453 nee
448 3388 566 3452 castra
585 3377 721 3452 Christi
739 3377 877 3452 invicta
894 3387 931 3451 et
948 3375 1053 3450 fortia
1066 3386 1103 3451 et
1116 3379 1188 3451 Deo
1201 3386 1326 3453 tuente
1340 3403 1418 3451 mu·

190 3491 268 3565 nita
283 3490 390 3565 minis
407 3490 541 3566 cedere.
559 3491 729 3565 Sacerdos
747 3489 812 3564 Dei
829 3488 1061 3584 evangelium
1077 3499 1214 3578 tenens,
1230 3501 1267 3564 et
1279 3489 1417 3565 Christi

134 3623 138 3632 ’
190 3612 367 3702 praecepta
383 3602 599 3690 custodiens,
616 3601 731 3677 occidi
749 3610 872 3699 potest,
884 3623 955 3674 non
969 3609 1084 3699 potest
1099 3600 1211 3676 vinci.
1225 3601 1415 3696 Suggerit‚

190 3725 227 3790 et
244 3714 493 3790 subministrat
511 3715 612 3790 nobis
629 3715 790 3814 exempla
807 3714 955 3788 virtutis
972 3737 1016 3788 ac
1033 3713 1114 3787 fidei
1135 3712 1328 3788 Zacharias
1352 3737 1415 3786 an-

189 3829 292 3903 tistes
310 3829 387 3916 Dei,
403 3828 466 3927 qui
483 3854 567 3904 oum
584 3829 711 3904 terreri
729 3825 836 3901 minis
852 3837 889 3902 et
905 3825 1120 3923 lapidatione
1141 3849 1213 3900 uon
1230 3837 1359 3924 posset,
1376 3827 1414 3900 iu
1455 3858 1458 3864 ’

190 3939 323 4038 templo
340 3941 406 4014 Dei
423 3939 563 4016 occisus
585 3951 639 4016 est
664 3940 825 4016 clamans
851 3949 896 4014 et
911 3939 1045 4028 dicens,
1070 3940 1163 4038 quod
1186 3965 1252 4015 nos
1276 3965 1415 4039 quoque

190 4065 314 4128 contra
341 4053 528 4129 haereticos
552 4054 717 4129 dicimus.
742 4055 830 4128 Haec
853 4053 941 4129 dicit
963 4053 1147 4128 Dominus.
1165 4053 1415 4152 Dereliquistis

189 4167 269 4240 nias
288 4165 441 4255 Domini,
454 4175 491 4241 et
504 4161 677 4239 Dominus
690 4165 887 4263 dereliquid
901 4188 973 4239 vos.
986 4169 1110 4263 Neque
1123 4167 1218 4241 enim
1233 4166 1317 4265 quia
1331 4183 1415 4263 pau-

189 4279 222 4354 ci
242 4279 423 4354 temerarii
441 4277 603 4376 improbi,
622 4279 771 4355 celestes
796 4289 832 4354 et
853 4279 1029 4354 salutares
1055 4279 1133 4353 vias
1151 4280 1292 4355 Domini
1319 4281 1416 4356 dere·

188 4391 370 4490 linquunt,
387 4403 424 4466 et
440 4403 566 4468 sancta
578 4415 649 4466 non
665 4403 817 4489 agentes
834 4417 855 4465 a
873 4403 997 4468 sancto
1022 4392 1160 4492 Spiritu
1186 4393 1414 4483 deseruntur,

188 4505 266 4582 ideo
293 4516 331 4583 et
356 4530 419 4582 uos
443 4506 574 4582 diviuae
598 4505 800 4582 traditionis
824 4504 1039 4581 inmemores
1064 4528 1141 4582 esse
1164 4505 1346 4596 debemus,
1372 4515 1414 4581 ut

1212 4616 1249 4674 28
