3642 5294
885 391 1061 455 ..20-

367 519 417 590 Ut
433 513 562 589 clerus
579 521 615 586 et
631 510 792 586 Ecclesia
809 509 913 584 laicis
929 533 1000 583 non
1018 508 1236 582 subiaceant.
1255 509 1340 604 Cap.
1357 510 1466 581 LIIII.

368 627 473 702 Utin
490 630 648 700 Romana
665 623 826 699 Ecclesia
851 623 1036 696 ordinatus
1060 622 1141 695 aliae
1165 621 1327 696 ecclesiae
1350 645 1420 694 non
1447 621 1587 696 militet.

442 741 527 838 Cap.
545 741 684 814 CLVII.
702 739 740 810 in
758 737 817 812 lib.
834 741 877 810 I.⁰
1563 839 1565 842 Ι

368 855 420 928 De
436 853 494 926 his
511 853 573 949 qui
590 851 860 926 transferuntur
877 851 921 924 ab
939 849 1091 925 ecclesia
1108 849 1147 922 in
1163 848 1271 922 aliam
1290 847 1489 923 ecclesiam.
1503 848 1586 947 Cap.

440 971 521 1040 VII.

368 1081 421 1153 De
438 1078 638 1153 forensibus
655 1077 806 1153 clericis.
825 1077 1001 1174 Capitula.
1018 1076 1160 1150 Eodem.

369 1194 420 1268 De
437 1191 699 1267 oblocutoribus
715 1192 948 1267 sacerdotum.
965 1192 1049 1286 Cap.
1067 1191 1106 1264 C.
1123 1190 1161 1262 in
1184 1189 1243 1263 lib.
1256 1191 1324 1262 ΙΗο
1343 1213 1418 1286 cap.
1435 1192 1587 1264 XXXII.

442 1307 480 1378 in
499 1307 585 1380 ΙΙΙΙο
602 1331 677 1404 cap.
695 1307 817 1380 CLVI.

372 1419 534 1505 Qualiter
552 1419 748 1516 Episcopus
765 1419 913 1494 clericos
938 1442 1020 1493 suos
1045 1420 1222 1516 corripere
1246 1419 1380 1493 debeat.
1405 1419 1490 1516 Cap.
1514 1422 1587 1492 XL.

443 1534 771 1614 LXVIIICVIIII.

372 1649 425 1723 De
438 1648 654 1746 Presbytero
667 1657 703 1722 et
716 1647 872 1723 Diacono
885 1657 1134 1723 contemnente
1146 1647 1361 1745 Episcopum
1378 1671 1494 1720 suum.
1506 1647 1589 1743 Cap.

423 1763 540 1835 VIIII.
557 1771 593 1836 et
609 1764 690 1836 XII.

372 1875 424 1948 De
448 1875 556 1949 tertia
582 1875 767 1950 vocatione
792 1874 999 1973 Presbyteri
1025 1882 1109 1947 ante
1134 1871 1213 1947 eius
1244 1871 1481 1946 remotionem.
1506 1871 1589 1968 Cap.

443 1989 525 2062 XII.
542 1990 659 2062 XXII.
676 1991 840 2062 XLVIII.

371 2100 473 2187 Quod
489 2101 623 2198 absque
641 2102 895 2200 Episcoporum
912 2100 1076 2188 concili0,
1093 2097 1295 2174 Cardinalis
1308 2097 1415 2171 Urbis
1427 2100 1524 2172 Rom.
1538 2121 1590 2171 re·

443 2214 577 2288 moveri
594 2237 666 2289 non
683 2215 794 2289 debet.
813 2215 897 2312 Cap.
914 2213 1078 2288 XLVIII.
1095 2212 1297 2285 LXXXIII.
1314 2210 1462 2284 CXXV.

370 2328 423 2401 De
440 2327 709 2402 accusatoribus
726 2338 762 2403 et
778 2329 958 2404 accusatis
981 2337 1017 2400 et
1041 2323 1297 2410 defensoribus,
1322 2331 1358 2395 at
1381 2345 1529 2396 numero
1553 2329 1590 2395 et

442 2440 615 2537 qualitate
627 2441 785 2515 testium.
799 2441 883 2539 Cap.
896 2442 1050 2514 XXXII.
1063 2441 1227 2513 LXXXI.
1241 2437 1279 2508 in
1296 2435 1356 2509 lib.
1369 2437 1454 2509 IIII⁰
1469 2436 1589 2510 CLVI.

370 2555 423 2628 De
439 2552 619 2628 indicibus
636 2564 672 2630 et
688 2555 861 2653 qualitate
878 2553 1015 2643 iudicii,
1032 2553 1071 2626 in
1089 2553 1121 2626 1⁰
1139 2551 1199 2626 lib.
1216 2575 1292 2648 cap.
1310 2552 1445 2624 XVIII.
1461 2549 1499 2621 in
1521 2551 1589 2622 III⁰

369 2781 421 2855 Do
434 2782 642 2879 presbytero
654 2791 690 2857 et
698 2782 844 2859 diacono
855 2780 1059 2879 segregatis
1072 2780 1117 2854 ab
1126 2779 1299 2877 Episcopo
1307 2800 1380 2852 suo.
1391 2777 1475 2874 Cap.
1488 2780 1588 2851 VIII.

440 2902 477 2968 ct
493 2896 556 2968 XI.
574 2903 610 2969 et
626 2897 744 2970 XXII.
760 2897 799 2968 in
816 2896 876 2970 lib.
893 2899 979 2970 ΙΙΙΙο
997 2921 1075 2994 cap.
1092 2897 1238 2970 XLVII.

367 3006 468 3094 Quod
484 3031 668 3083 successor
684 3007 880 3106 Episcopus
896 3035 917 3084 a
934 3011 1116 3086 decessore
1134 3031 1198 3083 suo
1215 3017 1391 3082 remotum
1408 3015 1445 3082 et
1458 3005 1586 3104 recipit

443 3129 479 3195 ct
496 3120 670 3218 provehit.
688 3123 773 3220 Cap.
789 3125 853 3196 XI.
871 3123 1036 3198 CXXIII.
1077 3115 1081 3121 ’

452 3383 687 3502 Enplr'cinnt
705 3397 883 3502 capitulo
901 3397 999 3481 libri
1017 3399 1064 3481 H.
1224 3397 1428 3500 Incipiunt
1446 3397 1509 3478 III.

369 3691 464 3778 Quid
479 3691 553 3766 sint
569 3716 625 3766 res
641 3691 811 3766 ecclesiae.
829 3690 996 3788 Capitula
1013 3694 1149 3768 XXXI.

371 3806 422 3880 De
439 3805 497 3878 his
521 3805 583 3903 qui
607 3805 801 3880 oblationes
825 3794 986 3881 ecclesiae
1011 3808 1197 3905 accipiunt
1221 3817 1350 3905 praeter
1376 3808 1591 3907 Episcopum

443 3919 503 3994 vel
517 3944 602 3994 eum
619 3919 724 3994 cuius
742 3919 901 3995 interest.
918 3921 1003 4014 Cap.
1019 3921 1147 3995 XLIII.

370 4035 424 4108 De
440 4032 641 4129 raptoribus
658 4031 697 4105 in
714 4033 796 4105 aliis
812 4035 973 4109 terroriis
991 4033 1070 4134 (sic)
1088 4033 1320 4108 morantibus
1339 4033 1423 4129 Cap.
1440 4029 1512 4106 eod.

371 4144 422 4219 De
439 4143 498 4218 his
513 4145 575 4241 qni
592 4144 659 4218 sub
675 4144 860 4220 occasione
877 4169 1074 4245 pauperum
1090 4146 1274 4244 accipiunt
1282 4144 1431 4220 'easdem
1448 4139 1593 4218 oblatio-

443 4279 517 4330 nes.
534 4255 618 4352 Cap.
635 4256 766 4330 eodem.

370 4369 460 4441 Item
485 4368 527 4443 de
551 4369 760 4466 accipiente,
784 4370 903 4460 dante,
927 4371 1140 4468 possidente,
1165 4369 1336 4466 rapiente.
1353 4368 1438 4464 Cap.
1455 4365 1528 4440 eod.
1553 4371 1590 4438 et

444 4484 615 4576 XXVIII.
631 4491 668 4556 ct
684 4484 820 4556 XXXI.
837 4491 872 4557 et
889 4486 1042 4582 XXXII.
1059 4493 1096 4557 et
1112 4484 1284 4556 XXXIII.
