3638 5294
741 405 938 468 -511-

227 551 281 602 no.
298 529 387 602 Item
405 549 475 600 non
494 525 593 600 misit
611 526 677 600 iste
695 527 806 598 Lazar
818 527 859 597 R.
872 532 913 597 nt
925 521 1176 622 depositionem
1191 521 1448 620 quam-*iniuste

227 641 362 716 fecerat
378 641 614 716 confirmaret.
632 643 673 713 In
691 639 752 712 illo
777 637 929 712 iudicem
957 635 1089 733 recepit
1107 639 1300 710 Romanam
1327 634 1452 741 aeccle·

228 755 318 827 siam
332 764 367 830 et
379 755 479 829 modo
492 779 561 829 non
576 755 712 852 recipit.
721 756 812 827 Item
826 751 1044 848 Apoorisarii
1058 751 1234 826 dixerunt.
1245 754 1362 836 Quare
1375 772 1449 823 non

227 867 356 965 recipis
373 892 436 942 nos
452 893 536 944 cum
555 867 696 941 miseris
713 867 758 938 ad
771 863 1005 940 Benedictum
1024 868 1157 960 Papam
1184 863 1370 960 requirens
1396 885 1448 936 ro·

227 1004 374 1053 manum
391 979 577 1054 iudicium.
593 979 760 1074 Ignatius
776 977 875 1051 dixit.
889 977 991 1052 Sicut
1004 976 1073 1050 ivit
1087 975 1221 1050 Paulus
1239 985 1276 1050 ct
1292 975 1450 1049 Athana·

228 1092 304 1166 sius
313 1097 459 1168 Romam
469 1105 504 1169 et
513 1093 661 1168 iudicati
675 1103 770 1178 sunt,
784 1090 812 1164 si
824 1091 1041 1164 invenissem
1054 1112 1121 1184 ego
1134 1088 1288 1164 alterum
1302 1087 1448 1176 Iulium,

136 1243 139 1248 ·
228 1207 406 1281 venissem
420 1207 544 1303 utique
557 1205 782 1280 etiudicarer
798 1203 844 1277 ab
856 1227 905 1278 eo.
922 1202 1141 1300 Apoorisarii
1155 1202 1332 1276 dixerunt.
1343 1201 1381 1274 Si
1392 1224 1452 1274 vo-

229 1318 495 1393 IuerisRomam
505 1319 628 1393 venire
642 1317 933 1412 inveniesgratia
946 1317 1010 1390 Dei
1024 1315 1180 1390 alterum
1197 1314 1342 1388 Iulium.
1357 1318 1447 1389 Item

229 1433 424 1528 Imperator
433 1432 535 1506 dixit.
544 1435 622 1528 Ego
635 1455 698 1506 ros
712 1430 847 1504 indices
860 1427 946 1502 abeo
959 1437 996 1502 et
1017 1427 1132 1502 omnis
1145 1426 1298 1502 ecclesia
1311 1425 1451 1502 iudices

229 1567 291 1617 vos
308 1553 343 1617 et
359 1545 626 1620 sanctissimum
645 1548 777 1642 Papam
797 1539 932 1636 recipit.
946 1542 1037 1614 Item
1050 1539 1186 1613 Bendas
1208 1539 1382 1634 patricius
1399 1539 1449 1612 di-

227 1656 289 1730 xit.
306 1659 469 1755 Preoepit
485 1683 548 1732 nos
565 1659 682 1733 dicere
699 1667 845 1732 sanctus
870 1655 1071 1750 imperator,
1097 1653 1265 1750 quoniam
1290 1676 1358 1748 ego
1384 1676 1451 1726 vos

230 1770 366 1874 iudices
380 1771 450 1846 reci
454 1772 510 1868 pio
519 1781 554 1847 et
563 1795 685 1846 omnes
698 1768 850 1869 episcopi
864 1777 900 1842 et
913 1767 1110 1842 sacerdotes
1124 1765 1308 1863 potestatis
1318 1776 1448 1854 nostre,

228 1893 263 1957 et
279 1884 451 1978 gloriosos
471 1893 713 1980 magnates‚et
725 1884 778 1959 sie
795 1883 968 1958 habemus
985 1905 1048 1954 vos
1061 1881 1156 1955 sient
1169 1905 1250 1954 enm
1265 1881 1327 1978 qui
1347 1881 1447 1953 misit

229 2017 293 2067 vos
309 1995 476 2091 quoniam
491 1995 552 2080 illle
565 1996 780 2092 dignitatem
798 2005 835 2070 et
852 2006 1062 2094 potestatem
1075 1995 1172 2070 dedit
1185 1995 1406 2092 vobisquesi
1422 1995 1452 2068 si

232 2108 307 2203 ipse
325 2107 372 2181 sit
388 2133 534 2204 presens
551 2109 603 2185 sic
620 2133 684 2184 nos
701 2119 948 2206 computamus
962 2120 997 2185 et
1009 2108 1219 2206 excipimus.
1233 2108 1452 2207 Apoorisarii

211 2215 412 2295 ‘dixerunt
430 2224 575 2296 Gratias
591 2224 736 2319 agimus
750 2227 822 2298 Deo
835 2223 919 2320 quia
937 2222 1128 2318 imperator
1145 2229 1180 2294 et
1197 2243 1260 2293 vos
1277 2229 1313 2294 et
1330 2243 1452 2296 omnes

231 2333 455 2409 venerabiles
472 2334 624 2431 episcopi
644 2335 822 2430 recipiunt
839 2357 902 2408 nos
920 2334 1055 2408 indices
1072 2341 1108 2408 et
1120 2332 1454 2429 dominomPapam.

230 2446 321 2518 Item
332 2446 549 2542 Apocrisarii
568 2447 736 2522 dixerunt
749 2447 793 2521 ad
806 2448 994 2544 episcopos.
1004 2444 1176 2544 Recipitis
1190 2468 1254 2518 nos
1266 2455 1302 2519 et
1315 2445 1375 2541 qui
1391 2445 1456 2516 mi-

234 2555 282 2629 sit
294 2579 358 2630 nos
376 2561 481 2654 Papa.
496 2559 660 2656 Episcopi
678 2559 855 2633 dixerunt.
869 2559 1075 2657 Recipimus
1089 2581 1152 2632 vos
1170 2569 1301 2632 etcum
1315 2558 1375 2654 qui
1392 2557 1455 2630 mi-

231 2667 278 2741 sit
290 2692 364 2756 vos,
377 2679 413 2743 et
425 2669 638 2766 interrogati
656 2671 771 2760 tertio,
789 2672 1055 2770 responderunt.
1069 2671 1286 2768 Recipimus.
1302 2674 1391 2746 Item
1409 2679 1455 2745 Α·

231 2782 415 2878 pocrisarii
429 2782 605 2858 dixerunt.
615 2785 778 2859 Iudioare
797 2795 833 2858 et
845 2785 875 2857 si
890 2794 987 2880 potes
1002 2783 1158 2880 recipere
1171 2783 1337 2857 thronum
1349 2794 1453 2858 tuum

232 2894 358 2990 recipe.
374 2896 412 2968 Si
430 2919 515 2972 vero
532 2921 601 2970 non
620 2906 716 2994 potes
735 2897 865 2972 recede.
886 2897 1052 2994 Ignatius
1073 2897 1171 2971 dixit.
1189 2898 1340 2971 Potestis
1365 2898 1453 2971 mihi

143 3009 145 3013 ’
234 3005 379 3080 reddere
404 3006 549 3082 ullum?
573 3009 790 3114 Apocrisarii
816 3010 994 3086 dixerunt.
1019 3011 1058 3084 Si
1085 3011 1256 3085 rationem
1283 3011 1393 3086 habes
1416 3013 1453 3085 in

230 3119 306 3192 vita
317 3121 510 3216 Apostolici
528 3131 564 3196 et
580 3123 804 3221 imperatoris
817 3148 1001 3223 praesume.

746 3309 838 3362 Actio
858 3311 930 3360 1111.

329 3456 466 3533 Paulus
479 3459 665 3557 episcopus
674 3461 834 3536 Cesarea
848 3461 1066 3558 Cappadocis
1080 3462 1179 3538 dixit.
1188 3463 1410 3560 Apostolicns
1419 3474 1454 3538 et

231 3569 449 3646 universalis
468 3575 563 3670 Papa
581 3573 678 3648 misit
697 3597 759 3649 vos
776 3573 912 3648 iudices
930 3574 975 3648 ad
992 3574 1109 3649 locum
1131 3576 1253 3664 istum,
1271 3586 1312 3648 ut
1336 3576 1452 3673 inqui-

234 3681 322 3756 ratis
340 3683 523 3778 negotium
542 3686 688 3780 Ignatii,
706 3695 741 3760 et
757 3685 909 3762 ecclesia
927 3689 1062 3784 recepit
1079 3712 1143 3763 vos
1160 3689 1358 3762 secundum
1376 3715 1455 3764 ver-

232 3794 316 3868 bum
334 3796 490 3885 illius‚et
506 3821 576 3873 non
595 3799 806 3874 contradicit
822 3801 863 3874 de
878 3801 1107 3876 renovatione
1120 3800 1244 3876 indicii
1262 3799 1351 3875 eius.
1363 3803 1453 3876 Item

232 3906 403 3981 Zacharia
416 3909 611 4009 episcopus.
622 3913 699 4005 Ego
712 3911 794 3984 veni
805 3914 951 3985 Romam
961 3921 997 3986 et
1010 3911 1204 3987 reclamavi
1219 3911 1454 4009 apudsancti·

231 4027 342 4093 tatem
353 4021 743 4118 Papae,qnodlgnatius
760 4023 837 4098 siue
850 4025 1022 4100 electione
1035 4025 1186 4099 intravit
1199 4024 1237 4097 in
1251 4024 1452 4099 eeclesiam

116 4143 119 4148 '
235 4141 272 4204 et
295 4132 401 4206 eiecit
418 4134 620 4230 episcopum
639 4137 922 4230 Syracusanum,
939 4147 975 4212 et
992 4137 1080 4212 alios
1097 4139 1185 4213 duos
1209 4137 1295 4215 fecit
1319 4161 1381 4236 pro
1405 4162 1454 4214 eo.

234 4244 321 4316 Item
341 4244 508 4340 Synodus
526 4245 625 4319 dixit.
644 4245 776 4321 Omnes
793 4248 959 4322 novimus
976 4250 1142 4347 quoniam
1166 4251 1243 4326 siue
1261 4275 1369 4324 eausa
1387 4252 1455 4327 eie-

232 4356 283 4428 cit
300 4357 480 4454 episcopos
496 4359 581 4432 istos
595 4359 771 4454 Ignauiam,
788 4372 824 4434 et
839 4361 928 4435 alios
945 4362 1030 4436 l'eeit
1047 4362 1086 4435 in
1105 4363 1191 4437 locis
1212 4386 1346 4438 eornm.
1364 4369 1456 4462 Apo-

232 4469 373 4544 crisarii
392 4469 569 4544 dixerunt.
588 4470 761 4557 Quoniam
781 4472 948 4566 Ignatius
961 4473 1098 4547 nullam
1113 4499 1257 4549 causam
1272 4475 1454 4551 ostendere
