3582 5288
710 402 908 466 -ll'l-

198 525 311 597 vitute
335 521 407 596 tale
424 523 560 621 aliquid
577 548 661 598 cum
678 547 745 598 sua
762 523 981 599 conscientia
1002 526 1281 624 presumpsisse.
1298 531 1373 604 Nec
1390 530 1422 602 si

197 644 413 734 temptatum
442 634 571 711 suisset
592 661 637 710 ex
660 636 798 711 furtiva
823 636 1056 734 usurpatione
1077 637 1145 712 sibi
1173 637 1421 736 praeiudicium

196 747 376 844 generari.
402 747 471 822 Sed
488 747 597 823 etium
614 747 645 822 si
662 747 700 822 in
722 747 880 846 qualibet
900 751 1051 828 ecclesia
1071 752 1138 829 hoo
1164 764 1420 854 praesumptum

195 861 317 950 fuerit,
334 869 502 936 usserunt
523 862 782 936 emendandum
806 863 891 962 quia
912 889 983 938 non
1003 866 1184 941 concessio
1200 875 1255 942 est
1271 868 1431 942 Romani

195 975 391 1064 Pontificis,
408 973 469 1050 sed
487 975 560 1050 sola
578 975 800 1074 surreptione
818 977 1046 1074 presumitur.

703 1202 906 1288 onxvssu.

287 1430 1415 1530 GregoriusRomenoDefensori.Perlatumadnosestreveren·

189 1547 373 1621 tissimum
398 1546 545 1621 fretrem
563 1553 724 1620 nostrum
743 1545 917 1620 Basilium
934 1545 1150 1644 Episcopum
1175 1545 1414 1628 veludunum

190 1659 234 1734 de
249 1659 354 1734 laicis
370 1658 408 1732 in
426 1658 546 1734 causis
562 1658 785 1734 secularibus
801 1659 980 1757 occupari,
996 1669 1033 1735 et
1045 1659 1218 1758 pretoriis
1234 1659 1413 1736 inutiliter

189 1773 388 1848 observare.
405 1777 494 1861 Qnae
516 1797 572 1847 res
592 1796 703 1870 quum
729 1780 765 1846 et
784 1774 902 1870 ipsum
914 1773 1024 1848 vilem
1046 1774 1172 1864 reddit,
1194 1782 1231 1848 et
1244 1799 1410 1850 reveren·

190 1887 276 1962 tiam
300 1887 555 1964 sacerdotalem
572 1885 782 1975 annichilat
804 1887 926 1961 statim
952 1900 993 1962 ut
1018 1888 1237 1987 experientia
1261 1899 1325 1963 tuo
1346 1888 1413 1965 hoc

188 2013 405 2100 praeceptum
423 2001 632 2100 susceperit,
648 2025 731 2075 eum
748 2001 800 2075 ite
816 2001 861 2075 ad
883 2002 1134 2077 revertendum
1152 2001 1316 2078 districta
1334 2027 1412 2078 exe·

191 2118 335 2192 cutione
352 2115 553 2213 compellat,
570 2125 748 2212 quatenus
760 2113 793 2189 ei
806 2113 882 2189 illic
895 2125 930 2189 te
947 2115 1144 2204 insistente,
1157 2119 1191 2188 V
1204 2114 1328 2190 diebus
1344 2116 1412 2192 sub

187 2231 347 2330 quelibet
362 2227 794 2304 excusatione-immorari
812 2251 882 2302 non
900 2228 1017 2314 liceat,
1035 2253 1081 2303 ne
1105 2229 1135 2303 si
1153 2230 1412 2327 quomodolibet

186 2369 268 2419 eum
286 2343 415 2418 ibidem
433 2341 589 2439 amplius
607 2363 741 2413 moram
759 2339 888 2417 habere
902 2341 1117 2439 permiseris,
1130 2369 1212 2419 cum
1228 2343 1303 2442 ipso
1314 2346 1408 2442 opud

187 2481 249 2532 nos
267 2457 420 2554 incipias
436 2455 600 2552 graviter
617 2478 693 2528 esse
710 2453 909 2551 culpabilis.

732 2681 860 2767 CLXX.

255 2913 454 3011 Gregorius
471 2911 625 2988 Athenio
639 2911 870 2987 Subdiacono.
883 2911 1054 2987 Pervenit
1065 2913 1111 2987 ad
1123 2935 1187 2987 nos
1199 2913 1404 2989 Pimenium

183 3028 401 3104 Amalfitane
425 3027 585 3104 civitatis
611 3026 826 3125 Episcopum
843 3025 881 3100 in
898 3025 1050 3102 eeclesia
1066 3052 1132 3101 sua
1158 3027 1312 3104 residere
1333 3051 1405 3104 non

182 3167 259 3217 esse
284 3150 503 3231 contentum,
525 3141 585 3216 sed
602 3140 688 3216 foris
705 3165 767 3238 per
794 3139 872 3214 loca
896 3139 1038 3215 diversa
1063 3139 1201 3236 vagari.
1226 3143 1274 3215 Et
1298 3140 1404 3216 infra.

180 3255 316 3332 Iccirco
328 3254 396 3330 hac
408 3254 473 3329 tibi
486 3254 699 3329 auctoritate
713 3253 950 3352 praecipimus,
960 3252 1131 3352 quatinus
1143 3253 1210 3330 hoc
1219 3253 1262 3328 de
1275 3263 1404 3331 caetero

180 3369 297 3445 facere
314 3391 384 3442 non
406 3377 610 3465 praesumat,
635 3367 695 3442 sed
713 3366 751 3440 in
768 3366 918 3442 ecclesia
935 3391 1001 3440 sua
1013 3365 1224 3441 sacerdotali
1241 3389 1336 3442 more
1351 3393 1403 3444 re-

180 3483 303 3558 sideat.
328 3485 441 3570 Quem
460 3482 490 3555 si
515 3481 606 3556 forto
622 3505 692 3556 nou
717 3479 905 3555 emendare
923 3488 1000 3577 post
1025 3490 1124 3553 tuam
1143 3479 1402 3556 interminatio·

178 3619 260 3671 nem
280 3595 491 3692 cognoveris
508 3595 545 3668 in
564 3593 817 3670 monasterium
836 3593 999 3669 eumdem
1017 3602 1154 3690 putare,
1171 3605 1206 3668 et
1222 3591 1324 3668 nobis
1341 3619 1402 3669 cu·

180 3710 276 3784 rabis
300 3709 412 3783 modis
436 3707 602 3783 omnibus
618 3707 779 3783 iudicare
804 3717 844 3782 ut
873 3707 959 3807 quid
983 3707 1102 3783 facere
1126 3706 1253 3784 debeas
1278 3717 1436 3804 nostra,

177 3823 264 3900 item
283 3823 507 3922 preceptione
525 3845 730 3920 cognosces.

665 4047 832 4140 otxxll,
853 4046 930 4145 (sic)

270 4269 445 4365 Gregorio
455 4268 621 4344 Athemio
634 4267 857 4343 Subdiucono
867 4268 1083 4366 Campanis.
1096 4266 1268 4344 Pervenit
1276 4267 1322 4342 ad
1331 4291 1395 4343 nos

174 4381 322 4457 fratrem
338 4391 375 4458 et
390 4383 635 4481 coepiscopum
660 4391 821 4458 nostrum
847 4382 1082 4459 Paschasium
1104 4383 1156 4456 ite
1176 4380 1332 4456 desidem
1358 4391 1396 4458 et

176 4495 429 4594 neglegentem
447 4497 486 4572 in
503 4497 645 4573 cunctis
661 4495 814 4575 existere
828 4507 868 4574 ut
880 4498 918 4574 iu
931 4497 1031 4576 nullo
1043 4497 1129 4597 quia
1141 4505 1196 4574 est
1207 4496 1394 4596 episcopus
