3618 5316
700 429 738 446 -
764 399 826 466 291
855 433 897 448 -·

193 542 250 596 ros
275 518 435 596 civitatis
453 519 688 596 salernitane
706 521 802 596 intra
822 520 1074 598 monasterium
1093 545 1197 596 suum
1216 520 1411 596 oratorium

194 659 232 709 se
251 658 317 734 pro
329 660 395 709 sua
407 635 592 711 devotione
609 635 789 727 fundasse,
806 636 898 734 quod
915 635 952 710 in
970 635 1102 710 honore
1119 633 1302 710 beatorum
1319 661 1412 711 mar-

196 756 322 847 tyrum
349 747 555 825 Chrisanoti
577 759 613 825 et
638 750 755 824 Dariae
777 749 954 826 desiderat
979 751 1190 826 consecrari.
1207 753 1253 826 Et
1277 749 1355 825 ideo
1380 749 1411 824 si

186 862 336 938 ¹nullum
361 887 490 961 corpus
514 863 646 940 ibidem
669 872 809 940 constat
830 865 1032 955 humatum,
1057 864 1267 964 praedictum
1293 887 1412 939 mona·

193 976 343 1051 sterium
360 976 494 1075 absque
520 976 638 1052 missis
666 977 819 1075 publicis
844 980 1087 1080 sollempniter
1111 981 1335 1058 consecrabis
1359 979 1410 1054 ita

191 1098 311 1167 tamen
327 1099 369 1166 ut
385 1091 415 1166 si
440 1117 524 1166 cum
548 1091 648 1167 dator
674 1093 865 1190 praedictus
891 1094 1018 1170 missas
1047 1094 1178 1170 ibidem
1209 1094 1286 1170 fieri
1316 1095 1407 1170 forte

192 1202 369 1294 maluerit,
386 1228 407 1276 a
432 1203 620 1289 dilectione
638 1214 701 1280 tua
718 1207 970 1306 presbyterum
988 1207 1128 1283 noverit
1145 1206 1409 1305 postulandum.

192 1317 367 1394 Similiter
384 1319 557 1416 Gregorio
573 1323 755 1396 Benenato
771 1321 1029 1400 Tindarithano
1046 1324 1208 1424 episcopo
1232 1332 1269 1400 et
1287 1325 1408 1398 Fortu-

196 1441 279 1507 nato
295 1432 538 1533 Neapolitano

731 1579 874 1666 ovilli.

292 1776 464 1874 Pelagius
472 1777 613 1854 Iuliano
624 1778 786 1879 episcopo
796 1778 1010 1875 Cingulano.
1020 1779 1170 1856 Constat
1186 1755 1410 1856 dilectionem

193 1900 293 1966 tuam
311 1891 477 1969 intulisse
495 1892 691 1967 rationibus
708 1893 877 1968 ecclesis
894 1918 938 1968 ex
962 1894 1187 1991 praestatione
1211 1919 1411 1969 massarum

192 2003 269 2080 sive
286 2005 480 2080 fundarum
506 2029 569 2104 per
585 2009 773 2104 Pyccnum
800 2007 897 2082 ultra
914 2010 967 2081 XI
985 2007 1179 2106 positorum
1205 2009 1298 2107 quod
1315 2034 1412 2085 curae

192 2125 264 2192 tuae
281 2120 509 2194 commissum
528 2129 593 2210 est,
610 2119 737 2196 deinde
754 2124 825 2195 VII
842 2121 915 2196 filio
940 2132 1059 2197 nostro
1077 2123 1268 2198 Anastasio
1283 2147 1414 2220 argen-

193 2234 285 2308 tario
302 2244 338 2309 et
355 2233 505 2308 Arcario
522 2232 693 2310 acclesiae
710 2243 840 2310 nostrae
856 2235 936 2309 auri
955 2235 1083 2310 solidos
1099 2270 1118 2307 o
1137 2236 1269 2312 Notavi
1286 2237 1342 2312 die
1359 2239 1411 2311 ΙΙΙ

194 2345 266 2422 kal.
284 2347 371 2422 Maii
390 2356 468 2445 post
485 2347 711 2423 consulatum
729 2347 856 2426 Basilii
874 2349 944 2423 viri
961 2349 1165 2428 clarissimi.

767 2517 836 2600 ΟΧ.

292 2687 464 2786 Pelagius
481 2686 640 2763 Dulcitio
655 2687 842 2780 defensori,
856 2699 933 2788 post
946 2691 1108 2789 quedam.
1123 2695 1291 2768 Preteraa
1310 2693 1412 2766 ratio

197 2829 261 2879 nes
278 2803 379 2878 nobis
396 2802 516 2878 nescio
533 2827 621 2901 quas
637 2826 836 2898 graecorum
856 2829 952 2880 more
970 2807 1111 2883 fucatas
1127 2807 1170 2882 de
1185 2809 1235 2880 VI
1252 2807 1412 2883 indictio·

192 2944 248 3008 ne,
265 2918 494 3016 pensionibus
519 2917 691 2993 direxisti.
709 2919 921 3014 suggerens
947 2928 982 2993 te
1012 2941 1073 3018 pro
1089 2921 1118 2994 L
1134 2917 1255 2994 solidis
1284 2928 1321 2994 et
1349 2941 1412 3016 pro

193 3031 275 3108 aliis
292 3035 390 3107 LXa
408 3031 555 3108 diacono
572 3031 719 3123 Variae,
736 3041 773 3107 ct
788 3030 910 3106 nescio
927 3054 996 3129 quo
1012 3031 1083 3107 alio
1099 3057 1200 3108 casas
1218 3031 1413 3130 recolligis-

193 3171 241 3221 sc.
259 3150 305 3222 Et
322 3171 404 3222 curn
422 3145 489 3220 tibi
506 3144 636 3220 cotidie
654 3145 740 3222 hinc
756 3155 792 3222 et
809 3145 891 3222 inde
908 3156 1118 3222 accrescant
1134 3147 1277 3245 praedia,
1293 3157 1335 3223 tu
1352 3170 1411 3222 no

193 3260 248 3336 bis
265 3260 308 3334 de
333 3257 561 3358 pensionibus
584 3258 775 3355 angustias
799 3284 963 3357 generas.
980 3264 1061 3336 Non
1088 3261 1150 3336 tibi
1168 3261 1303 3338 sufficit
1318 3263 1410 3360 quod

193 3382 228 3448 te
241 3397 263 3446 a
275 3371 423 3447 notariis
436 3381 473 3447 et
484 3371 565 3446 aliis
578 3371 731 3446 divorsis
744 3373 870 3449 officiis
883 3398 928 3449 ne
941 3373 1124 3448 commode
1137 3373 1303 3470 exigeris,
1313 3374 1411 3449 iuxta

195 3485 346 3562 liberare
364 3486 556 3585 potuimus,
572 3494 614 3561 ut
631 3486 676 3561 od
692 3495 870 3562 summam
883 3512 927 3562 ac
945 3486 1042 3560 viam
1056 3486 1235 3585 quod-non
1252 3486 1411 3562 vidimus

192 3624 308 3699 neque
324 3600 523 3702 accipimus
539 3610 575 3677 te
592 3599 758 3703 implesse
774 3600 926 3678 steteris.

755 3768 843 3853 cxl.

289 3939 462 4038 Pelagius
478 3941 563 4016 Viro
588 3940 763 4017 defensori
788 3941 885 4016 inter
910 3949 1037 4016 cetera.
1054 3941 1205 4040 Ideoque
1229 3941 1293 4016 tibi
1323 3967 1411 4041 prae-

193 4055 287 4132 senti
301 4055 458 4132 iussione
472 4056 685 4130 mandamus
699 4065 741 4131 ut
754 4079 879 4131 curam
894 4054 1007 4153 ipsius
1021 4053 1222 4154 patrimonii
1237 4079 1409 4154 peragere

194 4194 264 4245 non
289 4169 443 4246 omittas.
462 4170 587 4248 Sciens
609 4170 700 4269 quod
718 4193 782 4246 nos
800 4169 962 4244 etaiam
980 4179 1016 4243 et
1033 4168 1234 4267 relinquam
1252 4173 1305 4244 VI
1321 4169 1411 4244 indi·

193 4283 347 4359 ctionem
365 4297 401 4359 et
417 4307 539 4358 omnes
556 4283 786 4381 singularum
800 4284 967 4382 deinceps
980 4282 1214 4358 indictionum
1230 4285 1412 4360 aVIIexi-

192 4419 322 4492 gemus
347 4397 609 4496 pensiones-Ut
634 4400 831 4474 secundum
858 4413 992 4473 morem
1009 4407 1045 4472 et
1062 4398 1206 4473 emittas
1223 4399 1260 4471 in
1279 4398 1411 4474 scrinio

193 4511 407 4603 cautionem,
423 4521 459 4588 et
476 4512 618 4588 brevem
636 4511 794 4588 eiusdem
813 4511 1017 4611 patrimonii
1036 4511 1148 4612 possis
1166 4512 1338 4613 accipere.
