3646 5292
979 561 1050 646 ox.
1168 519 1178 540 ’

752 765 908 821 Eiusdem
928 777 1029 833 super
1046 765 1259 820 Matthaeum.

496 929 756 1027 Qvoncumque
765 925 938 1025 ligaveris
947 937 1206 1028 superterram,
1215 925 1447 1024 eritligatum
1460 935 1497 1002 et
1506 926 1542 1000 in
1557 951 1620 1002 cm

400 1031 457 1115 lis.
474 1043 520 1116 Et
535 1049 675 1116 caetera.
691 1043 806 1116 Istum
823 1041 940 1118 locum
958 1042 1111 1143 episcopi
1129 1053 1165 1120 et
1181 1042 1381 1141 presbyteri
1397 1063 1469 1116 non
1493 1039 1624 1115 intelli·

401 1163 529 1251 gentes
545 1154 681 1254 aliquid
697 1155 765 1230 sibi
782 1156 825 1232 de
842 1156 1087 1255 phariseorum
1104 1167 1295 1233 assumunt
1319 1154 1564 1254 supercilium,
1582 1163 1623 1229 ut

399 1267 458 1346 vel
471 1268 641 1344 damnent
658 1268 878 1360 innocentes,
887 1269 946 1346 vel
958 1270 1097 1348 solvere
1110 1297 1149 1347 se
1162 1270 1284 1346 noxios
1296 1269 1530 1358 arbitrentur,
1538 1292 1622 1344 eum

400 1382 496 1480 apud
512 1385 627 1460 Deum
645 1406 716 1461 non
734 1384 912 1460 sententia
929 1385 1164 1474 sacerdotum,
1182 1384 1244 1460 sed
1257 1407 1397 1460 reorum
1410 1381 1487 1457 uita
1500 1406 1625 1480 quera-

402 1507 474 1568 tur.
490 1496 538 1569 Et
554 1495 659 1594 paulo
675 1504 761 1593 post.
779 1495 920 1592 Alligat
937 1497 996 1572 vel
1015 1497 1129 1574 solum
1156 1496 1342 1596 episcopus
1366 1505 1403 1570 et
1426 1494 1624 1594 presbyter,

402 1609 474 1683 nen
491 1609 629 1708 eosqui
646 1608 804 1686 insontes
821 1609 983 1687 suntvel
1008 1609 1117 1701 noxii,
1143 1609 1204 1684 sed
1229 1633 1291 1708 pro
1314 1609 1429 1686 officio
1452 1630 1517 1682 suo
1540 1631 1624 1683 eum

402 1731 630 1820 peccatorum
647 1723 803 1802 audierit
819 1725 1023 1816 varietates,
1042 1724 1113 1800 scit
1129 1723 1215 1822 quid
1231 1722 1403 1820 ligandus
1419 1721 1467 1798 sit
1483 1721 1546 1821 qui
1558 1720 1624 1796 sol-

402 1835 551 1912 vendus.

970 1944 1058 2032 CXI.

646 2140 697 2193 Ex
715 2141 859 2207 epistola
877 2139 922 2193 ad
940 2141 1117 2210 Evagrium
1135 2139 1381 2207 Presbyterum.

499 2295 674 2392 Lngimus
689 2295 728 2369 in
745 2296 864 2388 Esaia,
880 2297 1003 2372 fatuus
1019 2296 1120 2372 latua
1137 2293 1304 2394 loquitur.
1319 2292 1436 2369 Audio
1447 2292 1624 2391 quendam

403 2405 442 2482 in
461 2415 599 2482 tantam
624 2409 785 2508 erupisse
801 2411 1015 2501 vecordiam,
1031 2418 1073 2482 ut
1089 2407 1228 2484 diaconi
1247 2405 1468 2505 presbyteris
1484 2405 1575 2480 idest
1590 2429 1626 2480 e·

401 2519 536 2620 piscopi
551 2522 755 2598 anteferret.
767 2526 861 2598 Nam
874 2549 957 2611 cum
968 2520 1146 2622 apostolus
1157 2518 1343 2618 perspicue
1352 2518 1474 2594 doceat
1486 2517 1625 2592 eosdem

403 2659 482 2711 esse
500 2634 729 2734 presbyteros
745 2661 832 2736 quos
848 2636 1039 2736 episcopos,
1056 2631 1142 2734 quid
1159 2632 1296 2731 patitur
1309 2655 1511 2707 mensarum
1525 2639 1561 2706 et
1574 2628 1627 2702 vi·

402 2749 555 2824 duarum
575 2749 752 2840 minister,
769 2759 810 2826 ut
826 2775 933 2849 super
949 2773 1009 2828 eos
1026 2775 1064 2827 se
1082 2748 1242 2824 tumidus
1258 2746 1381 2822 efferat
1404 2745 1449 2820 ad
1473 2768 1624 2844 quorum

404 2887 527 2962 preces
543 2861 678 2938 Christi
694 2887 824 2961 corpus
841 2865 1063 2962 sanguisque
1080 2861 1295 2940 conficitur?
1312 2859 1450 2947 Quaris
1471 2857 1625 2934 auctori·

402 2980 542 3054 tatem?
559 2975 655 3050 Audi
673 2977 928 3052 testimonium.
946 2977 1080 3052 Paulus
1097 2986 1133 3052 et
1149 2974 1357 3050 Timotheus
1373 2973 1470 3049 servi
1488 2971 1623 3049 Christi

403 3091 522 3182 Ihesu,
537 3090 702 3168 omnibus
717 3091 853 3169 sanctis
869 3092 907 3166 iu
925 3092 1069 3169 Christo
1085 3089 1191 3165 Ihesu
1208 3087 1271 3187 qni
1287 3095 1373 3162 sunt
1389 3087 1428 3160 in
1441 3085 1624 3184 Philippis,

406 3230 489 3290 cum
507 3203 680 3303 episcopis
696 3213 732 3280 et
747 3205 965 3282 diaconibus.
983 3204 1050 3278 Vis
1067 3213 1103 3279 et
1119 3201 1219 3277 aliud
1236 3201 1464 3300 exemplum?
1481 3203 1522 3274 In
1539 3199 1626 3275 acti-

404 3317 473 3394 bus
494 3315 753 3415 Apostolorum,
769 3317 815 3392 ad
832 3317 942 3393 unius
959 3317 1121 3396 ecclesiae
1137 3315 1338 3392 sacerdotes
1355 3314 1406 3389 ita
1424 3313 1560 3389 Paulus
1578 3314 1624 3389 lo

405 3429 539 3530 quitur.
557 3429 751 3508 Antendite
768 3429 869 3506 vobis
890 3439 926 3508 et
942 3441 1073 3508 cuncto
1091 3431 1211 3528 gregi,
1236 3431 1275 3503 in
1295 3453 1364 3529 quo
1385 3451 1449 3504 vos
1469 3427 1624 3526 Spiritus

405 3551 554 3619 sanctus
571 3537 689 3640 posuit
706 3543 898 3642 episcopos,
910 3554 953 3620 ut
965 3544 1138 3641 regeretis
1151 3542 1350 3619 aecclesiam
1363 3540 1505 3617 Domini
1518 3565 1626 3640 qnam

404 3655 599 3755 acquisivit
611 3656 874 3754 sanguinesuo
887 3662 940 3734 Ae
953 3657 1090 3757 nequis
1107 3657 1326 3734 contentiose
1338 3655 1376 3730 in
1390 3681 1462 3730 una
1475 3655 1626 3732 ecclesia

405 3771 529 3871 plures
545 3770 725 3869 episcopos
742 3771 854 3848 fuisse
871 3773 1073 3862 contendat,
1090 3771 1147 3845 adi
1160 3779 1197 3846 et
1209 3769 1308 3844 aliud
1325 3767 1568 3844 testimonium
1587 3767 1624 3842 iu

405 3908 475 3984 quo
489 3883 1209 3984 manifestissimecomprobatur,eundem
1219 3906 1296 3958 esse
1305 3881 1624 3981 episcopumatque

405 3996 667 4098 presbyterum.
681 4000 828 4096 Propter
840 3997 906 4075 hoc
920 3998 1048 4096 reliqui
1060 4007 1097 4074 te
1118 3996 1235 4087 Crete,
1251 4006 1293 4071 ut
1305 4021 1384 4096 quae
1397 3996 1544 4074 deerant
1552 4019 1627 4072 cor·

406 4111 555 4208 rigares,
572 4120 607 4186 et
619 4111 856 4187 constitueres
868 4136 931 4209 per
943 4110 1110 4187 civitates
1124 4111 1361 4209 presbyteros,
1372 4109 1468 4185 sicut
1480 4133 1547 4206 ego
1560 4110 1623 4185 tibi

407 4223 583 4300 mandavi.
602 4225 640 4299 si
658 4224 740 4323 quis
756 4235 810 4300 est
827 4225 904 4301 sine
921 4224 1082 4315 crimine,
1095 4225 1204 4299 unius
1218 4224 1337 4322 uxoris
1350 4224 1419 4315 vir,
1431 4224 1553 4300 fideles
1565 4224 1625 4298 ha·

405 4337 493 4415 bens
509 4339 611 4429 filios,
623 4361 693 4414 non
707 4339 746 4412 in
758 4339 985 4416 accusatione
999 4339 1161 4428 luxuriae,
1173 4349 1319 4414 autnon
1332 4329 1502 4414 subditos.
1520 4342 1625 4438 Opor—

405 4460 458 4528 tet
470 4451 564 4530 enim
579 4451 782 4552 episcopum
795 4452 873 4528 sine
886 4451 1038 4531 crimine
1050 4473 1138 4546 osse,
1151 4453 1253 4556 quasi
1264 4453 1329 4530 Dei
1338 4452 1623 4554 dispensatorem.
