3646 5292
922 409 962 448 ,-
986 372 1053 440 aas
1078 406 1118 439 -.-

942 529 1099 618 cxiiii.

833 701 883 752 Ex
901 699 956 752 lib.
977 699 990 750 i
1010 695 1199 752 Barchardi.

503 835 701 934 Gregorius
725 839 795 911 iiii
820 833 1055 910 Theodosium
1082 856 1188 931 quem
1215 828 1404 927 Eugenius
1428 836 1631 914 antecessor

407 949 485 1026 eius
501 949 716 1050 presbyterii
732 949 861 1026 honore
878 947 1095 1046 privaverat,
1116 943 1276 1021 ecclesias
1301 942 1484 1039 Segininae
1511 965 1633 1017 conse-

407 1063 525 1141 cravit
537 1063 752 1164 episcopum.
765 1062 935 1139 Leontius
952 1061 1037 1135 dum
1051 1069 1145 1135 esset
1158 1057 1345 1158 presbyter
1357 1056 1537 1155 depositus
1551 1055 1633 1144 fuit,

408 1187 444 1254 et
457 1185 577 1276 postea
591 1177 629 1250 in
643 1173 835 1252 Antiochia
848 1173 1050 1273 patriarcha
1064 1173 1192 1250 extitit.
1203 1173 1380 1248 Misenum
1395 1170 1598 1269 episcopum
1610 1193 1634 1243 a

407 1291 527 1384 Felice
542 1295 639 1391 Papa
651 1291 871 1381 damnatum,
885 1289 1244 1365 Gelasiussuccesscr
1257 1287 1335 1364 eius
1344 1295 1380 1363 et
1389 1282 1632 1362 communioni

410 1405 575 1498 reddidit,
593 1414 629 1481 et
646 1404 816 1482 aeociesiae
834 1428 909 1480 suae
927 1403 1095 1480 restituit.

930 1605 1106 1693 cxxiiii.

764 1783 813 1866 nx
831 1813 935 1879 gaece
953 1811 985 1866 s.
1004 1811 1150 1866 silvestri
1169 1811 1281 1875 eapae.

507 1977 539 2048 A
563 1981 687 2050 sancto
711 1973 883 2050 Silvestro
907 1983 944 2050 et
969 1973 1189 2074 presbyteris
1206 1971 1285 2048 eius
1302 1970 1517 2048 colobiorum
1545 1991 1633 2044 usus

413 2087 566 2185 sumpsit
583 2087 742 2180 initium,
759 2098 795 2164 et
813 2092 958 2164 Marcus
971 2098 1007 2164 et
1019 2087 1148 2179 Iulius,
1160 2097 1196 2163 et
1209 2085 1373 2162 Liberius
1385 2109 1425 2162 eo
1437 2083 1559 2160 ordine
1576 2080 1632 2157 usi

410 2209 505 2276 sunt.
518 2202 602 2276 Post
615 2201 678 2276 hos
695 2211 815 2277 autem
829 2201 996 2300 quoniam
1020 2203 1165 2278 nuditas
1177 2201 1409 2277 brachiorum
1423 2197 1635 2297 culpabatur

411 2312 545 2389 colobia
561 2313 600 2387 in
616 2311 827 2390 dalmaticas
844 2323 1064 2389 commutata
1077 2325 1172 2390 sunt.
1186 2314 1317 2388 Visum
1331 2323 1386 2389 est
1398 2313 1494 2390 enim
1508 2311 1633 2387 melius

410 2427 498 2502 huic
523 2427 697 2526 proposito
721 2423 929 2520 convenire,
946 2428 1039 2528 quod
1061 2427 1267 2506 accuratius
1292 2427 1411 2526 magis
1434 2425 1635 2526 aspectibus

411 2539 551 2638 placere
568 2538 700 2617 valeat.

948 2649 1093 2736 oiiiiii.

554 2843 604 2896 'six
621 2841 758 2896 historia
776 2841 942 2897 Anastasii
960 2843 1199 2898 bibliothecarii
1216 2845 1310 2898 Rom.
1330 2843 1495 2898 Ecclesiae.

507 2996 633 3072 Mundi
652 3019 746 3072 anno
759 2995 953 3095 quinquies
966 2995 1156 3092 millesimo
1168 2999 1273 3076 DCC.
1286 3000 1431 3073 XLIIII.
1444 2996 1566 3072 divine
1583 2995 1634 3070 in·

412 3109 629 3186 carnationis
645 3133 739 3185 anno
756 3109 826 3186 CO.
843 3113 978 3186 XLIIII
995 3113 1157 3204 Novatus
1177 3114 1343 3187 Romana
1365 3110 1536 3200 aecclesiae
1560 3132 1634 3206 pre-

413 3222 536 3326 sbyter
549 3247 625 3297 sese
638 3221 683 3297 ab
696 3221 848 3298 ecclesia
860 3224 1051 3322 separavit.
1064 3223 1138 3298 Sub
1154 3223 1300 3301 obtentu
1314 3248 1448 3314 eorum,
1460 3223 1522 3321 qui
1536 3220 1635 3296 Decii

413 3343 568 3438 tempore
585 3333 621 3408 in
640 3333 884 3432 persecutione
900 3335 1192 3427 immolaverant,
1208 3347 1243 3412 et
1258 3361 1320 3436 por
1336 3333 1580 3435 penitentiam
1597 3334 1636 3406 in

413 3447 698 3553 communionem
711 3446 756 3522 ab
768 3447 921 3524 ecclesia
934 3459 1021 3526 sunt
1034 3451 1178 3550 recepti,
1192 3461 1227 3526 et
1240 3451 1314 3550 ipse
1328 3476 1410 3526 curn
1424 3449 1501 3524 suis
1513 3473 1636 3548 sequa-

414 3559 516 3636 cibus
532 3559 658 3659 pulsus
674 3569 737 3636 est.
755 3563 807 3635 De
825 3562 987 3659 paradiso
1012 3563 1185 3652 ecclcsiae,
1209 3563 1387 3639 sententia
1405 3572 1546 3660 patrum
1571 3563 1636 3637 LX

414 3673 477 3774 qui
492 3673 662 3750 sinonicae
679 3698 878 3750 convenere
896 3678 933 3749 in
953 3677 1041 3752 urbo
1059 3677 1171 3750 Roma
1195 3700 1280 3751 cum
1304 3673 1468 3774 pluribus
1493 3671 1637 3778 presby·

414 3783 502 3860 teris
518 3794 554 3860 et
570 3783 787 3876 diaconibus
805 3786 1017 3883 presidente
1035 3785 1200 3864 Cornelio
1216 3786 1378 3888 episcopo
1394 3785 1512 3865 Urbis.

948 3979 1102 4066 oiixvi.

652 4179 813 4236 iohannes
832 4181 1050 4236 crisostomus
1069 4193 1169 4248 super
1188 4180 1390 4236 Maithaeum.

512 4340 660 4416 Diaconi
673 4351 794 4418 antem
808 4342 869 4442 qui
883 4365 953 4418 non
965 4341 1055 4419 bene
1068 4350 1236 4432 tractant,
1245 4343 1570 4420 ecclesiasticarum
1580 4368 1634 4443 pe·

416 4451 605 4528 cuniarum
625 4478 776 4544 mensas,
792 4455 853 4532 sed
870 4479 1009 4554 semper
1024 4455 1067 4532 de
1083 4455 1137 4532 eis
1161 4456 1340 4546 fraudant,
1367 4466 1404 4532 et
1428 4457 1523 4556 ipsas
1547 4481 1635 4555 quas
