3646 5292
917 417 1114 482 -258-

405 541 487 617 cilio
504 540 722 638 Gangrensi,
734 539 772 614 Si
787 539 868 640 quis
880 540 997 616 oblata
1015 542 1088 615 Deo
1104 538 1241 615 dederit
1258 535 1318 627 vel
1333 540 1523 638 acceperit,
1540 562 1627 636 pree·

403 664 460 730 ter
476 656 690 754 Episcopum
708 655 768 730 vel
785 680 868 730 eum
882 655 943 753 qui
958 653 1176 730 constitutus
1189 663 1242 729 est
1254 652 1299 728 ab
1312 676 1352 729 eo
1364 653 1408 728 ad
1422 653 1627 753 dispensan-

403 767 484 843 dam
503 769 688 844 materiam
706 768 931 867 pauperibus,
948 777 983 844 et
1000 769 1062 867 qui
1078 768 1139 843 dat
1151 779 1187 843 et
1200 767 1261 866 qui
1275 765 1421 866 accipit,
1434 767 1625 842 anathema

396 868 460 956 sit.
470 880 583 957 Valde
592 905 678 978 ergo
691 881 913 980 iniquunr,et
926 880 1055 978 ingens
1069 881 1301 978 sacrilegium
1315 893 1380 972 est,
1394 890 1435 956 ut
1448 906 1626 980 quaecum·

402 1019 471 1093 que
485 995 544 1070 vel
557 1019 619 1094 pro
633 995 788 1070 remedio
806 1004 1044 1092 peccatorum,
1061 995 1120 1071 vel
1135 1019 1197 1094 pro
1210 995 1326 1074 salute
1339 1006 1404 1070 aut
1417 995 1539 1094 requie
1552 996 1626 1069 ani-

404 1134 545 1184 marum
565 1135 712 1184 suarum
730 1111 977 1208 unusquisque
1001 1109 1199 1187 venerabili
1224 1109 1397 1187 aecclesia
1421 1109 1625 1199 contulerit,

402 1231 467 1296 aut
482 1232 578 1298 certe
597 1223 793 1322 reliquerit,
810 1224 854 1300 ab
871 1223 929 1298 his
945 1225 1109 1323 aquibus
1124 1225 1275 1301 maxime
1289 1250 1433 1300 servare
1445 1225 1624 1312 convenit,

403 1335 494 1410 idest
507 1335 724 1412 Christianis
733 1347 769 1414 et
778 1340 891 1413 Deum
901 1337 1113 1414 timentibus
1122 1337 1337 1427 hominibus,
1347 1347 1382 1413 et
1391 1337 1624 1436 superomnia

401 1475 424 1522 a
441 1449 663 1548 principibus
680 1461 716 1527 et
732 1451 857 1550 primis
875 1452 1076 1548 regionum,
1093 1454 1131 1528 in
1148 1453 1247 1528 aliud
1264 1453 1450 1529 transferri
1467 1453 1525 1530 rel
1547 1478 1626 1528 oon·

402 1565 507 1639 verti.
525 1567 715 1664 Propterea
728 1567 859 1665 quibus
871 1591 941 1642 non
955 1568 1169 1666 praeviderit,
1182 1579 1218 1644 et
1229 1568 1334 1644 aliter
1347 1594 1455 1668 quam
1468 1571 1627 1667 praescri·

404 1686 504 1776 ptum
519 1687 573 1754 est
586 1680 758 1758 aeclesiis
771 1683 902 1758 tradita
915 1681 1058 1780 petierit
1069 1682 1129 1758 vel
1141 1684 1331 1781 acceperit,
1343 1694 1407 1758 aut
1420 1683 1624 1781 possederit,

402 1789 461 1866 vel
479 1792 613 1869 iniuste
630 1793 840 1886 defenderit,
857 1805 921 1869 aut
939 1795 1139 1884 retinuerit,
1155 1795 1227 1868 nisi
1248 1796 1319 1871 cito
1340 1797 1534 1872 correxerit
1558 1819 1626 1894 quo

402 1901 517 1978 iratus
535 1909 630 1982 Deus
647 1909 786 1982 animas
803 1907 969 2008 percutit,
987 1909 1214 1985 anathemate
1231 1910 1393 1985 feriatur.
1404 1947 1407 1952 ·
1419 1909 1545 2009 Sitque
1569 1935 1626 1985 ao-

403 2017 563 2116 cipienti,
580 2021 638 2096 vel
655 2021 767 2111 danti,
783 2021 843 2096 vel
861 2021 1054 2120 possidenti
1071 2023 1271 2098 anathema.
1285 2027 1331 2097 Et
1348 2023 1452 2098 infra.
1471 2026 1625 2099 Genera·

402 2131 487 2207 liter
504 2158 599 2223 vero,
616 2136 835 2235 quicumque
854 2162 910 2211 res
935 2136 1107 2212 aecclesiae
1123 2138 1412 2227 confiscare,·aut
1428 2147 1626 2237 competere

402 2246 461 2322 vel
479 2249 671 2345 pervadere
688 2249 889 2348 periculosa
905 2275 971 2324 sua
989 2249 1216 2325 infestatione
1234 2251 1511 2350 presumpserit,
1528 2250 1626 2323 sirni-

402 2359 485 2435 liter
495 2371 531 2436 et
539 2364 600 2461 qui
611 2389 668 2438 res
677 2363 846 2439 aeoolesiae
859 2364 960 2438 iussu
974 2363 1033 2438 vel
1047 2363 1239 2460 largitione
1248 2365 1465 2463 principum,
1474 2365 1532 2440 rel
1543 2387 1627 2463 quo-

402 2475 567 2550 rumdam
585 2479 795 2576 potentium,
812 2487 876 2552 aut
893 2479 1046 2577 quadam
1065 2479 1261 2568 invasione,
1278 2489 1342 2553 aut
1365 2479 1544 2554 tirannica
1570 2502 1627 2577 po·

401 2597 529 2664 testate
547 2591 773 2681 retinuerint,
791 2601 826 2666 et
844 2592 928 2665 filiis
946 2591 1005 2666 vel
1021 2591 1211 2666 heredibus
1230 2591 1306 2666 suis
1324 2602 1365 2666 ut
1378 2617 1399 2680 a
1412 2591 1624 2690 quibusdam

402 2703 472 2778 iam
487 2703 624 2779 factum
638 2706 855 2795 andivimus,
868 2706 970 2803 quasi
984 2705 1220 2779 hereditarias
1234 2705 1455 2803 reliquerint,
1468 2705 1538 2780 nisi
1556 2706 1626 2780 cito

406 2842 463 2892 res
480 2819 544 2894 Dei
562 2819 734 2894 admoniti
751 2847 773 2894 a
791 2820 962 2895 Pontifice
979 2819 1079 2914 agito
1097 2818 1248 2893 veritate
1267 2818 1494 2907 reddiderint,
1507 2842 1627 2917 perpe·

402 2940 465 3005 tuo
478 2931 706 3008 anathemate
719 2933 904 3008 feriantur.
918 2932 1087 3030 Iniquum
1101 2932 1197 3008 enirn
1211 2957 1287 3007 esse
1300 2955 1499 3020 censemus,
1514 2942 1554 3005 ut
1571 2955 1627 3029 po

401 3046 477 3119 tius
494 3048 658 3123 custodes
675 3057 855 3122 cartarum
871 3072 978 3146 quam
992 3047 1193 3124 defensores
1206 3072 1327 3122 rerum
1341 3046 1571 3136 creditarum,
1584 3056 1626 3120 ut

402 3172 620 3258 praeceptum
634 3169 688 3236 est
701 3161 912 3238 iudicemur.
926 3161 1084 3236 Etinfra.
1095 3164 1202 3237 Ferro
1211 3162 1307 3236 enirn
1317 3159 1530 3235 abscidenda
1539 3169 1625 3234 sunt

402 3273 563 3362 vulnere,
580 3298 660 3372 quae
677 3275 831 3351 fomenta
850 3299 918 3350 non
940 3274 1111 3350 sentiunt.
1137 3273 1314 3350 Similiter
1330 3284 1366 3350 et
1387 3273 1442 3346 illi
1469 3283 1625 3348 extorres

402 3386 531 3463 debent
548 3389 624 3464 fieri
641 3389 686 3464 ab
703 3389 855 3466 ecclesia
873 3389 934 3489 qui
953 3387 1162 3480 sacerdotali
1179 3388 1418 3464 admonitione
1435 3412 1506 3463 non
1520 3387 1626 3464 corri-

402 3512 552 3598 guntur.
572 3503 722 3579 Dicente
740 3503 899 3578 Domino.
913 3503 1066 3578 Auferte
1084 3501 1219 3577 malum
1245 3528 1290 3579 ex
1314 3503 1424 3578 vobis.
1445 3503 1625 3578 Universa

402 3615 562 3712 synodus
578 3640 734 3712 surgens
751 3616 976 3692 acclamavit.
989 3619 1040 3693 Ut
1052 3615 1102 3690 ita
1115 3617 1205 3691 fiant
1218 3641 1398 3713 rogamus.
1412 3617 1558 3691 Dictum
1572 3626 1626 3691 est

402 3729 523 3804 octies.
541 3729 679 3804 Exaudi
698 3729 852 3806 Christe.
870 3729 1036 3806 Simacho
1053 3733 1158 3828 Papae
1174 3732 1264 3806 uita:
1278 3731 1424 3806 Dictum
1442 3741 1497 3806 est
1514 3731 1594 3804 XII.

941 3930 1084 4015 XLIIII.

638 4137 687 4187 Ex
706 4135 846 4201 epistola
864 4135 1005 4187 simachi
1025 4135 1129 4200 Papae
1148 4133 1193 4187 ad
1212 4135 1390 4188 cesariam.

500 4297 742 4391 Possessiones
760 4297 875 4393 igitur
896 4320 985 4394 quas
1010 4297 1258 4394 unnsquisque
1282 4296 1453 4371 aecclesiae
1478 4295 1627 4393 propriae

403 4411 508 4498 dedit,
521 4422 585 4486 ant
599 4412 745 4511 reliquit
758 4410 916 4500 arbitrio,
929 4409 1078 4485 alienari
1092 4410 1313 4508 quibuslibet
1324 4409 1444 4485 titulis
1456 4419 1564 4508 atque
1577 4408 1627 4482 di·

406 4525 670 4612 stractionibus,
680 4525 737 4601 rel
752 4524 819 4598 sub
831 4547 1054 4623 quocumque
1067 4534 1282 4620 argumento
1295 4547 1364 4598 non
1379 4521 1626 4621 patimur,nisi
