3618 5316
915 439 954 452 -·
980 406 1046 471 324
1069 441 1112 454 -

403 552 487 602 oum
505 525 670 602 omnibus
687 527 721 600 ei
746 525 1016 631 pertinentibus.
1032 525 1129 602 Idem
1155 527 1192 600 in
1217 527 1348 602 eodem.
1365 527 1515 602 Iohanni
1539 552 1629 602 oon-

403 640 486 731 suli,
505 641 732 740 fossamque
756 640 889 715 dieitur
906 641 1122 714 Vaianieum
1147 640 1248 714 iuxta
1273 666 1439 739 eampum
1459 643 1629 730 l'eneriS,

404 754 493 830 mill.
508 755 554 829 ab
570 755 666 832 Urbe
684 757 794 828 Roma
807 754 889 853 plus
905 753 1027 826 minus
1043 755 1116 826 XX
1133 777 1179 828 ox
1200 777 1344 850 corpore
1362 781 1488 828 massae
1504 758 1631 830 Forte-

405 867 497 957 iano,
522 867 725 968 patrimonii
747 866 879 964 Appiae,
896 877 1041 966 praestat
1064 867 1145 940 auri
1171 868 1308 942 solidos
1325 869 1432 956 Idem,
1450 879 1631 943 monaste·

402 983 496 1058 rium
516 983 630 1058 sancti
649 981 815 1056 Silvestri
833 982 870 1054 in
890 991 1008 1057 monte
1022 984 1166 1056 Soracte
1184 983 1457 1082 imperpetuum,
1470 983 1630 1056 fundum

401 1095 648 1182 Scantianum,
674 1121 718 1170 ex
738 1118 882 1192 corpore
907 1120 1034 1168 massae
1059 1093 1297 1184 Castellianae,
1321 1095 1524 1194 patrimonii
1553 1098 1632 1168 Tu·

399 1210 484 1286 sciae
500 1209 735 1308 suppensioue
757 1232 782 1278 s
807 1229 840 1282 or
864 1208 1074 1307 siliquarum
1101 1207 1190 1280 auri.
1209 1209 1304 1282 Idem
1322 1210 1360 1282 in
1377 1209 1498 1283 eodem
1517 1212 1630 1283 Petro

400 1325 593 1421 magnifico
610 1324 763 1410 tribun0,
780 1323 954 1399 coloniam
981 1323 1130 1420 positam
1157 1322 1195 1396 in
1221 1348 1338 1396 massa
1356 1323 1470 1412 Pauli,
1489 1349 1532 1396 ex
1548 1348 1630 1398 cor·

398 1461 482 1536 pore
499 1438 702 1536 patrimonii
722 1439 856 1537 Appiae,
868 1519 871 1524 ,
882 1447 1027 1534 praestat
1047 1461 1167 1510 annue
1185 1461 1255 1534 unq
1273 1438 1353 1510 auri
1371 1423 1507 1511 solidos.
1524 1438 1627 1512 Idem

399 1549 437 1623 in
462 1551 593 1626 eodem.
612 1549 745 1624 Basilio
769 1576 802 1623 ν.
828 1549 862 1623 h.
887 1549 1060 1624 coloniam
1088 1549 1223 1639 Alvini,
1252 1575 1297 1623 ex
1324 1572 1468 1647 corpore
1497 1575 1627 1624 massae

400 1662 513 1754 Ocris,
536 1663 789 1760 patrimonium
812 1664 947 1760 Appiae,
965 1664 1004 1736 in
1027 1663 1160 1750 Aricia,
1177 1675 1322 1760 praestat
1338 1689 1457 1737 annue
1474 1687 1525 1736 au
1542 1665 1627 1737 auri

397 1775 534 1850 solidos.
547 1777 645 1852 Idem
664 1777 820 1872 Georgio
837 1775 1056 1875 presbytero,
1075 1775 1228 1848 lundum
1247 1777 1414 1874 crispinis
1431 1787 1467 1851 et
1483 1801 1627 1852 amone-

398 1888 458 1976 tis,
471 1890 531 1962 via
546 1889 726 1964 lavicana
745 1889 833 1962 mill.
846 1887 927 1988 plus
946 1889 1065 1962 minus
1079 1891 1167 1962 XIII
1179 1913 1224 1964 ex
1237 1914 1379 1987 corpore
1393 1917 1519 1965 massae
1533 1893 1625 1966 listis

398 2001 610 2098 patrimonio
628 2001 806 2076 Lauicano
831 2013 976 2099 praestat
1000 2027 1130 2076 annuae
1147 2025 1186 2078 or
1207 2005 1288 2077 auri
1306 2004 1442 2078 solidos
1459 2005 1557 2078 Idem
1584 2006 1625 2077 in

396 2115 526 2190 eodem.
548 2115 700 2192 Gemulo
717 2116 875 2205 diacono,
903 2116 1055 2190 fundum
1075 2120 1328 2208 Dometiorum,
1345 2119 1404 2190 ria
1426 2120 1620 2193 Ardeatino

397 2227 486 2302 mill.
504 2229 584 2326 plus
596 2230 719 2302 nimus
732 2232 838 2304 vnn
851 2230 895 2303 ab
908 2229 997 2304 urbe
1012 2233 1120 2306 Roma
1135 2258 1178 2307 ex
1191 2256 1334 2330 corpore
1352 2231 1546 2305 suburbani
1565 2257 1625 2329 pa·

394 2340 555 2415 trimonii
581 2343 716 2439 Appiae,
741 2353 888 2442 praestat
918 2367 1048 2419 annuae
1077 2371 1143 2444 usq
1169 2348 1250 2420 auri
1275 2345 1435 2442 siliquas
1460 2347 1556 2419 Idem
1584 2346 1621 2417 in

395 2453 525 2529 eodem.
544 2456 680 2551 Sergiae
704 2456 738 2528 h.
764 2456 786 2530 f.
813 2456 965 2530 fundum
984 2458 1230 2546 Severianum,
1256 2483 1300 2532 ex
1325 2481 1468 2554 corpore
1493 2483 1623 2530 massae

394 2567 575 2644 iuniorum
600 2572 808 2668 patrimonii
835 2571 1017 2659 Lauinam,
1035 2582 1181 2671 praestat
1204 2597 1334 2646 annuae
1358 2597 1410 2643 au
1436 2573 1515 2644 auri
1541 2571 1624 2644 soli·

396 2681 468 2755 dos.
486 2683 583 2756 Idem
603 2684 639 2756 in
658 2684 789 2758 eodem.
807 2684 977 2759 Diaconie
1002 2685 1119 2758 sancti
1146 2684 1329 2758 Eustatlrii
1359 2686 1622 2782 imperpetuum

394 2793 546 2868 fundum
572 2795 690 2871 clivus
707 2796 859 2870 fundum
878 2799 1135 2894 Querquetum,
1161 2807 1197 2871 et
1210 2797 1467 2871 Plaeonianum
1486 2821 1530 2870 ox
1546 2820 1622 2871 cor-

394 2927 477 3000 pore
509 2931 634 2982 massae
660 2906 850 2995 Calcianae,
879 2909 1083 3004 patrimonIi
1109 2911 1293 2998 Lavicani,
1317 2919 1463 3007 praestat
1491 2931 1621 2982 annuae

393 3043 501 3117 nursq
527 3021 606 3093 auri
625 3019 762 3094 solidos.
780 3020 876 3094 Idem
899 3021 936 3092 in
962 3023 1083 3097 eodem
1105 3024 1293 3097 Anastasio
1318 3021 1451 3110 comiti,
1467 3021 1619 3094 fundum

395 3130 541 3206 launam
558 3159 602 3208 ex
618 3157 761 3232 corporo
780 3161 905 3208 massae
922 3134 1168 3224 laurentianae,
1186 3145 1357 3234 praestant
1373 3157 1503 3208 annuae
1525 3158 1620 3232 ausq

393 3246 474 3320 auri
491 3246 630 3336 solidos,
646 3257 682 3322 et
695 3247 847 3322 lundum
865 3249 1118 3338 Toranianum,
1136 3260 1171 3325 et
1189 3275 1234 3324 ex
1250 3271 1393 3347 corpore
1411 3273 1537 3321 massar
1562 3247 1621 3322 Ci-

392 3359 574 3450 trasensis,
599 3371 791 3460 utrumque
820 3360 1024 3459 patrimonii
1050 3361 1223 3451 Caietani,
1252 3369 1463 3460 prestantes
1487 3385 1618 3433 annuae

354 3561 358 3568 Ι
392 3497 485 3572 ausq
498 3475 578 3548 auri
595 3475 732 3550 solidos.
749 3476 846 3550 Idem
860 3476 897 3548 in
911 3475 1040 3551 eodem.
1056 3475 1310 3550 llonasterium
1330 3484 1464 3550 sanotae
1482 3478 1618 3568 Agnes

392 3609 472 3684 quae
488 3587 620 3664 dieitur
633 3589 703 3663 dua
717 3589 828 3676 forna,
848 3613 1003 3662 massam
1022 3587 1166 3677 Maruli,
1183 3598 1219 3662 et
1233 3612 1387 3660 massam
1406 3587 1618 3674 Sestianam,

394 3709 565 3798 utrosque
582 3701 787 3800 patrimonii
801 3701 925 3801 Appiae
939 3712 1109 3798 praestant
1122 3725 1240 3776 annue
1255 3728 1279 3771 a
1298 3701 1455 3798 quinque
1472 3699 1553 3772 auri
1567 3721 1620 3771 so

393 3813 492 3890 lidos.
509 3815 606 3891 Idem
624 3817 662 3891 in
683 3817 814 3892 eodem.
832 3815 1010 3890 Theodoro
1034 3813 1171 3890 consuli
1191 3815 1227 3886 iu
1246 3815 1352 3886 annis
1368 3813 1549 3887 XXVIIII
1566 3811 1620 3882 in-

392 3927 508 4002 sulam
527 3929 654 4030 Capris
676 3956 759 4008 curn
776 3929 989 4004 monasterio
1015 3928 1131 4002 saneti
1151 3926 1333 4026 Stephani,
1351 3951 1432 4001 oum
1451 3923 1617 3999 omnibus

392 4040 459 4114 sibi
469 4043 740 4138 pertinentibus,
749 4051 892 4142 praestat
903 4065 1032 4115 annuae
1045 4043 1083 4114 in
1093 4063 1180 4115 auro
1189 4039 1330 4137 quidem
1341 4038 1468 4114 solidos
1478 4038 1614 4112 CVIIII

393 4153 674 4250 iunimegarioos
691 4156 730 4231 O.
743 4158 833 4230 Itom
843 4155 880 4227 in
895 4154 1027 4229 eodem.
1045 4152 1223 4228 Theodoro
1240 4152 1378 4226 consuli
1392 4150 1510 4226 casale
1523 4149 1615 4247 quod

392 4265 525 4341 dieitur
548 4267 675 4344 Castro
693 4267 835 4354 malore,
853 4265 945 4363 quod
962 4278 1108 4363 prestat
1124 4291 1243 4342 annue
1261 4283 1364 4362 eursq
1380 4266 1460 4338 auri
1479 4264 1616 4350 solidos,

393 4391 429 4456 et
453 4380 571 4458 casole
588 4381 650 4479 qui
668 4380 802 4456 dicitur
820 4379 972 4468 Ninfise,
998 4381 1068 4455 sita
1085 4391 1238 4479 utraque
1256 4378 1350 4454 infra
1376 4377 1532 4453 insulam
1551 4375 1617 4452 Ca-

392 4492 481 4592 pris,
501 4495 706 4592 patrimonii
731 4493 955 4592 Neapolitani
982 4503 1128 4594 praestat
1152 4517 1270 4566 annuo
1296 4509 1347 4563 tm
1370 4489 1451 4564 auri
1476 4489 1613 4564 solidos.
