3638 5294
896 380 1093 448 ..482-

385 499 422 574 in
441 501 583 597 publico
599 503 813 592 examinare,
833 528 900 581 nec
926 504 1040 580 ullum
1067 505 1239 581 clericum
1257 515 1341 582 ante
1366 507 1519 584 iudicem
1546 508 1612 582 lai·

387 640 470 689 cum
488 625 582 691 stare
600 617 725 714 placet.
743 619 1000 693 Testimonium
1020 618 1141 695 elerici
1163 620 1336 696 adversus
1353 621 1486 698 laicum
1505 649 1611 700 nemo

387 729 543 829 recipiat.
562 730 725 806 Clericus
744 732 923 806 inferioris
944 733 1077 806 ordinis
1102 757 1172 807 non
1198 735 1257 810 det
1281 735 1438 834 aliquam
1464 763 1610 814 accusa·

385 842 518 918 tionem
542 844 715 919 adversus
740 845 920 942 potiorem.
937 845 1061 919 Iulius.
1087 847 1243 921 Infames
1260 871 1336 923 esse
1353 875 1552 940 censemus,
1576 875 1610 925 o-

387 981 489 1031 mnes
506 957 566 1053 qui
585 982 685 1030 suam
700 968 764 1032 aut
777 957 1017 1033 Christianam
1038 959 1323 1056 prevaricantur
1336 960 1464 1058 legem,
1477 973 1542 1038 aut
1554 989 1613 1038 ca·

384 1071 513 1146 nonica
539 1082 754 1170 postponunt
778 1074 1003 1148 auctoritate.
1024 1071 1170 1146 Nemini
1196 1072 1238 1146 de
1264 1098 1303 1147 se
1327 1076 1488 1150 confesso
1512 1078 1610 1154 credi

386 1195 500 1281 potest
517 1211 623 1284 super
645 1188 781 1262 crimen
798 1187 967 1262 alienum.
985 1186 1113 1260 Merito
1131 1209 1195 1261 nos
1211 1211 1321 1261 eausa
1339 1188 1492 1285 respicit,
1509 1192 1541 1263 si
1566 1191 1612 1263 si-

385 1295 496 1372 lentio
513 1299 700 1374 faveamus
717 1300 838 1375 errori.
856 1303 896 1374 In
916 1326 953 1374 re
978 1299 1084 1374 dubia
1101 1324 1286 1398 nunquam
1309 1300 1486 1376 iudicetur
1510 1313 1611 1378 certa

385 1411 500 1486 sentia
510 1412 596 1510 (sio).
606 1413 747 1489 Iudices
760 1413 821 1487 alii
836 1437 995 1488 essenon
1010 1413 1228 1500 debent,nisi
1243 1438 1329 1512 qnos
1343 1415 1528 1512 impetitus
1541 1417 1611 1491 ele·

385 1523 491 1620 gerit.
510 1528 626 1611 Quere
645 1525 681 1599 in
700 1529 715 1599 I
733 1526 823 1601 libro
839 1551 914 1624 cap.
931 1527 1065 1599 XVIII.
1079 1526 1229 1599 Nullum
1249 1527 1420 1601 iudicium
1436 1529 1504 1600 nisi
1518 1529 1609 1602 ordi·

386 1637 556 1713 rabiliter
571 1638 735 1738 habitum
749 1649 923 1715 teneatur.
940 1644 1019 1713 Non
1045 1639 1212 1713 credatur
1229 1640 1439 1727 accusatori,
1458 1640 1605 1716 absente

384 1751 599 1841 adversario,
612 1763 696 1828 ante
709 1753 896 1850 utriusque
914 1753 1181 1827 discussionem.
1195 1754 1303 1828 Felix.
1317 1757 1368 1828 De
1382 1755 1531 1829 indutiis
1545 1757 1610 1828 mi·

384 1890 454 1938 nus
472 1867 650 1962 quamssVI
669 1891 809 1940 menses
826 1890 894 1940 non
920 1866 1068 1963 repperi,
1094 1867 1178 1964 quia
1203 1875 1239 1940 et
1256 1865 1359 1941 laicis
1376 1867 1452 1942 baec
1470 1868 1611 1942 indulta

384 1987 478 2050 sunt.
492 1979 634 2052 Indutie
652 2002 721 2052 non
739 1978 806 2053 sub
823 1989 979 2074 angusto
997 1989 1164 2076 tempore,
1178 1980 1238 2054 sed
1252 2004 1358 2077 super
1372 1979 1478 2075 longo
1495 1983 1609 2076 spatio

384 2093 605 2167 concedende
619 2103 715 2180 sunt,
729 2101 770 2166 ut
782 2093 941 2168 accusati
956 2117 993 2168 se
1007 2092 1160 2189 pleniter
1172 2095 1303 2166 armari
1318 2092 1472 2167 valeant.
1486 2093 1608 2167 Nullae

384 2231 503 2280 causae
520 2231 541 2279 a
561 2206 741 2280 iudicibus
757 2205 1021 2281 aecclesiasticis
1046 2207 1250 2296 audiantur,
1275 2231 1353 2303 quae
1379 2207 1520 2303 legibus
1538 2230 1609 2281 uon

387 2321 627 2408 continentur,
644 2331 708 2396 aut
724 2345 803 2418 qum
821 2321 979 2419 proibitae
996 2345 1072 2395 esse
1091 2330 1299 2395 noscuntur.
1317 2324 1392 2396 Nec
1410 2347 1431 2392 a
1449 2344 1608 2396 commu-

383 2435 488 2509 nione
506 2434 733 2532 prohibeatur
750 2443 952 2522 accusatus,
965 2433 1035 2507 nisi
1049 2435 1092 2508 ad
1105 2421 1298 2510 electorum
1313 2434 1487 2509 iudicium
1505 2458 1610 2510 cano

383 2548 464 2622 nice
482 2559 709 2636 convocatus,
728 2549 823 2622 iufra
841 2551 892 2622 III
910 2557 974 2620 aut
987 2549 1039 2619 VI
1054 2545 1112 2620 vel
1131 2545 1251 2643 plures
1269 2571 1409 2620 menses
1421 2547 1546 2621 venire
1558 2547 1610 2621 di-

383 2661 535 2736 stulerit.
553 2661 874 2749 Excommuuicati,
891 2660 1086 2746 homicide,
1104 2659 1279 2748 maledici,
1300 2660 1408 2748 ferse,
1426 2661 1606 2756 sacrilegi,

383 2785 552 2873 raptores,
569 2775 731 2862 venefici,
748 2775 914 2864 adulteri,
932 2784 967 2848 et
984 2773 1045 2870 qui
1064 2782 1205 2872 raptum
1224 2772 1386 2859 fecerint,
1399 2773 1457 2846 vel
1474 2773 1604 2847 falsum

381 2889 626 2963 testimonium
645 2888 812 2977 dixerint,
829 2913 892 2962 seu
910 2887 971 2985 qui
989 2885 1033 2957 ad
1051 2884 1253 2980 sortilegos,
1273 2909 1466 2983 magosque
1480 2911 1609 2961 cucur·

382 3003 479 3089 rerit,
497 3001 704 3076 nullatenus
726 3000 987 3076 accusationem
1016 2998 1074 3072 vel
1100 2999 1344 3074 testimouium
1370 3011 1456 3084 sunt
1481 3000 1608 3074 admit-

381 3113 489 3188 tendi.
508 3113 647 3188 ludices
665 3123 700 3188 et
717 3123 941 3188 accusatores
958 3111 1048 3186 tales
1072 3137 1148 3186 esse
1173 3111 1311 3199 debent,
1337 3113 1397 3209 qui
1424 3113 1520 3186 omni
1546 3137 1604 3186 ca-

382 3239 485 3304 reant
506 3228 718 3325 suspicione,
735 3238 769 3302 et
792 3252 836 3302 ex
852 3226 970 3301 radice
987 3223 1150 3299 caritatis
1176 3251 1279 3298 suam
1306 3223 1505 3298 desiderent
1529 3247 1608 3320 pro-

381 3369 477 3419 mere
494 3345 718 3420 sententiam.
737 3346 921 3418 Damasus.
939 3337 1045 3415 Iudas
1063 3338 1148 3434 quia
1164 3348 1315 3412 nonest
1333 3336 1605 3432 presentialiter

380 3458 580 3545 damnatae,
594 3480 662 3532 non
676 3466 730 3532 est
742 3458 887 3532 eiectus.
900 3453 979 3530 Nisi
997 3450 1166 3525 canonice
1184 3450 1295 3525 suerit
1307 3451 1490 3547 episcopus
1503 3473 1607 3524 voca-

380 3580 440 3644 tus
456 3593 520 3643 suo
536 3581 693 3666 tempore
706 3568 791 3642 licet
809 3568 948 3643 venerit
961 3563 1004 3638 ad
1021 3573 1251 3652 conventum,
1264 3561 1332 3635 nisi
1348 3573 1472 3660 sponte
1486 3561 1607 3636 volue-

380 3683 439 3771 rit,
456 3683 532 3756 suis
549 3705 619 3756 uon
638 3681 861 3780 respondebit
877 3676 1154 3754 insidiatoribus.
1171 3679 1240 3751 Per
1261 3700 1299 3750 se
1323 3676 1398 3750 sint
1421 3683 1604 3752 accusato

380 3821 446 3882 res,
464 3819 526 3892 per
542 3820 579 3869 se
595 3804 715 3882 testes,
733 3819 795 3892 per
812 3819 850 3870 se
867 3793 1013 3869 iudices.
1033 3797 1126 3865 Ante
1144 3789 1417 3888 perscriptiones
1431 3813 1534 3866 nemo
1546 3789 1606 3862 de-

379 3906 440 3981 bet
461 3906 624 3995 iudicari,
637 3931 703 3982 nec
717 3905 913 4004 dampnari.
927 3904 1047 3979 Primo
1064 3927 1202 4000 semper
1219 3904 1282 3976 fiat
1298 3901 1484 4000 inscriptio
1496 3912 1538 3976 ut
1554 3911 1606 3975 ta-

378 4017 471 4093 lione
489 4018 749 4116 calumpniator
766 4019 929 4115 accipiat,
946 4017 1113 4114 quoniam
1132 4017 1254 4090 saeculi
1271 4016 1373 4112 leges
1387 4015 1465 4092 hec
1480 4017 1604 4091 eadem

379 4130 544 4205 retinent.
563 4133 613 4206 De
631 4131 761 4227 quibus
777 4131 943 4205 omuibus
962 4153 1046 4203 vera
1063 4153 1202 4227 semper
1223 4129 1286 4202 fiat
1302 4129 1463 4226 aquitae,
1488 4129 1604 4225 quati·

378 4268 448 4316 nus
464 4243 703 4319 accusationis
721 4253 757 4318 et
772 4241 1034 4318 testificationis
1051 4251 1086 4315 et
1103 4241 1228 4316 iudicii
1248 4241 1448 4316 mercedem
1467 4265 1528 4336 per
1544 4265 1604 4313 ve-

381 4356 522 4430 ritatem
542 4367 725 4451 gestorum
751 4355 918 4452 consequi
945 4353 1101 4428 valeant.
1127 4354 1329 4428 Criminum
1356 4353 1531 4428 discussio
1555 4351 1604 4426 ibi

379 4466 550 4559 agitanda
572 4477 637 4552 ost,
654 4465 714 4539 ubi
741 4465 877 4540 crimen
895 4465 1090 4539 admissum
1108 4475 1172 4551 est,
1189 4463 1288 4538 salva
1308 4475 1426 4538 mmen
1442 4465 1480 4538 in
1493 4464 1603 4538 omui·
