3618 5316
908 411 1105 474 -318-

392 533 518 623 batiae,
534 543 608 609 tam
627 533 669 610 de
686 533 807 609 eodem
825 531 982 623 castello,
995 555 1103 630 quam
1117 530 1159 606 de
1173 529 1272 604 villis
1289 529 1334 604 nd
1350 554 1388 605 se
1401 529 1615 628 pertinenti·

392 647 471 737 bus,
481 649 591 724 situm
606 646 894 724 estinterritorio
907 645 1009 722 silvae
1023 645 1193 734 candide,
1202 653 1347 742 praestat
1359 643 1615 719 anuueXauri

392 763 529 838 solidos.
546 767 636 838 Item
655 763 693 836 in
710 762 780 836 alio
797 761 945 838 cartioio
966 771 1059 836 toruo
1076 759 1306 835 Laterunensi
1331 759 1470 855 legitur
1486 757 1617 830 Baria·

391 900 479 951 uum
495 876 605 951 situm
623 875 660 948 in
679 876 849 951 comitatu
867 876 958 948 iuris
974 874 1068 950 beati
1088 873 1184 948 Petri
1201 899 1278 949 esse
1292 897 1375 949 oum
1390 871 1557 960 castellis,
1573 885 1617 945 et

390 989 500 1078 villis,
512 1005 549 1064 et
561 989 744 1080 aeoolosiis,
757 989 870 1078 silvis,
883 998 919 1064 et
932 988 1049 1080 terris,
1061 1013 1124 1064 seu
1138 989 1231 1078 laou,
1242 998 1277 1063 et
1289 985 1455 1062 omnibus
1463 985 1497 1060 ei
1506 985 1617 1083 perti-

393 1103 573 1178 uentibus.
590 1107 681 1179 Item
706 1103 892 1178 invenitur
908 1102 947 1176 in
965 1100 1035 1176 alio
1060 1113 1154 1177 torno
1171 1105 1302 1202 Papam
1322 1103 1361 1175 B.
1378 1100 1512 1176 locasse
1537 1098 1616 1174 cui-

393 1217 474 1291 dam
502 1217 624 1292 oomiti
643 1217 907 1292 Ariminensem
933 1217 1142 1292 comitatum
1161 1241 1244 1291 oum
1260 1215 1426 1290 omnibus
1443 1216 1519 1288 suis
1536 1236 1617 1311 per·

392 1329 567 1420 tinentiis,
583 1356 748 1407 unacum
762 1328 924 1406 aeoolesia
938 1341 1072 1406 sanotae
1081 1330 1204 1405 Mariae
1217 1354 1298 1427 quae
1314 1329 1447 1404 dieitur
1461 1328 1498 1402 in
1511 1337 1616 1402 turre

393 1469 506 1536 muro,
515 1471 598 1521 cunr
611 1446 786 1535 omnibus,
800 1455 836 1521 et
849 1471 932 1521 oum
947 1444 1046 1544 plebe
1059 1444 1176 1518 saneti
1194 1443 1451 1518 Paternianum
1469 1442 1506 1514 iu
1524 1442 1616 1515 iute-

392 1581 460 1652 gro
476 1582 556 1656 quae
568 1568 623 1634 est
634 1559 725 1632 iuris
738 1569 871 1634 sanotae
888 1557 1012 1633 Mariae
1025 1582 1103 1656 qum
1120 1556 1254 1632 dioitur
1270 1557 1308 1629 in
1326 1571 1425 1630 turre
1443 1577 1542 1630 novo.
1561 1554 1617 1627 Si·

395 1671 529 1746 militer
551 1670 748 1746 aeclesiam
772 1681 906 1746 sanotae
930 1671 1054 1745 Mariae
1079 1694 1158 1768 quse
1182 1669 1318 1745 dieitur
1338 1668 1377 1742 in
1400 1665 1616 1764 Argumino,

396 1808 480 1857 oum
495 1783 586 1859 cella
600 1785 715 1858 sancti
730 1783 902 1859 Theodori
915 1783 953 1856 in
966 1783 1109 1880 integro
1125 1810 1208 1859 oum
1222 1781 1387 1857 omnibus
1399 1793 1436 1858 et
1448 1791 1614 1856 sanetum

396 1895 591 1992 Georgium
611 1897 648 1970 in
667 1896 808 1993 integro
825 1896 886 1994 qui
912 1905 967 1972 est
990 1897 1127 1996 positus
1151 1896 1252 1970 iuxta
1281 1896 1398 1970 forum
1415 1895 1615 1995 publicum,

397 2035 478 2085 oum
505 2009 669 2086 omnibus
694 2010 780 2100 suis,
798 2009 976 2108 simulque
1001 2009 1222 2085 territorium
1248 2009 1433 2105 integrum
1450 2007 1541 2106 quod
1559 2017 1617 2081 est

394 2122 506 2198 castri
524 2122 688 2211 Concha,
707 2148 790 2198 oum
804 2123 880 2196 suis
892 2121 1111 2220 publicariis,
1124 2132 1160 2198 et
1172 2121 1404 2196 armamaniis
1416 2130 1453 2197 et
1464 2119 1618 2196 ecelesia

393 2237 509 2312 saneti
535 2237 716 2334 Stephani.
734 2239 780 2310 Et
805 2235 1028 2311 medietatem
1046 2236 1089 2311 de
1118 2236 1291 2310 comitatu
1309 2237 1502 2324 Peusauro,
1527 2257 1614 2309 oum

394 2345 537 2448 publiea
559 2361 595 2424 et
611 2349 778 2424 armariis
794 2349 870 2423 suis
887 2349 982 2423 infra
999 2348 1184 2424 civitatem
1201 2349 1327 2446 ipsam,
1344 2348 1403 2424 vel
1421 2349 1507 2424 foris
1525 2348 1618 2446 posi·

393 2463 440 2536 tis
462 2471 638 2560 quantum
663 2463 709 2537 ud
735 2461 960 2538 medietatem
985 2461 1099 2560 ipsius
1124 2462 1316 2537 comitatus
1340 2461 1503 2560 pertinet,
1520 2461 1618 2536 sieut

393 2574 568 2649 dividitur
588 2600 609 2648 a
626 2573 737 2649 fluvio
761 2575 824 2674 qui
852 2574 985 2650 dicitur
1002 2573 1096 2649 fiolia
1122 2598 1235 2673 usque
1252 2574 1298 2649 ad
1314 2574 1466 2649 flurium
1485 2574 1547 2672 qui
1564 2573 1619 2648 di·

394 2687 490 2764 citur
504 2687 663 2774 Taullus,
676 2711 759 2762 oum
773 2687 938 2762 omnibus
954 2687 999 2762 ad
1015 2689 1081 2765 hoo
1098 2689 1369 2790 pertinentibus.
1382 2691 1424 2763 Iu
1442 2689 1616 2764 comitatu

395 2800 596 2890 Orbinensi,
618 2799 755 2898 plebem
783 2799 898 2875 saneti
916 2801 1014 2876 Petri
1031 2826 1111 2900 quae
1128 2801 1262 2877 dieitur
1279 2803 1316 2875 in
1336 2802 1476 2878 Arsieio
1492 2809 1529 2877 et
1545 2800 1619 2900 ple-

395 2914 477 2988 bem
498 2915 614 2990 sanoti
632 2915 836 2991 Gaudentii.
849 2918 916 2990 Est
931 2938 1016 2991 vero
1032 2916 1154 3013 pensio
1170 2915 1423 3016 praedictarum
1440 2915 1620 2991 aeeclesia·

394 3051 475 3102 rum
493 3029 557 3102 LX
572 3027 762 3104 solidorum
779 3028 917 3103 denarii
929 3027 1153 3128 papiensium
1166 3029 1323 3127 exceptis
1339 3028 1568 3104 eomitatibus
1579 3038 1619 3104 et

392 3162 513 3216 eorum
530 3141 767 3240 pertinentiis.
784 3144 873 3218 Item
888 3141 926 3216 in
939 3142 1090 3240 quodam
1104 3141 1256 3218 oartioio
1274 3142 1465 3241 privilegio
1477 3142 1618 3218 inveni·

393 3265 455 3328 tur
467 3277 583 3329 nonus
592 3257 662 3330 Leo
675 3257 771 3353 Papa
780 3253 915 3331 looesse
927 3253 1049 3330 comiti
1064 3255 1289 3331 Auoouitano
1302 3255 1490 3354 prefatum
1508 3255 1617 3331 comi·

393 3375 509 3442 tatum
522 3365 785 3443 Ariminensem
798 3378 835 3444 et
848 3367 1012 3466 praefatas
1025 3367 1294 3444 eiusaeoolesias
1307 3378 1343 3445 et
1354 3377 1516 3446 nastrum
1526 3369 1617 3444 Oon·

394 3478 473 3569 oha,
497 3488 534 3554 et
556 3478 707 3554 fundum
726 3479 788 3578 qui
805 3479 939 3556 dicitur
955 3479 1042 3568 sale,
1059 3480 1121 3578 qui
1139 3491 1195 3557 est
1211 3481 1316 3556 iuxta
1332 3480 1471 3581 plebem
1499 3481 1616 3557 saneti

393 3589 574 3680 Iohannis,
592 3615 671 3689 quae
700 3592 832 3667 dieitur
857 3593 895 3666 in
913 3593 1024 3668 Rufio.
1041 3595 1131 3668 Item
1157 3594 1195 3668 in
1220 3593 1291 3669 alio
1315 3595 1501 3672 invenitur
1525 3593 1617 3668 iuris

393 3704 488 3782 beati
500 3707 599 3781 Petri
616 3729 692 3782 esse
709 3706 885 3806 palatium
903 3705 1132 3784 Ariminense
1149 3733 1233 3783 oum
1251 3707 1388 3807 capella
1405 3708 1523 3784 saneti
1540 3711 1617 3807 Ny·

393 3817 484 3894 oolai
501 3819 602 3892 iuxta
619 3816 744 3916 posita,
760 3828 796 3894 et
813 3818 928 3893 curtis
941 3819 984 3894 de
997 3820 1132 3918 Campo
1149 3820 1257 3918 longo
1274 3847 1357 3897 oum
1375 3823 1470 3898 turri
1487 3847 1563 3912 sua,
1580 3831 1617 3896 et

394 3939 553 4006 oestrum
584 3955 758 4028 maguum
784 3931 898 4008 latum
921 3957 1003 4008 oum
1021 3941 1123 4007 curte
1153 3943 1189 4008 et
1214 3933 1445 4031 apendioibus
1470 3935 1556 4023 suis,
1579 3943 1616 4007 et

392 4043 649 4120 monasterium
667 4052 803 4120 sanotae
820 4043 949 4120 Mariae·
960 4046 998 4120 in
1016 4044 1180 4122 Arbulioi
1199 4071 1283 4122 oum
1301 4057 1403 4124 curte
1420 4057 1457 4124 et
1473 4046 1615 4147 apendi-

392 4155 495 4230 cibus
504 4155 592 4245 suis,
601 4165 637 4231 et
646 4165 748 4232 curte
757 4165 937 4246 eternano,
947 4166 983 4232 et
991 4169 1150 4235 oestrum
1161 4161 1492 4238 Aroinianumoum
1502 4173 1615 4249 curte,

392 4277 428 4342 et
445 4282 606 4343 castrum
625 4269 767 4342 Mazina
784 4293 867 4344 cum
885 4279 998 4360 curte,
1015 4282 1051 4348 et
1064 4273 1235 4348 medietas
1248 4275 1357 4350 castri
1371 4276 1513 4365 Erucio,
1531 4300 1614 4350 eum

392 4383 462 4456 1111
481 4380 626 4470 mansis,
648 4390 684 4457 et
706 4391 865 4459 castrum
883 4390 1085 4482 paternum,
1103 4395 1139 4460 et
1156 4410 1391 4486 quaeoumque
1409 4385 1525 4463 locata
1543 4387 1617 4462 lue·

392 4503 517 4568 runta
537 4497 704 4570 Romanis
722 4495 955 4572 Pontilioibus
980 4497 1123 4573 auidam
1143 4499 1310 4604 Marooiae
1327 4499 1518 4576 eomitissa
1537 4501 1617 4575 Ari·
