3638 5294
886 413 927 428 -
952 379 1019 443 484
1044 411 1086 428 -

375 523 420 574 ex
437 499 590 575 caritate
608 499 669 574 sed
686 523 730 574 ex
743 499 887 597 praemio
904 499 999 575 facta
1017 499 1223 575 constititur
1240 499 1364 574 maiori
1382 481 1596 576 emendatio

374 638 420 688 ne
438 613 663 711 plectendum
685 624 748 688 cst.
766 613 983 688 LXXVIIII.
1001 615 1041 686 In
1069 612 1174 687 rebus
1191 612 1374 708 ambiguis
1391 612 1594 688 absolutum

372 751 443 800 non
461 727 564 802 debet
581 752 658 802 esse
680 725 863 800 iudicium.
885 728 1004 800 Grave
1028 728 1164 800 satiset
1181 725 1427 814 inaccensam,
1441 737 1482 801 ut
1499 727 1537 800 in
1556 753 1594 801 re

373 839 481 914 dubia
493 849 591 916 certa
608 841 750 916 dicatur
767 839 955 916 sententia.
968 839 1097 914 XCIII.
1111 838 1321 914 sinodorum
1335 839 1531 915 sententias
1544 865 1596 914 se-

374 963 534 1050 quentes,
549 953 702 1029 minores
715 952 839 1050 culpas
852 977 931 1050 quae
944 961 1125 1048 negantur
1138 952 1264 1027 ulcisci
1283 977 1500 1028 recusamus.
1516 957 1598 1027 Pre-

373 1067 497 1142 sbiteri
515 1067 577 1166 qui
594 1069 632 1141 in
649 1067 796 1142 obiectis
814 1067 880 1142 sibi
907 1065 1075 1165 capitulis
1100 1068 1358 1141 contumaciter
1385 1067 1595 1164 respondere

374 1179 644 1278 temptauerint,
656 1179 824 1254 volumus
837 1189 878 1253 ut
891 1179 943 1254 eis
960 1190 1038 1276 post
1051 1183 1084 1254 II
1097 1183 1193 1255 etIII
1206 1181 1481 1257 admonitionem
1496 1190 1596 1253 tuam

375 1294 616 1370 ministerium
630 1293 724 1369 sacri
737 1293 1323 1380 interdicasofficii.OXOIIII.Qui
1334 1291 1594 1390 prodeferenda

375 1406 606 1482 accusatione
624 1429 743 1482 sacros
758 1406 899 1481 ordines
915 1405 1104 1503 acceperit,
1121 1405 1253 1480 eisdem
1278 1405 1462 1479 ordinibus
1480 1405 1597 1502 priva·

375 1527 435 1592 tus
452 1543 529 1594 esse
546 1529 654 1617 atque
671 1519 722 1592 ita
735 1519 829 1594 sicut
845 1517 994 1617 depositi
1010 1529 1097 1592 sunt
1114 1518 1280 1592 volumus
1298 1542 1515 1616 permanere,
1528 1541 1596 1592 nec

376 1655 536 1728 unquam
555 1633 622 1707 sub
635 1631 795 1730 qualibet
811 1632 1053 1708 excusationis
1066 1631 1183 1730 specie
1199 1633 1237 1704 in
1250 1655 1368 1707 sacros
1385 1631 1527 1705 ordines
1544 1655 1597 1704 re-

375 1745 497 1820 vocari
521 1747 755 1823 decernimus.
764 1751 857 1822 Nam
874 1747 984 1820 nimis
1000 1743 1191 1840 indignum
1208 1755 1273 1830 est,
1286 1754 1327 1816 ut
1344 1743 1473 1818 bonore
1490 1767 1595 1842 quem

377 1882 447 1932 non
470 1883 514 1934 ex
530 1861 670 1935 meritis
686 1861 746 1936 sed
772 1885 833 1958 pro
858 1861 1003 1935 sceleris
1029 1881 1224 1956 percepere·
1240 1857 1454 1953 fungantur,
1471 1857 1530 1930 sed
1558 1856 1598 1928 in

376 1970 499 2046 ordine
516 1971 662 2070 locoque
680 1997 744 2047 suo
757 1972 851 2047 unde
865 1973 909 2046 ad
922 1994 1042 2048 sacros
1059 1969 1199 2044 ordines
1219 1969 1365 2067 promoti
1383 1970 1527 2044 fuerant
1540 1993 1599 2042 vo·

375 2081 496 2158 lumus
510 2085 880 2161 revocariOommoda
893 2109 1055 2160 verosua
1073 2085 1268 2159 secundum
1286 2083 1402 2159 locum
1423 2095 1459 2158 ct
1475 2084 1598 2158 ordine

377 2194 415 2268 in
433 2219 501 2294 quo
519 2199 670 2296 quisque
687 2221 807 2272 eorum
827 2209 892 2285 est,
910 2197 1005 2272 sicut
1022 2207 1099 2273 erat
1115 2197 1241 2271 solitus
1254 2197 1426 2293 accipere,
1443 2197 1493 2270 ita
1507 2197 1600 2271 acci·

376 2303 503 2404 piebat.
521 2309 580 2383 Illi
597 2309 809 2386 confessioni
827 2309 1042 2384 credendum
1060 2319 1124 2398 est,
1142 2333 1248 2406 quam
1267 2308 1449 2383 subtilitas
1465 2308 1598 2382 exami-

376 2420 433 2494 nis
450 2421 537 2498 eicit
553 2447 597 2498 ex
610 2422 796 2498 hoccultis.
814 2425 865 2496 Ea
883 2445 967 2496 vero
985 2447 1091 2520 quarn
1109 2421 1303 2497 vehemens
1319 2421 1466 2496 afflictio
1483 2431 1597 2495 extor-

377 2543 473 2628 quet,
497 2536 577 2629 agit
600 2559 708 2632 super
733 2535 903 2633 equitate,
928 2545 970 2608 ut
995 2535 1139 2609 noxium
1171 2560 1207 2609 se
1237 2534 1391 2608 fateatur
1420 2533 1596 2606 innoxius.

376 2645 438 2718 Illi
456 2647 571 2723 solent
589 2649 754 2723 manibus
775 2649 954 2736 excedere,
972 2648 1032 2745 qui
1051 2649 1210 2721 insensu
1224 2656 1260 2721 et
1273 2647 1400 2742 lingua
1417 2647 1598 2720 deficiunt.

377 2761 496 2856 Turpe
512 2770 567 2835 est
584 2761 769 2836 defendere
788 2761 879 2858 quod
897 2762 996 2858 prius
1022 2785 1091 2834 non
1118 2760 1324 2835 constititur
1348 2760 1484 2832 iustum
1510 2783 1598 2834 esse.

376 2873 486 2946 Nulla
505 2877 640 2950 ratione
666 2877 812 2975 patitur,
838 2885 879 2948 ut
904 2875 941 2947 in
967 2874 1024 2948 his
1049 2897 1128 2970 quae
1153 2896 1214 2971 pro
1239 2873 1396 2947 utilitate
1420 2871 1598 2968 generali-

376 2986 462 3060 tatis
479 2987 611 3085 aliquis
627 2989 815 3087 impendia
835 2988 977 3085 aliquod
1003 2987 1180 3061 sustineat
1200 2985 1333 3060 iniuste
1360 2985 1595 3082 dispendium.

377 3099 501 3174 CCIII.
528 3107 747 3178 Accusatum
774 3103 1021 3201 symoniacum
1051 3123 1195 3174 necesse
1222 3099 1415 3173 habuimus
1445 3121 1600 3172 summo-

376 3237 460 3310 pere
485 3237 547 3311 per
563 3216 697 3312 scripta
710 3226 832 3290 nostra
857 3213 1115 3313 prohibemns
1140 3211 1328 3286 missarum
1346 3211 1533 3286 sollemnia
1544 3234 1601 3284 ce·

379 3325 517 3403 lebrare
537 3328 726 3416 debuisset,
751 3328 861 3402 donec
887 3327 980 3424 quod
1002 3349 1079 3400 esse
1100 3323 1222 3400 verius
1243 3319 1481 3422 potuissemus
1504 3321 1601 3395 addi·

377 3464 487 3515 scere.
509 3441 674 3515 Personis
700 3440 878 3536 religiosis
899 3440 930 3512 si
951 3439 1041 3518 forte
1061 3447 1103 3511 ut
1119 3437 1250 3512 assolet
1269 3437 1390 3533 aliqua
1415 3433 1601 3532 quomodo

378 3551 467 3628 libet
483 3553 593 3628 fuerit
605 3565 689 3628 nata
708 3553 873 3651 suspicio,
886 3560 921 3626 et
934 3552 1129 3626 electorum
1148 3547 1431 3625 desideraverint
1443 3547 1533 3621 forte
1547 3547 1601 3619 iu-

378 3664 525 3754 dicium,
545 3665 673 3740 subvia
690 3664 896 3740 executione
913 3662 1071 3759 eligendi
1089 3663 1143 3737 fas
1161 3658 1314 3737 babeant
1334 3661 1538 3758 cognitores
1554 3681 1601 3732 ne

379 3787 477 3852 actor
494 3779 588 3876 apud
613 3787 818 3874 suspectum
844 3775 1021 3872 litigando
1041 3775 1206 3850 videatur
1228 3774 1475 3873 praeiudicium
1493 3773 1601 3846 susti·

378 3913 474 3964 nere.
492 3891 752 3966 CCLXXXIII.
768 3891 823 3964 Ne
841 3913 911 3986 qua
929 3888 971 3964 de
987 3887 1045 3962 his
1062 3913 1142 3986 quae
1158 3887 1253 3962 dicta
1271 3887 1416 3960 fuerant
1436 3886 1474 3959 in
1492 3894 1527 3959 te
1543 3909 1602 3957 su-

379 4003 490 4102 spicio
510 4012 719 4090 remaneret‚
735 4002 780 4076 ad
804 3999 1049 4098 plenissimam
1067 4009 1102 4074 te
1118 3996 1397 4074 satisfactionem
1419 3996 1464 4070 ad
1485 4019 1603 4070 sacra·

379 4118 560 4192 tissimum
589 4141 716 4216 corpus
745 4113 838 4190 beati
864 4113 962 4188 Petri
991 4112 1161 4191 distracta
1191 4110 1344 4186 fecimus
1373 4118 1601 4184 sacramenta

380 4229 544 4328 praebere.
575 4229 645 4316 Qui
673 4252 744 4303 non
774 4226 925 4322 corrigit
955 4225 1146 4301 resecanda
1183 4221 1384 4298 committit.
1415 4221 1600 4296 GCCLXI.

381 4343 420 4415 Si
446 4343 526 4440 quis
551 4353 675 4417 contra
700 4339 895 4439 quemlibet
912 4337 1085 4414 clericum
1112 4360 1257 4412 causam
1284 4334 1462 4420 habuerit,
1487 4333 1600 4431 ipsius

381 4455 581 4555 episcopum
604 4455 718 4541 adeat,
734 4464 776 4531 ut
799 4463 864 4526 aut
888 4452 963 4548 ipse
980 4459 1183 4544 cognoscat,
1200 4458 1264 4523 aut
1281 4457 1377 4522 certe
1394 4446 1438 4520 ab
1456 4447 1532 4544 ipso
1548 4445 1602 4518 iu·
