3646 5292
883 408 1079 470 -192-

911 627 1053 712 XLIHI.

884 831 1034 899 Epistola
1052 833 1076 884 1.

467 995 665 1092 Gregorius
682 995 720 1068 in
738 993 956 1069 sinodalibus
974 993 1129 1069 statutis.
1145 996 1188 1067 In
1205 993 1273 1068 hac
1291 999 1416 1067 sancta
1433 995 1593 1067 Romana

371 1109 561 1200 AEcclesia,
578 1135 661 1185 cum
683 1109 806 1185 divina
830 1106 1046 1206 dispensatio
1070 1130 1219 1204 praesse
1238 1104 1438 1193 mavoluit,
1456 1103 1591 1179 dudum

370 1225 588 1300 consuetudo
600 1233 654 1299 est
667 1223 770 1299 valde
784 1219 1071 1320 reprehensibilis
1084 1229 1215 1309 exorta,
1228 1229 1270 1293 ut
1282 1217 1426 1317 quidam
1440 1218 1486 1292 ad
1499 1216 1591 1292 sacri

370 1335 494 1411 altaris
520 1335 759 1412 ministerium
786 1345 948 1412 cantores
969 1335 1164 1430 eligantur,
1183 1342 1219 1408 et
1240 1332 1278 1405 in
1303 1332 1514 1407 diaconatus
1537 1354 1592 1406 or·

370 1449 452 1524 dine
469 1450 656 1524 constituti
674 1448 905 1524 modulationi
923 1449 1022 1524 vocis
1039 1447 1249 1535 inserviant,
1266 1469 1353 1544 quos
1366 1445 1411 1520 ad
1425 1445 1592 1544 praedica·

370 1562 477 1636 tionis
493 1563 648 1637 officium
665 1562 1037 1658 helemosinarumque
1061 1558 1192 1634 studiis
1212 1583 1344 1634 vacare
1361 1556 1591 1654 congruebat.

370 1675 473 1752 Unde
490 1676 530 1748 fit
546 1674 756 1773 plerumque
782 1685 823 1750 ut
846 1675 890 1749 ad
915 1700 1058 1749 sacrum
1085 1672 1328 1748 ministerium
1352 1673 1437 1746 dum
1462 1671 1592 1747 blanda

370 1812 440 1863 vox
463 1789 647 1886 quaeritur,
673 1811 834 1885 congrua
859 1789 935 1863 vita
961 1789 1189 1884 neglegatur,
1215 1797 1250 1862 et
1275 1795 1400 1862 cantor
1426 1785 1593 1859 minister

371 1904 486 1977 Deum
505 1901 661 1976 moribus
677 1901 833 1990 simulet,
846 1928 930 1977 cum
943 1901 1151 2000 populorum
1169 1900 1318 1975 vocibus
1335 1899 1496 1974 delectat.
1514 1902 1593 1988 Qua

371 2015 414 2090 de
432 2039 469 2089 re
487 2015 651 2114 praesenti
669 2015 809 2090 decreto
826 2015 1045 2106 constitutio,
1063 2015 1158 2088 utin
1177 2014 1257 2089 sede
1274 2013 1342 2089 hac
1359 2013 1452 2088 sacri
1466 2011 1594 2086 altaris

372 2131 530 2205 ministri
547 2139 692 2205 cantare
710 2153 781 2205 non
798 2130 960 2220 debeant,
977 2129 1162 2227 solumque
1187 2127 1410 2224 evangelicae
1428 2125 1593 2203 lectionis

371 2245 527 2320 officium
546 2245 641 2319 inter
659 2245 849 2319 Missarum
866 2241 1077 2342 sollempnia
1090 2240 1266 2316 exolvent.
1280 2239 1440 2315 Psalmos
1454 2261 1538 2313 vero
1551 2263 1594 2314 ao

372 2359 526 2457 reliquas
543 2357 712 2434 lectiones
729 2381 855 2433 censeo
871 2381 933 2456 per
950 2356 1193 2446 subdiaconos,
1205 2355 1266 2430 vel
1279 2354 1310 2429 si
1327 2355 1521 2429 necessitas
1538 2375 1595 2429 oo

371 2475 429 2570 git
453 2497 516 2572 per
539 2473 680 2548 ordines
702 2471 857 2547 minores
881 2470 1050 2547 exhiberi.
1076 2469 1115 2544 Si
1140 2469 1221 2567 quis
1246 2479 1367 2544 autem
1385 2475 1509 2542 contra
1526 2466 1593 2541 hoc

372 2588 553 2664 decretum
571 2611 691 2662 meum
710 2586 834 2662 venire
852 2585 1093 2684 temptaverit,
1110 2584 1301 2660 anathema
1318 2583 1377 2658 sit.

929 2811 1034 2897 XLV.

468 3037 649 3113 Martinus
667 3036 846 3115 Theodoro
862 3038 957 3114 inter
975 3047 1102 3114 cetera.
1118 3037 1233 3112 Iussio
1258 3046 1419 3134 porrecta
1444 3043 1499 3109 est
1516 3058 1592 3132 pre-

372 3149 530 3248 sbyteris
542 3160 578 3225 et
591 3149 798 3226 diaconibus
816 3177 837 3225 a
855 3151 1025 3249 Calliope,
1038 3151 1076 3223 in
1090 3173 1160 3248 qua
1172 3148 1388 3224 humilitatis
1402 3172 1489 3223 meae
1501 3145 1593 3221 abie-

373 3263 444 3338 ctio
461 3262 711 3339 continebatur
729 3288 769 3340 eo
785 3265 876 3363 qued
893 3263 1152 3360 inregulariter
1169 3272 1205 3338 et
1226 3261 1302 3336 sine
1319 3261 1401 3358 lege
1418 3261 1594 3358 episcopa-

372 3386 450 3451 tum
464 3377 691 3466 invasissem,
704 3385 740 3454 et
748 3401 819 3452 non
827 3403 942 3455 essem
955 3377 1089 3474 dignus
1101 3375 1138 3449 in
1152 3373 1353 3473 Apostolica
1364 3373 1464 3463 Sede,
1473 3381 1509 3448 et
1516 3372 1594 3447 ideo

374 3515 431 3565 me
448 3491 487 3564 in
506 3491 642 3586 regiam
661 3491 787 3566 urbem
803 3491 988 3583 translato,
1005 3491 1097 3567 alter
1113 3491 1151 3564 in
1171 3513 1247 3564 meo
1272 3488 1347 3563 loco
1363 3487 1595 3562 substituere·

374 3613 435 3678 tur
452 3604 614 3679 antistes.
632 3604 731 3691 Quod
748 3630 934 3704 nunquam
952 3606 1087 3680 iactum
1107 3613 1172 3692 est,
1188 3627 1256 3678 neo
1273 3601 1349 3676 fieri
1368 3600 1484 3676 habet.
1501 3599 1594 3687 Quia

372 3717 411 3789 in
428 3718 524 3792 omni
540 3717 616 3793 loco
633 3717 935 3818 Archipresbyter
952 3727 988 3794 et
1006 3715 1299 3804 Archidiaconus‚
1323 3722 1360 3788 et
1384 3711 1592 3788 Primicerei

317 3851 318 3856 ’
373 3837 630 3927 repraesentant
646 3829 764 3905 vicem
782 3831 966 3906 Pontificis
983 3831 1022 3903 in
1039 3829 1117 3905 eius
1132 3826 1302 3904 absentia.
1319 3829 1366 3901 Et
1383 3835 1522 3902 caetera.

921 4022 1047 4108 XLVI.-

615 4234 664 4285 Ex
683 4235 814 4288 concillo
834 4235 906 4286 1111.
925 4235 950 4286 L
969 4236 1207 4300 ‘opiscoporum
1224 4233 1351 4286 van.

468 4395 682 4470 Anastasius
699 4395 893 4494 Presbyter
911 4395 1077 4471 Cardinis
1094 4395 1218 4483 nostri,
1236 4419 1341 4493 quern
1360 4417 1423 4468 nos
1436 4392 1473 4466 in
1487 4393 1592 4468 titulo

371 4507 466 4582 beati
485 4508 647 4583 Marcelli
667 4509 825 4583 Martiris
842 4516 878 4582 et
896 4507 1080 4583 Pontificis
1097 4508 1352 4594 ordinavimus,
1369 4519 1492 4581 contra
1514 4531 1594 4578 san-
