3646 5292
905 391 1107 460 -228-

394 537 507 590 unum
525 522 621 589 sunt.
638 513 762 591 Niobil
778 513 934 591 sanctior
951 512 1032 612 plus
1048 517 1201 608 arroget
1218 511 1340 608 Ipsum
1353 507 1449 584 enim
1464 531 1546 606 pars
1562 513 1617 582 est

395 653 472 704 esse
488 628 728 704 humiliorem.
745 629 814 705 Sed
830 652 899 704 nec
915 654 1099 728 personam
1117 632 1267 708 alterius
1280 630 1501 730 accipiamus
1514 628 1550 702 in
1565 629 1618 704 iu·

334 765 339 773 ·
394 742 495 818 dicio.
513 741 637 817 Gratia
654 741 758 831 absit,
774 767 892 818 causa
910 745 1036 820 merita
1053 745 1261 822 decernunt.
1277 741 1401 819 Nicbil
1418 741 1471 817 sic
1488 741 1619 840 opinio·

394 879 488 946 nem,
504 855 613 931 immo
629 855 734 931 fidem
751 865 894 953 gravat,
911 882 1016 957 quam
1036 859 1067 934 si
1085 859 1123 934 in
1141 857 1341 947 iudicando,
1353 853 1542 955 potentiori
1564 855 1620 928 do

394 994 459 1044 nes
475 991 624 1045 causam
641 969 821 1044 inferioris
838 970 895 1047 vel
914 995 1104 1072 pauperem
1123 973 1354 1047 innocentem
1371 993 1517 1067 arguas,
1530 968 1619 1043 divi-

394 1093 468 1158 tem
487 1108 635 1160 excuses
653 1108 753 1160 reum
771 1085 885 1184 culpe.
903 1089 951 1162 Et
967 1086 1071 1160 infra.
1089 1086 1285 1185 Episcopus
1303 1096 1344 1159 ut
1362 1082 1532 1158 membris
1544 1081 1621 1156 suis

394 1205 518 1272 utatur
535 1196 676 1274 clericis
693 1207 757 1273 aut
770 1199 924 1276 maxime
938 1199 1126 1288 ministris,
1142 1199 1203 1299 qui
1218 1207 1303 1274 sunt
1315 1221 1400 1273 vere
1413 1195 1488 1270 lilii.
1506 1199 1620 1283 Quem

395 1309 525 1407 cuique
542 1309 673 1386 viderit
689 1320 811 1386 actum
831 1311 965 1387 muniri
979 1321 1015 1388 ct
1031 1313 1185 1411 deputet.
1204 1313 1295 1388 Cum
1314 1309 1411 1385 dolor
1428 1319 1483 1384 est
1499 1333 1620 1406 ampu-

395 1431 495 1497 tatur
511 1425 618 1500 etiam
637 1449 716 1524 quae
734 1426 873 1524 putruit
891 1451 973 1526 pars
990 1427 1156 1524 corporis,
1173 1435 1209 1501 et
1227 1425 1287 1500 diu
1314 1433 1492 1499 tractatur
1517 1421 1547 1496 si
1565 1445 1622 1520 po-

395 1547 466 1612 test
483 1541 604 1612 sanari
622 1540 903 1617 medicamentis.
921 1542 960 1616 Si
978 1565 1049 1616 non
1074 1549 1197 1640 potest,
1215 1548 1303 1614 tunc
1325 1563 1346 1627 a
1372 1537 1509 1613 medico
1533 1535 1624 1610 bono

395 1650 602 1729 absciditur.
620 1654 680 1730 Sic
698 1655 862 1754 Episcopi
875 1655 1024 1730 affectus
1041 1653 1123 1728 boni
1137 1662 1202 1743 est,
1219 1665 1261 1726 ut
1277 1661 1372 1750 optet
1386 1650 1507 1725 sanari
1525 1650 1624 1723 infir-

397 1788 483 1856 mos,
501 1768 681 1866 serpentia
706 1768 863 1860 auferre,
884 1769 1006 1844 ulcera
1022 1767 1190 1856 adurere,
1205 1765 1326 1865 aliqua
1347 1789 1417 1840 non
1433 1763 1624 1840 abscidere.

396 1879 580 1955 Postremo
597 1881 688 1980 quod
708 1880 828 1954 sanari
846 1905 917 1957 non
935 1889 1060 1980 potest,
1077 1906 1160 1957 cum
1178 1878 1294 1954 dolore
1312 1877 1504 1954 abscidere.
1521 1877 1624 1952 Unde

395 1991 656 2090 pulcerrimum
685 1994 773 2070 illud
807 2005 1023 2095 praeceptum
1055 1995 1173 2093 magis
1198 1993 1342 2084 eminet,
1364 2003 1406 2068 ut
1422 1992 1623 2090 cogitemus

395 2129 466 2180 non
483 2131 563 2206 quae
579 2116 700 2183 nostra
716 2117 803 2183 sunt
819 2109 880 2184 sed
898 2135 977 2208 quae
994 2109 1157 2200 aliorum,
1178 2109 1247 2186 hoc
1271 2109 1367 2185 enim
1394 2107 1494 2183 modo
1510 2105 1623 2182 nichil

395 2219 465 2292 erit
485 2219 577 2317 quod
595 2219 651 2296 vel
670 2220 753 2296 irati
772 2231 891 2298 nostro
908 2223 1124 2320 indgeamus
1139 2223 1283 2314 affectu,
1305 2223 1364 2298 vel
1383 2222 1546 2297 faventes
1563 2244 1624 2295 no-

395 2339 479 2406 strae
491 2332 573 2430 plus
586 2331 680 2408 iusto
692 2333 894 2410 tribuamus
906 2337 1095 2426 voluntati,
1104 2337 1380 2412 hocmaximum
1395 2335 1622 2412 incentivum

398 2445 649 2523 misericordiae
662 2457 704 2523 ut
717 2450 977 2549 compatiamur
988 2451 1117 2526 alienis
1130 2449 1405 2526 calamitatibus.
1422 2449 1623 2528 Necessita-

396 2567 452 2634 tes
476 2559 629 2636 aliorum
653 2572 829 2660 quantum
855 2587 1044 2662 possumus
1070 2563 1248 2653 iuvemus,
1274 2573 1311 2638 ct
1336 2563 1417 2662 plus
1441 2562 1621 2638 interdum

397 2696 504 2771 quarn
519 2695 716 2771 possumus.
738 2675 870 2752 Melius
886 2685 940 2752 est
956 2677 1052 2752 enim
1070 2700 1132 2774 pro
1154 2675 1397 2752 misericordia
1418 2701 1546 2753 causas
1563 2701 1623 2776 pa·

397 2809 477 2862 rara
492 2786 551 2862 vel
569 2787 742 2863 invidiam
759 2813 866 2888 quam
884 2789 1102 2888 praetendere
1118 2789 1356 2868 clementiam.
1374 2793 1421 2866 Et
1438 2800 1567 2866 cetera.

959 3017 1066 3126 cun.

495 3233 699 3309 Possidius
720 3233 916 3336 Episcopus
932 3231 970 3306 in
988 3233 1064 3309 vita
1081 3235 1197 3311 sancti
1216 3234 1426 3331 Augustini.
1452 3231 1623 3308 Valerius

398 3347 635 3447 Ypponiensis
653 3349 849 3447 Episcopus
866 3347 1075 3444 Augustino
1092 3347 1309 3446 Presbytero
1326 3371 1391 3422 suo
1412 3354 1621 3444 potestatem

398 3461 495 3537 dedit
508 3486 545 3537 se
561 3485 680 3538 coram
694 3462 732 3536 in
746 3462 908 3539 aecclesia
923 3460 1156 3556 evangelium
1171 3458 1399 3558 praedicandi,
1412 3467 1447 3534 et
1459 3458 1622 3556 frequen·

398 3573 537 3650 tissime
553 3575 732 3650 tractandi
749 3585 874 3651 contra
886 3601 993 3650 usum
1007 3585 1045 3651 et
1057 3574 1352 3650 consuetudinem
1367 3572 1623 3648 Africanarum

399 3687 645 3765 ecclesiarum.
668 3687 772 3764 Unde
795 3689 905 3766 etiam
935 3699 972 3765 et
998 3687 1164 3764 nonnulli
1191 3685 1355 3786 Episcopi
1380 3683 1624 3762 detrahebant.

400 3801 470 3876 Sed
486 3800 548 3876 ille
564 3800 623 3874 vir
638 3800 857 3876 venerabilis
873 3826 916 3877 ac
942 3801 1113 3900 providus
1129 3801 1167 3875 iu
1192 3799 1427 3876 orientalibus
1451 3797 1624 3875 aeclesiis

400 3913 437 3988 id
453 3939 499 3990 ex
514 3937 611 3989 more
628 3913 704 3990 fieri
723 3914 851 4004 sciens,
868 3925 905 3990 ct
920 3913 1070 3990 utilitati
1096 3913 1266 3989 aecclesioe
1291 3913 1493 4012 providens,
1509 3909 1624 3986 obtre-

400 4027 577 4103 ctantium
599 4049 670 4102 non
687 4025 838 4104 curabat
862 4027 1022 4124 linguas,
1040 4025 1230 4102 dummodo
1255 4025 1488 4102 factitaretur
1509 4047 1624 4122 apre-

403 4139 559 4238 sbytero,
576 4139 707 4236 quoda
731 4165 769 4215 sc
793 4139 955 4239 episcopo
980 4139 1122 4238 impleri
1148 4137 1296 4215 minime
1321 4161 1422 4237 posse
1443 4135 1623 4213 cernebat.

400 4256 527 4328 Postea
543 4275 629 4330 vero
645 4264 813 4331 currente
830 4263 866 4331 ct
850 4253 1006 4330 ttvolan
990 4263 1026 4330 tc
1043 4253 1249 4328 huiusmodi
1266 4253 1374 4342 fama,
1390 4249 1480 4326 bono
1493 4272 1624 4348 praece-

400 4365 505 4441 dente
518 4366 688 4466 exemplo,
697 4377 852 4494 ‘accepta
869 4365 914 4441 ab
930 4365 1104 4466 episcopis
1122 4373 1305 4464 potestate,
1319 4361 1519 4504 presbyteri
1538 4384 1623 4437 non-

401 4477 494 4552 nulli
512 4501 632 4556 coram
649 4476 822 4578 episcopis
839 4487 996 4555 tractare
1013 4487 1207 4576 ceperunt.
