3618 5316
720 415 918 480 -31'1-

209 545 248 619 in
265 544 438 620 comitatu
460 541 624 631 Coruino,
638 550 674 617 et
690 541 728 616 in
750 539 923 616 comitatu
938 540 1132 633 Rusellam,
1149 551 1185 618 et
1205 543 1242 617 in
1260 538 1433 619 comitatu

211 658 351 748 Pisana,
367 657 445 732 haec
460 655 672 756 patrimonia
688 655 783 730 beati
800 653 908 742 Petri,
934 665 970 730 et
986 656 1031 730 ab
1056 657 1175 732 eodem
1194 658 1318 733 locata.
1336 657 1433 732 Idest

210 772 324 847 curtis
341 795 419 870 quac
442 768 575 845 dicitur
593 767 818 854 Barrianum
836 776 873 842 et
891 769 1168 866 Carpauianum
1187 796 1270 846 cum
1289 770 1435 846 castello

211 906 285 973 suo,
298 891 334 958 et
346 882 460 956 curtis
473 881 563 954 vada
577 880 677 955 iuxta
691 906 798 968 mare,
811 889 847 956 et
860 883 1081 980 pimstellum
1095 895 1132 959 et
1149 883 1354 974 Valentina‚
1366 894 1435 960 ter-

213 1023 253 1072 ra
266 1021 346 1096 qua
361 996 504 1095 ponitur
522 995 617 1071 inter
631 1001 730 1069 Arno
744 1005 780 1071 et
794 997 950 1089 Armice,
964 1007 1000 1073 et
1013 1001 1131 1073 Massa
1145 1023 1224 1096 quae
1237 999 1382 1096 ponitur
1395 999 1440 1072 in‘

211 1121 307 1186 terra
324 1135 404 1208 quae
420 1109 564 1208 ponitur
580 1109 619 1183 in
636 1109 805 1184 Palicano
822 1121 858 1187 et
874 1120 970 1188 terra
987 1111 1233 1187 Inbineentale
1259 1120 1295 1186 et
1316 1113 1433 1204 Maxe,

211 1235 308 1300 terra
322 1223 358 1298 in
373 1223 545 1322 Saltuplo,
558 1249 673 1299 masse
686 1224 724 1298 in
738 1225 902 1314 Carrara,
916 1249 1019 1300 maxe
1036 1234 1072 1300 et
1089 1235 1185 1302 terra
1203 1253 1224 1301 a
1242 1225 1434 1326 Saltopp10,

212 1349 308 1414 terra
327 1363 349 1412 a
370 1337 450 1413 vico
472 1337 603 1428 Solam,
620 1347 725 1414 terrae
743 1348 778 1414 et
795 1363 922 1412 massae
938 1339 976 1411 in
993 1347 1089 1414 terra
1105 1339 1254 1432 inserto,
1275 1351 1372 1416 terra
1396 1341 1434 1414 in

212 1457 411 1543 Brancan0‚
433 1478 548 1529 masse
565 1463 602 1528 et
618 1463 713 1530 terre
730 1477 809 1554 quae
825 1459 1006 1551 ponuntur
1023 1450 1060 1525 in
1082 1462 1180 1529 terra
1200 1454 1433 1544 lndimizan0‚
1530 1475 1534 1484 ·

212 1568 361 1642 terrain
375 1565 572 1658 FundaniO,
588 1576 685 1643 terra
702 1567 741 1641 in
758 1564 991 1661 'Pinpaniann
1008 1567 1158 1642 terrain
1177 1567 1433 1659 decim0,ter1·a

213 1680 251 1753 in
264 1680 428 1772 Lcoiana,
440 1689 536 1755 terra
550 1680 588 1753 in
601 1681 758 1770 Paetina,
772 1703 897 1753 massae
910 1678 947 1752 in
960 1682 1097 1755 Avanac
1110 1691 1146 1758 et
1162 1707 1274 1758 masse
1287 1683 1325 1756 in
1334 1681 1432 1770 Rom,

214 1818 340 1869 massae
353 1804 389 1870 et
406 1803 502 1869 terra
516 1794 553 1866 in
566 1793 733 1884 convalli,
745 1802 842 1870 terra
854 1799 891 1864 et
908 1815 1023 1867 masse
1041 1793 1078 1866 in
1096 1803 1191 1870 terra
1208 1804 1245 1870 et
1262 1819 1379 1869 masse
1397 1795 1435 1867 in

214 1911 416 1997 Lacumnae,
430 1933 555 1982 massae
568 1917 605 1982 et
613 1918 718 1984 terrae
726 1908 765 1981 in
775 1909 852 1982 sive
862 1903 901 1976 in
910 1905 1141 1996 Carbassana
1154 1903 1213 1983 vel
1228 1909 1265 1981 in
1279 1907 1439 1982 Bubilia·

214 2043 270 2109 n0‚
282 2020 359 2095 sive
372 2020 488 2096 sancti
501 2019 598 2096 Petri
612 2020 650 2093 in
661 2021 832 2097 Cisarana
842 2045 926 2098 cum
935 2021 1101 2095 omuibus
1110 2020 1186 2094 suis
1194 2021 1434 2120 pertinentiis,

214 2133 302 2208 villa
316 2133 476 2224 Miliana,
488 2142 524 2209 et
536 2133 626 2207 villa
640 2133 785 2224 Ariana,
796 2137 886 2210 villa
898 2136 937 2208 in
950 2121 1118 2231 Barg'ano
1132 2135 1242 2210 seuin
1257 2127 1385 2226 Gluza,
1398 2135 1437 2208 in

216 2245 305 2320 villa
327 2247 469 2337 maiore,
486 2247 525 2321 in
542 2250 695 2338 Batauo,
712 2248 750 2322 in
767 2252 940 2338 Fascana,
957 2257 992 2322 et
1016 2255 1118 2322 curte
1142 2246 1180 2319 in
1207 2245 1435 2336 Castellioua

216 2360 305 2435 villa
317 2387 339 2434 a
352 2361 441 2438 colle
454 2362 623 2460 Liquano‚
641 2389 768 2439 massae
785 2365 823 2438 in
838 2359 1015 2452 Caricine,
1028 2385 1145 2436 masse
1158 2360 1196 2434 in
1209 2361 1306 2449 Boio,
1322 2384 1436 2436 masse

216 2475 255 2549 in
273 2474 466 2564 (lassatim,
482 2461 597 2550 curtis
615 2476 795 2552 Cesarana
808 2501 891 2552 cum
905 2474 1066 2550 aecclesia
1083 2475 1200 2548 sancti
1219 2473 1381 2564 Andreoe‚
1403 2483 1440 2550 et

217 2589 331 2665 curtis
343 2587 569 2688 quae'dicitur
585 2589 690 2664 vicus
707 2599 743 2665 et
760 2588 921 2665 aecclesia
939 2597 1073 2664 sanctae
1085 2589 1224 2663 Rufinae
1237 2612 1320 2663 cum
1334 2596 1437 2666 curte

218 2728 295 2793 sua,
308 2711 344 2778 et
357 2701 472 2778 curtis
489 2703 650 2777 Piscaria
666 2701 704 2776 in
722 2703 876 2800 integre,
893 2712 930 2778 et
951 2702 1065 2777 curtis
1090 2703 1133 2778 dc
1159 2699 1440 2800 Campaniatim,

219 2839 346 2890 massae
357 2824 394 2891 at
406 2823 499 2890 terre
512 2814 550 2888 in
564 2815 726 2891 Cascana
738 2839 802 2890 seu
816 2803 853 2890 in
867 2841 931 2891 seu
944 2817 982 2890 in
996 2815 1218 2906 Petroniana,
1234 2816 1273 2890 in
1292 2815 1440 2891 castello

215 2929 262 3004 de
279 2929 494 3018 Carfiniana
511 2928 625 3004 curtis
641 2929 679 3002 in
696 2929 861 3021 Ursian0,
874 2955 981 3005 masaa
993 2935 1073 3028 quae
1086 2929 1258 3006 dicuntur
1276 2929 1439 3004 Grisomc

220 3043 309 3118 Iccio
327 3066 406 3140 quae
419 3052 600 3140 ponuntur
612 3042 707 3118 inter
720 3051 909 3140 paternum
923 3053 958 3118 et
974 3043 1013 3116 in
1028 3042 1258 3132 Cauriniana,
1276 3041 1312 3115 vi
1330 3041 1369 3114 in
1386 3041 1440 3113 in-

219 3155 402 3245 ceriliana‚
420 3156 457 3228 in
474 3155 613 3251 granio,
630 3155 667 3228 in
681 3154 858 3252 graniana
871 3166 908 3232 et
919 3157 991 3232 alia
1003 3157 1181 3254 graniana
1194 3156 1233 3230 in
1246 3156 1361 3231 curtis
1376 3157 1439 3229 Fo-

220 3267 363 3343 loniana
381 3293 465 3343 cum
483 3268 559 3342 suis
571 3267 809 3367 pertinentiis
826 3269 940 3344 curtis
957 3271 995 3344 in
1014 3268 1249 3359 CoscimianO,
1267 3267 1382 3344 curtis
1400 3269 1438 3341 in

221 3391 257 3457 et
273 3382 311 3455 in
324 3381 475 3456 lactaria
489 3405 572 3455 cum
586 3381 735 3456 introitu
748 3389 785 3456 et
800 3381 899 3456 exitu
912 3407 1048 3473 earum,
1061 3391 1097 3458 et
1114 3407 1197 3457 cum
1211 3382 1375 3456 omnibus
1393 3381 1438 3454 ad

221 3519 347 3570 omnes
360 3495 623 3593 suprascriptas
635 3495 751 3570 cintes
764 3504 800 3570 ct
812 3504 926 3570 terras
935 3493 1153 3591 generaliter
1163 3493 1200 3566 in
1210 3493 1353 3588 integro
1362 3517 1441 3592 per·

220 3607 431 3684 tinentibus.
444 3610 534 3683 Item
552 3608 590 3681 i'n
608 3609 759 3706 quedam
772 3617 866 3682 tomo
880 3608 1037 3706 curticle,
1050 3607 1113 3706 qui
1125 3615 1180 3682 est
1193 3605 1231 3679 in
1246 3604 1441 3680 cartulario

222 3722 323 3795 iuxta
336 3721 549 3810 Palladium,
562 3720 698 3817 legitur
711 3724 845 3820 Papam
858 3718 1091 3796 Benedictum
1106 3719 1241 3795 locasse
1254 3718 1439 3794 civitatem

222 3846 259 3910 et
268 3836 474 3911 comitatum
484 3839 715 3922 Suanensem
726 3857 809 3910 curn
819 3832 987 3922 castellis,
996 3841 1032 3908 et
1041 3831 1139 3907 villis
1148 3830 1357 3907 etomnibus
1368 3831 1444 3905 suis

223 3948 460 4048 pertinentiis.
468 3951 516 4025 Et
529 3947 714 4023 civitatem
724 3946 934 4022 comitatum
943 3943 1183 4021 Rusellensem
1196 3943 1394 4021 cum'villis
1407 3952 1444 4018 et

224 4061 384 4137 castellis
396 4071 432 4138 et
449 4062 525 4136 suis
538 4060 767 4160 pertinentiis
780 4068 816 4136 et
833 4057 1234 4156 districtaetplacitaet
1249 4055 1445 4132 cumomni

224 4176 365 4251 datione
382 4185 418 4252 et
435 4175 574 4250 redditu
592 4200 670 4264 suo,
682 4182 829 4275 prestat
845 4193 1068 4268 unaquaeque
1086 4170 1217 4246 civitas
1230 4170 1294 4243 LX
1307 4167 1443 4243 solidos,

224 4289 314 4362 Item
328 4288 366 4362 in
380 4287 451 4363 alio
462 4297 557 4362 tomo
571 4287 729 4363 eiusdem
740 4285 913 4363 cantuarii
926 4284 1064 4381 legitur
1076 4286 1147 4358 VII
1162 4287 1294 4384 Papam
1307 4281 1416 4356 Bonis
1435 4323 1449 4338 ·

220 4401 298 4475 tius
306 4401 441 4476 locasse
450 4399 641 4494 castellum
651 4409 750 4498 petra
760 4407 916 4499 pertusa,
925 4423 1009 4473 curn
1019 4397 1184 4472 omnibus
1194 4397 1226 4472 ei
1238 4395 1447 4496 pertinenti-

226 4514 396 4589 nentibus
412 4536 493 4589 cum
513 4512 645 4614 placito
657 4523 694 4588 et
710 4513 871 4590 districto
883 4536 1017 4604 eorum,
1032 4522 1069 4589 et
1081 4511 1298 4609 glandatica
1314 4523 1351 4586 et
1367 4509 1446 4586 her·
