3654 5302
900 435 943 450 -
968 403 1034 470 372
1058 438 1098 454 -

387 518 444 615 git
461 521 545 618 quia
563 520 780 598 iniustitiam
799 521 892 598 vidit
910 533 945 600 et
970 527 1094 602 tacuit.
1112 526 1224 624 Fugit
1249 525 1311 625 qui
1329 550 1366 602 so
1384 526 1451 602 sub
1467 526 1610 602 silentio

387 633 580 711 abscondit.
591 637 730 723 Quibus
747 637 837 713 bene
854 661 916 737 per
934 639 1138 739 prophetam
1153 641 1385 715 dicitnr.N0n
1398 641 1609 716 ascendistis

387 771 431 820 ex
444 749 604 838 adverso,
618 776 732 849 neque
746 753 959 850 opposuistis
972 779 1116 828 murum
1131 777 1194 854 pro
1207 755 1489 842 domolsraelut
1501 763 1609 828 stare-

386 861 435 935 tis
452 863 489 936 in
514 863 636 963 praelio
660 865 698 939 in
723 865 781 940 die
799 867 951 942 Domini.
969 871 1024 942 Ex
1046 868 1197 943 adverso
1221 868 1352 968 quippe
1375 868 1539 944 assedere
1554 877 1609 942 est

387 976 606 1071 quibuslibet
624 979 858 1076 potestatibus
876 1005 985 1078 prave
1010 982 1204 1078 agentibus
1230 982 1377 1058 rationis
1395 982 1506 1057 libera
1523 1005 1608 1058 voce

386 1091 573 1166 contraire.
591 1095 638 1167 Et
654 1093 692 1166 in
711 1093 767 1170 die
785 1095 928 1169 Domini
946 1119 1007 1193 pro
1024 1096 1126 1172 domo
1142 1096 1252 1172 lsrael
1270 1097 1307 1170 in
1324 1096 1445 1194 praelio
1461 1105 1607 1184 stamus,

386 1226 428 1276 ac
446 1229 590 1279 murum
608 1207 827 1304 opponimus,
851 1209 882 1282 si
908 1209 1028 1284 fideles
1050 1209 1258 1286 innocentes
1283 1219 1405 1285 contra
1431 1233 1609 1306 perverso·

386 1338 467 1388 rum
481 1316 697 1393 iniustitiam
715 1345 758 1395 ex
771 1320 920 1396 iustitiae
932 1321 1146 1397 auctoritate
1158 1321 1394 1396 vindicamus.
1406 1320 1506 1408 Quod
1523 1321 1608 1417 quia

385 1431 629 1506 mercenarius
647 1457 716 1507 non
730 1434 830 1523 facit,
843 1460 925 1511 cum
939 1434 1144 1509 venientem
1163 1435 1286 1533 lupum
1305 1435 1437 1509 viderit
1449 1444 1486 1508 et
1502 1434 1607 1528 fugit.

386 1542 641 1642 Hieronymus.
652 1547 916 1622 Attendendum
929 1558 984 1624 est
996 1550 1088 1646 quod
1098 1550 1272 1624 Dominus
1283 1549 1379 1624 dicit.
1390 1549 1428 1622 Si
1441 1572 1608 1645 peccave-

385 1654 434 1730 rit
450 1656 487 1730 in
504 1667 540 1732 te
557 1659 669 1735 frater
685 1671 780 1736 tuus.
798 1661 908 1738 Aliud
924 1673 978 1738 est
995 1687 1142 1764 peccaro
1160 1663 1198 1734 in
1215 1661 1327 1749 nobis,
1343 1661 1442 1734 aliud
1459 1673 1513 1736 est
1529 1685 1608 1758 pec·

384 1793 467 1844 care
483 1771 521 1843 in
539 1773 665 1847 Deum.
682 1773 771 1848 siin
788 1775 889 1850 nobis
907 1775 1038 1874 aliquis
1055 1773 1268 1874 peccaverit,
1292 1773 1441 1847 abemus
1458 1781 1608 1868 potesta-

383 1889 455 1957 tem
473 1883 652 1962 dimittere
668 1913 761 1962 eum.
779 1891 817 1962 Si
835 1891 975 1964 veroin
1001 1891 1116 1963 Deum
1137 1887 1219 1985 quis
1235 1886 1449 1984 peccaverit,
1466 1910 1536 1960 non
1553 1895 1609 1960 ost

383 1997 496 2071 nostri
513 1998 663 2074 arbitrii.
681 2001 862 2102 Scriptum
880 2014 935 2079 est
952 2001 1057 2079 enim.
1072 2000 1110 2074 si
1125 1998 1329 2098 peccaverit
1345 1998 1404 2071 uir
1421 1999 1458 2071 in
1476 1998 1608 2088 virum,

383 2108 518 2206 placari
547 2123 662 2209 potest
685 2114 718 2191 ei
744 2117 850 2190 Deus.
877 2117 914 2190 Si
940 2124 1060 2190 autem
1087 2115 1124 2187 in
1150 2116 1266 2188 Deum
1288 2113 1370 2210 quis
1395 2113 1609 2209 peccaverit,

382 2225 464 2320 quis
481 2225 595 2300 orabit
612 2250 674 2324 pro
691 2232 759 2302 eo?
776 2231 849 2302 Nos
866 2253 885 2302 e
902 2228 1079 2303 contrario
1096 2227 1134 2298 in
1159 2227 1223 2300 Dei
1246 2225 1379 2299 iniuria
1406 2225 1553 2320 benigni
1570 2236 1608 2299 et

384 2336 628 2414 misericordes
645 2365 782 2429 sumus,
796 2349 832 2416 et
849 2341 913 2415 Dei
930 2341 1098 2416 offensam
1117 2337 1219 2434 quasi
1236 2336 1275 2409 in
1296 2347 1417 2412 nostra
1434 2345 1607 2434 potestate

382 2449 431 2524 sit
447 2450 525 2525 eius
541 2452 635 2527 velle
653 2463 689 2528 et
705 2454 783 2528 eius
795 2453 901 2542 nolle,
914 2452 1060 2550 impune
1077 2461 1113 2526 et
1130 2451 1263 2548 absque
1280 2451 1493 2546 congruenti
1511 2451 1608 2548 peni-

382 2563 504 2639 tentiae
521 2565 682 2642 vindicta
699 2567 882 2641 donamus.
900 2567 992 2642 Cum
1013 2576 1135 2640 tamen
1160 2565 1246 2663 quid
1271 2565 1309 2637 in
1326 2565 1427 2639 nobis
1443 2565 1607 2640 commis-

382 2701 462 2750 sum
479 2689 545 2767 est,
562 2704 629 2754 nec
646 2679 772 2754 saltem
791 2679 941 2754 verbum
959 2678 1256 2754 contumeliosum
1274 2678 1403 2755 leviter
1420 2677 1608 2775 prolatum,

381 2791 459 2866 sine
476 2792 637 2868 vindicta
656 2793 872 2891 pertransire
890 2793 1077 2890 patiamur.
1104 2791 1338 2864 Dimittamus
1355 2812 1442 2884 ergo
1466 2799 1607 2886 propter

382 2905 508 2994 Deum,
526 2907 618 3004 qnod
635 2905 673 2980 in
690 2906 791 2980 nobis
808 2915 1049 3006 perpetratum
1063 2913 1128 2993 est,
1141 2914 1177 2979 et
1193 2903 1287 3000 quod
1299 2904 1337 2975 in
1355 2905 1428 2976 Deo
1444 2903 1607 2976 commis·

381 3042 461 3091 sum
487 3029 541 3093 est
566 3020 650 3118 quia
674 3019 854 3094 dimittere
878 3044 949 3094 non
974 3041 1162 3116 possumus
1188 3017 1290 3091 iuxta
1315 3013 1605 3089 constitutionem

380 3142 586 3207 sanctorum
605 3141 746 3228 patrum
766 3133 1001 3209 vindicemus.

905 3333 1081 3419 xtvllll.

752 3539 801 3590 Ex
819 3535 958 3602 epistola
975 3535 1078 3601 Papae
1098 3533 1231 3588 Urbani.

476 3705 667 3780 Karissimi
686 3729 871 3781 monemus
888 3715 930 3780 ut
946 3703 1161 3800 intelligatis
1186 3710 1393 3801 potestatem
1419 3701 1605 3800 Episcopo

381 3843 461 3893 rum
481 3829 694 3908 vestrorum,
711 3819 748 3892 in
767 3820 889 3916 eisque
903 3821 1018 3894 Deum
1036 3819 1270 3907 veneremini,
1287 3828 1323 3892 et
1339 3841 1398 3891 eos
1410 3826 1452 3890 ut
1464 3817 1605 3892 animas

380 3943 520 4006 vestras
533 3931 706 4027 diligatis,
715 3941 752 4006 ct
768 3932 898 4029 quibus
911 3955 981 4007 non
995 3935 1350 4022 communicantnon
1365 3931 1605 4007 communice-

380 4046 437 4134 tis,
459 4055 496 4121 et
512 4067 599 4143 quos
620 4045 804 4120 eiecerunt
824 4069 895 4119 non
917 4045 1105 4144 recipiatis.
1127 4047 1241 4120 Valde
1260 4047 1355 4120 enim
1377 4045 1604 4120 timendaest

379 4159 556 4233 sententia
566 4157 741 4255 Episcopi,
750 4157 836 4232 licet
848 4156 980 4230 iniuste
994 4159 1149 4256 aliquem
1159 4159 1261 4253 liget,
1271 4156 1363 4253 quod
1376 4171 1495 4230 tamen
1509 4179 1605 4227 sum·

379 4294 520 4367 mopere
537 4271 810 4370 praecavendum
829 4281 892 4344 est.
909 4270 1098 4345 Fabianus.
1116 4274 1154 4345 Si
1171 4270 1267 4344 euim
1285 4271 1323 4342 in
1337 4268 1443 4343 rebus
1456 4266 1603 4342 secula-

379 4383 477 4457 ribus
490 4409 597 4458 suum
612 4384 789 4482 cuiusque
797 4384 855 4457 ius
864 4392 900 4457 et
908 4385 1080 4480 propitius
1089 4383 1171 4458 ordo
1180 4381 1378 4458 servandus
1391 4392 1456 4470 est,
1468 4389 1603 4478 quanto

378 4498 496 4592 magis
512 4499 549 4571 iu
568 4498 822 4573 ecclesiasticis
839 4496 1128 4593 dispositionibus
1145 4495 1245 4569 nulle
1263 4493 1367 4570 debet
1387 4492 1507 4568 induci
1520 4515 1603 4566 con-
