3638 5294
738 432 870 497 -447
897 467 938 484 -

223 555 439 646 testimonia,
456 553 587 653 quibus
603 553 740 653 possint
757 553 802 630 ab
820 554 882 628 illa
899 553 1096 629 intentione
1114 553 1284 643 revocari,
1301 564 1338 630 et
1354 553 1392 627 in
1410 577 1451 630 ea

223 694 302 768 quae
319 694 364 764 ex
380 669 541 766 utrisque
558 677 755 766 temperata
773 678 828 742 est
846 669 998 743 veritate
1015 692 1057 741 ao
1076 667 1313 744 moderatione
1338 667 1452 742 consi·

223 792 326 858 stare.
349 782 501 870 Quidam
518 781 615 856 enim
633 782 816 858 intuentes
832 779 995 879 exempla
1012 780 1178 856 veritatis
1191 781 1322 878 quibus
1335 781 1452 855 admo·

225 921 355 972 namur
372 895 547 994 corripere
564 894 753 994 inquietos,
765 918 836 969 non
853 895 937 970 dare
954 905 1120 971 sanctum
1138 895 1299 986 canibus,
1314 905 1355 969 ut
1367 894 1452 969 reth·

224 1009 347 1085 nicurn
372 1009 503 1085 hebere
529 1008 712 1099 acclesiae,
736 1017 1012 1107 contemptorem
1044 1033 1066 1082 a
1095 1032 1267 1108 compage
1297 1009 1453 1108 corporis

223 1123 422 1199 membrum
440 1123 532 1222 quod
550 1122 769 1199 scandalizat
786 1121 952 1210 evellere,
969 1131 1204 1219 corrumpunt
1221 1121 1380 1198 aecclesie
1394 1145 1453 1220 pa·

222 1263 312 1330 cem,
330 1248 372 1314 ut
388 1249 562 1314 conentur
580 1248 663 1313 ante
680 1247 822 1335 tempus
841 1259 1006 1334 separare
1022 1234 1173 1324 zizania,
1190 1246 1298 1334 atque
1315 1235 1381 1311 hoc
1398 1260 1452 1311 er·

223 1375 301 1428 rore
317 1353 453 1443 caecati,
470 1351 538 1450 ipsi
556 1352 712 1450 potiusa
737 1349 874 1426 Christi
899 1349 1038 1446 unitate
1057 1359 1279 1447 separantur.
1296 1349 1450 1438 Quidam

191 1547 195 1554 ,
222 1488 307 1541 vero
323 1490 343 1540 e
361 1465 538 1541 contrario
551 1464 803 1563 periclitantur
816 1488 900 1538 eum
913 1461 1085 1537 bonorum
1099 1461 1345 1561 malorumque
1360 1486 1454 1538 com-

224 1577 429 1654 mixtionem
448 1579 487 1653 in
504 1577 666 1655 aeclesia
685 1579 963 1654 demonstratam
980 1575 1039 1651 rel
1058 1575 1264 1674 praedictam
1282 1599 1359 1652 esse
1377 1599 1454 1675 pro·

223 1691 414 1789 spexerint,
428 1702 464 1767 et
480 1702 656 1794 praecepta
673 1692 857 1791 patientiae·
868 1689 1069 1776 didicerint,
1084 1713 1163 1788 quae
1178 1689 1214 1762 vi
1229 1689 1452 1764 firmissimos

224 1826 288 1878 nos
307 1804 470 1888 reddunt,
489 1815 529 1880 ut
546 1805 654 1880 etiam
673 1805 704 1879 si
721 1804 879 1880 viderint
892 1803 930 1876 in
948 1801 1109 1878 aeoclesia
1126 1827 1202 1878 esse
1219 1803 1368 1892 zizania,
1382 1827 1453 1878 non

227 1924 349 1992 tamen
359 1917 574 2015 impedietur
588 1918 675 1993 fides
688 1927 808 1992 nostra
822 1925 886 1991 aut
899 1916 1092 2003 caritas‚ut
1101 1914 1267 2014 quoniam
1278 1940 1355 1992 esse
1364 1915 1455 1989 ziza-

227 2029 289 2104 nia
300 2030 338 2103 in
353 2032 514 2107 aecclesia
527 2032 710 2107 cernimus
722 2031 789 2130 ipsi
803 2031 845 2106 de
859 2029 1020 2105 aecclesia
1034 2029 1252 2119 recedamus,
1261 2029 1455 2105 destituen-

222 2141 305 2216 dam
322 2151 450 2241 putant
466 2143 745 2220 ecclesiasticam
763 2143 1002 2243 disciplinam,
1019 2143 1210 2241 quamdam
1226 2143 1452 2240 perversissi-

223 2279 318 2329 mam
331 2257 561 2332 securitatem
575 2256 771 2354 praepositis
784 2257 993 2346 tribuentes
1007 2267 1049 2332 ut
1061 2257 1106 2331 ad
1119 2280 1176 2332 eos
1190 2281 1261 2332 non
1274 2257 1453 2357 pertineat

223 2367 294 2442 nisi
312 2368 431 2445 dicere
448 2370 541 2468 quod
565 2369 777 2458 cavendum,
794 2371 933 2468 quodve
955 2369 1157 2446 faciendum
1185 2372 1243 2459 sit,
1267 2369 1450 2468 quodlibet

223 2490 344 2556 autem
361 2481 496 2558 iaciant
512 2506 583 2558 non
600 2506 737 2558 curare.
753 2485 827 2558 Nos
844 2506 930 2558 rero
945 2483 990 2559 ad
1007 2509 1131 2558 sanam
1149 2484 1347 2559 doctrinam
1374 2509 1452 2583 per·

222 2594 339 2671 tinere
355 2595 573 2672 arbitramur
590 2622 634 2672 ex
650 2597 813 2695 utrisque
838 2595 1064 2686 testimoniis,
1080 2595 1194 2670 vitam
1221 2597 1453 2672 sententiam-

225 2733 293 2806 que
319 2709 503 2801 moderari,
527 2720 569 2786 ut
595 2736 702 2786 canes
727 2711 764 2783 in
790 2709 951 2786 aecclesia
977 2719 1117 2808 propter
1143 2735 1267 2807 pacem
1292 2709 1454 2786 ecolesioe

224 2823 429 2911 toleremus
441 2833 477 2899 et
493 2824 643 2900 canibus
660 2833 827 2899 sanetum
845 2823 906 2897 ubi
926 2847 995 2920 pax
1011 2823 1181 2899 aecolesiae
1197 2833 1277 2898 tuta
1303 2833 1357 2900 est
1381 2847 1452 2898 non

224 2935 359 3008 demus.
378 2935 471 3011 Cum
488 2959 575 3032 ergo
592 2936 668 3011 sive
695 2961 756 3035 per
781 2936 1050 3032 neglegentiam
1077 2937 1357 3036 praepositorum,
1376 2938 1454 3014 sivo

226 3069 289 3144 per
305 3045 462 3145 aliquam
481 3049 722 3125 excusabilem
735 3050 999 3140 necessitatem,
1012 3051 1089 3125 sive
1102 3075 1165 3149 per
1177 3051 1337 3128 occultas
1354 3051 1453 3127 obre·

225 3160 363 3258 ptiones
380 3160 587 3236 invenimus
605 3162 643 3236 in
660 3162 811 3239 ecclesia
830 3162 942 3237 malos
967 3187 1054 3262 quos
1079 3164 1324 3241 ecclesiastica
1350 3165 1455 3240 disci·

225 3271 324 3370 plina
340 3273 521 3371 corrigere
539 3286 603 3350 aut
619 3297 783 3352 coercere
801 3299 871 3350 non
889 3299 1091 3374 possumus,
1108 3287 1197 3354 tunc
1215 3303 1261 3354 ne
1285 3279 1455 3354 ascendat

227 3385 266 3458 in
284 3406 344 3459 cor
360 3397 523 3460 nostrum
537 3385 635 3484 inpia
649 3395 685 3461 et
698 3386 897 3484 perniciosa
910 3388 1150 3485 presumptio,
1162 3413 1233 3488 qua
1246 3389 1455 3466 estimemus

224 3521 289 3572 nos
305 3497 350 3572 ab
366 3496 440 3573 illis
456 3521 533 3574 esse
550 3500 773 3597 separandos,
798 3509 840 3574 ut
864 3500 1021 3599 peccatis
1045 3523 1168 3576 eorum
1194 3525 1265 3577 non
1291 3503 1453 3601 inquine-

225 3637 319 3701 mur,
335 3621 442 3709 atque
460 3621 537 3710 post
554 3635 617 3687 nos
633 3612 774 3688 trahere
788 3635 970 3703 conemur,
988 3613 1102 3689 veluti
1120 3616 1272 3691 mundos
1296 3627 1455 3694 sanctos·

226 3747 295 3822 que
311 3723 504 3823 discipulos
520 3725 564 3800 ab
582 3725 734 3801 unitatis
746 3749 919 3825 compage
931 3727 1069 3824 quasia
1087 3729 1262 3803 maiorum
1275 3732 1454 3806 ‹tonsortio

226 3849 447 3934 segregatos.
461 3839 620 3916 Veniant
632 3839 671 3914 in
685 3849 804 3915 mente
816 3839 878 3915 ille
891 3839 934 3915 de
947 3840 1136 3939 scripturis
1148 3841 1406 3919 similitudines
1419 3853 1456 3920 et

183 4003 184 4006 ,
226 3948 350 4022 diviua
366 3949 511 4024 oracula
528 3950 588 4026 vel
605 3951 806 4028 certissima
824 3953 998 4052 exempla,
1019 3955 1150 4054 quibus
1171 3957 1454 4034 demonstratum

226 4070 281 4136 est
298 4061 411 4137 malos
424 4063 463 4136 in
476 4063 637 4140 ecclesia
654 4065 847 4164 permixtos
864 4091 977 4166 usque
995 4067 1033 4142 in
1051 4070 1158 4145 finem
1172 4070 1285 4146 seculi
1300 4081 1457 4170 tempus·

226 4198 295 4273 que
316 4173 439 4250 iudicii
463 4175 614 4266 futuros,
631 4187 668 4252 et
684 4175 798 4252 nichil
815 4177 916 4256 bonis
933 4181 971 4254 in
989 4183 1128 4258 unitate
1147 4184 1227 4259 fidei
1244 4209 1288 4260 ao
1313 4185 1456 4284 partici-

226 4286 367 4383 patione
384 4298 701 4379 sacramentorum,
718 4290 781 4388 qui
799 4313 920 4365 eorum
938 4293 1045 4369 fectis
1062 4319 1132 4369 non
1147 4297 1394 4373 consenserint
1406 4298 1456 4373 of·

224 4399 381 4476 futuros·
402 4402 494 4478 Cum
520 4425 606 4478 uero
630 4403 683 4478 eis
700 4427 763 4502 per
780 4427 868 4502 quos
888 4406 1051 4482 ecclesia
1077 4408 1217 4504 regitur
1243 4409 1345 4485 adest
1368 4433 1456 4508 pace

227 4513 329 4587 salva
346 4524 499 4611 potestas
515 4514 714 4613 discipline
730 4517 903 4592 adversus
920 4517 1096 4616 improbos
1117 4530 1182 4596 aut
1199 4521 1354 4597 nefarios
1378 4547 1456 4598 exe.-
