3618 5316
901 402 1097 466 -340-

935 637 1071 722 oovfl.

481 869 560 963 Ego
576 866 750 942 Robertus
766 868 831 944 Dei
856 869 977 965 gratia
996 879 1034 946 et
1056 872 1173 947 saneti
1192 873 1290 948 Petri
1314 873 1387 946 dux
1403 873 1544 970 Apuliae
1566 883 1607 949 et

388 978 573 1071 Calabriae,
585 989 622 1056 et
636 991 785 1079 utroque
802 981 1037 1058 subveniente
1053 983 1200 1060 futurus
1217 985 1360 1075 Siciliae,
1372 986 1417 1062 ab
1433 986 1503 1062 hac
1518 987 1606 1062 hora

386 1101 422 1168 et
438 1093 604 1193 deinceps
620 1119 680 1170 ero
697 1095 812 1171 fidelis
827 1105 962 1172 sanetae
974 1099 1141 1173 Romanae
1153 1099 1322 1175 aecolesiae
1337 1109 1374 1174 et
1392 1099 1604 1197 Apostolioae

388 1207 483 1296 Sodi,
495 1217 532 1283 et
544 1207 609 1284 tibi
628 1210 778 1285 Domino
796 1234 872 1285 meo
885 1209 1033 1285 Nioolao
1046 1211 1160 1306 Papae.
1172 1213 1215 1283 In
1228 1212 1374 1286 consilio
1387 1209 1445 1287 vel
1460 1213 1497 1285 in
1509 1210 1607 1287 facto

384 1321 479 1398 undo
493 1322 603 1397 vitam
616 1332 681 1397 aut
694 1323 894 1398 membrum
908 1324 1045 1421 perdas,
1058 1321 1116 1395 vel
1129 1332 1255 1420 ceptus
1268 1327 1319 1398 sis
1331 1325 1425 1398 mala
1439 1327 1606 1423 captione

385 1460 456 1510 non
468 1461 536 1512 ero.
548 1437 818 1535 Consiliumque
826 1437 919 1535 quod
933 1434 1022 1509 mihi
1032 1434 1235 1525 credideris,
1244 1447 1280 1510 et
1289 1437 1546 1513 contradixeris
1557 1462 1606 1512 ne

384 1545 477 1622 illud
491 1550 807 1638 manifestem,non
816 1548 1109 1624 manifestaboad
1122 1559 1227 1624 tuum
1240 1549 1412 1624 damnum
1425 1576 1483 1626 me
1492 1553 1608 1626 soien-

386 1667 432 1736 te.
444 1662 764 1737 Sanetoe'Rom'anae
777 1661 949 1739 aeoelesie'e
961 1662 1097 1760 tibique
1114 1663 1255 1738 adiutor
1268 1688 1339 1753 ero,
1351 1666 1397 1740 ad
1410 1666 1605 1741 tenendum

386 1771 431 1845 ad
448 1775 707 1872 acquirendum
722 1771 860 1872 regilia
877 1775 993 1850 saneti
1013 1775 1111 1850 Petri
1130 1776 1277 1874 eiusque
1291 1778 1525 1875 possessiones
1541 1803 1606 1880 pro

385 1908 463 1959 meo
479 1907 579 1982 posse
595 1896 719 1962 contra
735 1893 857 1964 o'mnes
873 1888 1046 1976 homines,
1063 1897 1099 1962 et
1122 1885 1298 1964 adiuvabo
1314 1898 1349 1965 te
1367 1901 1409 1965 ut
1426 1916 1551 1966 secure
1568 1900 1606 1966 et

386 1997 579 2075 honorifice
598 2010 721 2078 teneas
735 2006 911 2100 Papatum
924 2005 1123 2076 Romanum
1144 2011 1348 2102 terramque
1366 2005 1483 2079 sancti
1495 2005 1605 2079 Petri.

386 2112 434 2187 Et
450 2112 673 2213 principatus
689 2139 757 2191 neo
773 2115 942 2190 invadere
959 2133 1026 2192 n‘ee
1039 2115 1224 2213 acquirere
1239 2139 1406 2213 quaeram,
1416 2142 1482 2193 nee
1494 2119 1602 2192 etiam

384 2223 585 2322 depredare
613 2251 837 2325 praesumam,
858 2227 992 2326 absque
1020 2229 1084 2302 tua
1112 2231 1327 2324 tuorumque
1347 2226 1603 2304 ¹successorum

386 2338 448 2434 qui
462 2338 511 2412 ed
526 2339 694 2416 honorem
721 2339 838 2416 saneti
857 2341 954 2414 Petri
979 2339 1171 2414 intraverit
1187 2349 1285 2415 certa
1302 2339 1460 2430 licentia,
1475 2351 1604 2438 praeter

388 2447 490 2522 illam
508 2474 615 2548 quam
632 2461 674 2526 tu
691 2452 780 2526 mihi
798 2452 981 2542 concedes,
993 2451 1053 2526 vel
1070 2451 1125 2525 tui
1143 2453 1347 2528 'concessuri
1365 2462 1450 2526 sunt
1466 2459 1606 2528 'succes-

386 2585 492 2637 sores
509 2565 722 2640 Pensionem
747 2565 790 2640 de
815 2575 912 2640 terra
937 2565 1052 2639 sancti
1075 2565 1173 2640 Petri
1199 2589 1307 2662 quam
1332 2588 1400 2659 ego
1423 2575 1525 2640 teneo
1541 2574 1606 2639 aut

385 2675 522 2765 tenebo,
539 2677 635 2752 sicut
660 2686 838 2752 statutum
856 2688 911 2754 est
928 2689 1030 2752 rocta·
1043 2678 1112 2752 fide
1130 2678 1277 2752 studebo
1295 2678 1453 2752 utillum
1470 2703 1606 2752 annua·

385 2787 470 2863 liter
487 2799 612 2864 sancta
625 2792 783 2866 Romana
799 2790 927 2865 babeat
940 2791 1113 2866 Ecclesia.
1128 2793 1262 2867 Omnes
1279 2815 1417 2889 quoque
1435 2791 1606 2866 ecclesias

385 2925 465 2998 quae
482 2901 520 2974 in
538 2925 580 2976 ea
596 2901 795 3002 persistunt
811 2903 1059 2991 dominatione,
1076 2927 1160 2977 cum
1185 2927 1309 2978 earum
1327 2902 1606 3000 possessionibus

385 3013 563 3088 dimittam
580 3015 618 3089 in
636 3025 736 3090 tuam
753 3023 975 3114 potestatem,
988 3023 1024 3090 et
1040 3013 1202 3089 defensor
1220 3038 1280 3090 ero
1296 3015 1443 3090 illarum
1460 3016 1506 3091 ad
1522 3015 1606 3092 fide-

385 3125 522 3202 litatem
543 3131 684 3204 Sancte
700 3131 867 3204 Romanae
883 3127 1066 3218 Ecolesiae,
1082 3137 1118 3203 et
1135 3128 1227 3202 nulli
1244 3128 1367 3204 iurabo
1383 3129 1604 3220 fidelitatem,

386 3239 456 3313 nisi
474 3239 575 3314 salve
593 3241 764 3316 fidelitate
778 3244 920 3316 Sanetre
932 3244 1100 3316 Romanae
1114 3241 1295 3316 Ecclesiae.
1308 3245 1354 3315 Et
1367 3241 1397 3316 si
1410 3250 1462 3330 tu,
1474 3241 1533 3318 vel
1546 3243 1602 3316 tui

385 3374 608 3427 successores
625 3361 708 3427 ante
722 3379 777 3427 me
791 3377 835 3428 ex
846 3353 916 3428 heo
933 3353 1009 3428 vita
1023 3351 1280 3448 migraveritis,
1296 3353 1494 3429 seeundum
1512 3354 1603 3452 quod

387 3463 544 3538 monitus
557 3464 657 3540 luero
674 3490 694 3538 a
713 3465 919 3540 melioribus
934 3464 1196 3556 Cardinalibus,
1213 3464 1355 3541 clericis
1371 3466 1551 3556 Romanis,
1567 3475 1603 3541 et

386 3575 499 3664 laicis,
523 3577 700 3653 adiuvabo
717 3588 759 3652 ut
783 3581 880 3676 Papa
897 3578 1066 3675 eligetur,
1083 3586 1120 3652 et
1135 3577 1343 3659 hordinetur
1368 3578 1413 3652 ad
1433 3576 1600 3652 bonorem

387 3688 508 3764 sancti·
522 3690 631 3764 Petri.
645 3693 732 3765 Haee
744 3691 862 3765 omnia
876 3689 1120 3788 suprascripta
1132 3690 1321 3766 observabo
1333 3701 1467 3767 sanctoe
1480 3693 1603 3764 Rome

386 3825 442 3875 nee
454 3801 672 3877 ecclesiast
687 3802 752 3878 tibi
769 3827 853 3878 oum
868 3811 966 3879 reeta
979 3801 1058 3892 fide,
1075 3811 1111 3876 et
1123 3801 1216 3876 hano
1228 3802 1398 3877 fidelitate
1410 3801 1602 3879 observabo

387 3912 462 3986 tuis
478 3913 808 4003 suecessoribus,ad
821 3914 989 3990 honorem
1002 3915 1120 3991 sancti
1130 3915 1225 3990 Petri
1243 3914 1425 4005 ordinatis,
1438 3913 1500 4012 qui
1513 3914 1601 3988 milri

388 4023 613 4100 firmaverint
636 4025 889 4102 investituram
914 4053 936 4101 a
959 4036 996 4102 te
1020 4027 1111 4102 mihi
1135 4049 1349 4104 conoessum.
1367 4028 1406 4101 Si
1431 4051 1488 4102 me
1506 4029 1602 4102 Deus

387 4136 534 4213 adiuvet
549 4146 586 4213 et
602 4136 679 4214 haeo
696 4149 821 4216 sancte
838 4139 1038 4236 evangelia.
