3618 5316
710 427 903 491 -335-

182 546 388 644 ‚pensiones
406 571 469 622 seu
487 559 623 624 ceteras
640 549 799 624 dationes
817 573 898 647 quae
915 549 1103 624 annuatim
1122 549 1160 622 in
1173 548 1304 650 palatio
1322 551 1421 646 regis
1440 560 1443 565 ’

202 660 515 758 Langobardorum
534 662 660 739 inferri
678 663 847 753 solebant,
864 663 941 738 sive
959 661 1002 737 de
1024 662 1158 753 ,Tuscia
1175 662 1420 759 Langobardo-

203 799 295 864 rum,
308 774 383 850 sive
396 774 437 850 de
450 774 583 849 ducatu
598 776 788 873 Spoletino,
801 775 896 852 sicut
910 778 948 870 in
961 776 1213 875 suprascriptis
1226 777 1421 852 donationi·

202 887 270 962 bus
286 889 500 964 continetur.
513 891 559 963 Et
572 887 667 963 iuter
681 899 814 966 sanctae
828 890 1006 966 memoriae
1022 889 1219 964 Adrianum
1234 894 1366 988 Papam
1385 901 1421 966 et

206 1003 382 1075 Domuum
398 1025 440 1076 ac
452 1002 652 1098 genitorem
665 1012 826 1077 nostrum
841 1003 1015 1077 Karolum
1030 1004 1277 1102 imperatorem
1295 1027 1424 1080 couve-

199 1113 410 1212 uit,quando
419 1106 810 1192 idemPontilexeidem
820 1118 861 1193 de
871 1118 1322 1217 suprascriptisducatibus
1331 1119 1422 1195 idest
1510 1211 1513 1215 .

202 1232 375 1320 Tuscana,
389 1239 424 1306 et
440 1229 619 1332 Spoletino
631 1257 705 1306 suae
716 1233 942 1306 auctoritatis
955 1243 1171 1330 praeceptum
1185 1233 1421 1308 confirmavit.

202 1343 253 1416 Eo
262 1343 379 1444 silicet
387 1344 488 1418 modo
496 1353 538 1418 ut
546 1345 651 1418 annis
660 1345 816 1441 singulis
824 1343 1015 1445 praedictus
1024 1345 1333 1422 censusaecclesiae
1341 1345 1421 1422 bea«

202 1455 230 1529 ti
241 1457 337 1532 Petri
349 1458 504 1556 Apostoli
516 1457 749 1556 persolvatur,
759 1459 974 1556 salvasuper
984 1459 1121 1535 eosdem
1135 1459 1287 1535 ducatus
1300 1469 1421 1534 nostra

200 1569 237 1642 iu
251 1571 415 1646 omnibus
432 1573 629 1663 donatione,
642 1581 678 1648 et
690 1571 834 1647 illorum
852 1573 897 1648 ad
910 1584 1066 1648 nostram
1081 1583 1217 1672 partem
1232 1573 1422 1650 subiectio·

200 1707 292 1759 uem.
310 1685 487 1760 Oaeterum
506 1686 600 1762 sicut
616 1686 773 1760 diximus
789 1671 908 1760 omnia
926 1688 1090 1786 superius
1108 1688 1290 1764 nominata
1307 1689 1358 1762 ita
1376 1687 1420 1762 ad

200 1807 357 1873 vestram
374 1809 512 1898 partem
529 1824 592 1898 per
607 1799 674 1876 hoc
690 1810 820 1875 nostra
836 1801 1114 1877 confirmationis
1127 1799 1309 1878 decretum
1325 1801 1421 1877 robo-

199 1934 332 2002 ramus,
349 1922 390 1987 ut
414 1913 453 1988 in
478 1923 596 1990 vestro
620 1923 890 2012 vestrorumque
916 1937 1162 1990 successorum
1188 1923 1420 2012 permaneant

198 2025 288 2115 iure,
304 2025 508 2125 principatu
525 2037 632 2125 atque
648 2026 791 2115 ditione,
807 2035 849 2100 ut
865 2050 979 2124 neque
996 2051 1017 2099 a
1035 2026 1145 2117 nobis,
1162 2051 1277 2125 neque
1295 2052 1316 2100 a
1334 2026 1419 2100 filiis

197 2139 256 2214 vel
274 2139 538 2216 successorihus
555 2141 686 2215 nostris
699 2163 761 2238 per
773 2139 954 2238 quodlibet
970 2149 1238 2237 argumentum,
1251 2139 1328 2213 sive
1348 2164 1419 2212 ma·

197 2251 401 2330 chinatione
413 2255 450 2328 in
469 2279 694 2353 quacumque
712 2264 811 2352 parte
830 2252 1016 2327 minuatur
1033 2261 1154 2327 vestra
1170 2261 1337 2352 potestas,
1354 2262 1419 2326 aut

197 2364 297 2440 vobis
313 2368 356 2443 de
372 2368 625 2466 suprascriptis
641 2366 806 2442 omnibus
823 2367 881 2468 vel
898 2367 1163 2444 successoribus
1180 2365 1311 2442 vestris
1336 2365 1419 2441 inde

196 2478 334 2578 aliquid
350 2481 597 2556 subtrahatur‘
611 2483 662 2556 De
679 2505 787 2577 supra
804 2479 947 2576 scriptis
959 2478 1127 2555 videlicet
1141 2478 1349 2578 provinciis,
1362 2505 1420 2552 ur·
1508 2555 1510 2560 ,

196 2590 310 2681 bibus,
328 2593 550 2682 civitatibus
567 2593 713 2692 oppidis,
731 2594 869 2683 castris,
893 2593 1038 2684 viculis,
1064 2593 1204 2682 insulis,
1229 2591 1420 2668 territoriis

197 2715 304 2804 atque
318 2706 554 2804 patrimoniis,
566 2731 633 2781 nec
646 2731 715 2782 nou
730 2717 765 2780 et
778 2706 1005 2804 pensionibus
1014 2717 1121 2806 atque
1135 2705 1301 2782 censibus
1314 2705 1365 2781 ita
1378 2714 1420 2780 ut

197 2842 312 2917 neque
326 2844 389 2895 nos
401 2845 443 2895 ea
455 2819 710 2894 subtrahamus
722 2844 838 2918 neque
848 2819 1065 2917 quibuslibet
1078 2819 1287 2894 subtrahere
1301 2818 1420 2918 volen-

196 2930 294 3006 tibus
302 2931 578 3020 consentiamus,
587 2931 647 3006 sed
660 2931 778 3030 potius
790 2931 909 3005 omnia
919 2957 998 3030 quae
1011 2923 1176 3029 superius
1187 2931 1374 3027 leguntur,
1391 2930 1418 3002 i-

197 3043 274 3118 dest
282 3046 495 3142 provincias
505 3045 682 3134 civitates,
690 3044 827 3143 oppida,
840 3044 998 3134 castella,
1012 3043 1201 3134 territoria,
1209 3052 1245 3118 et
1254 3043 1420 3141 patrimo-

197 3155 268 3244 nia,
285 3167 392 3256 atque
406 3158 555 3247 insulas,
572 3182 771 3256 censusque
786 3168 821 3232 et
835 3158 1021 3255 pensiones
1034 3157 1195 3234 ecclesiae
1211 3155 1305 3231 beati
1320 3155 1419 3230 Petri

198 3271 368 3368 Apostoli,
385 3281 421 3346 et
438 3270 670 3347 Pontificibus
688 3271 724 3343 in
742 3268 985 3346 sacratissima
1011 3267 1110 3344 illius
1135 3267 1225 3344 Sede
1243 3269 1280 3341 iu
1298 3291 1421 3366 perpe·

196 3391 300 3457 tuum
316 3383 551 3470 residentibus
564 3383 602 3457 in
616 3392 789 3481 qnantum
799 3407 997 3481 possumus,
1006 3407 1070 3458 nos
1083 3383 1269 3458 defendere
1279 3381 1421 3480 promit·

195 3497 318 3588 timus,
331 3499 375 3572 ad
388 3498 453 3574 hoc
469 3508 508 3574 ut
521 3497 638 3573 omnia
648 3521 688 3572 ea
699 3496 736 3569 in
750 3496 849 3570 illius
862 3495 993 3572 ditione
1006 3497 1050 3570 ad
1063 3497 1237 3571 utendum
1251 3505 1287 3569 et
1300 3495 1418 3570 fruen-

195 3610 281 3684 dum
298 3611 449 3686 firmiter
473 3610 619 3684 valeant
642 3609 803 3707 optineri.
827 3609 1047 3706 Nullamque
1072 3610 1108 3682 in
1135 3609 1187 3686 eis
1211 3607 1312 3682 nobis
1336 3632 1415 3706 par-

193 3731 266 3798 tem
279 3733 343 3798 aut
354 3731 563 3823 potestatem
580 3721 796 3823 disponendi,
813 3720 871 3796 vel
888 3721 1106 3810 vindicandi,
1126 3720 1416 3808 subtrahendive,

194 3845 258 3908 aut
273 3835 470 3910 minorandi
483 3835 727 3923 vendicamus,
745 3833 815 3907 nisi
829 3835 969 3931 quando
986 3835 1030 3908 ab
1047 3835 1110 3910 illo
1126 3834 1188 3934 qui
1205 3859 1245 3910 eo
1261 3819 1419 3930 ternpore

194 3947 304 4023 huius
320 3958 454 4024 sanctur
466 3947 627 4024 ecclesia
640 3948 802 4044 regimen
815 3947 984 4037 tenuerit,
997 3948 1113 4045 rogati
1127 3947 1312 4023 fuerimus.
1327 3946 1418 4022 Etsi

194 4057 344 4157 quilibet
360 4059 464 4136 homo
480 4059 523 4136 de
540 4059 755 4158 supradictis
773 4059 982 4136 civitatibus
995 4061 1039 4135 ad
1054 4071 1208 4137 vestram
1227 4059 1417 4136 ecclesiam

194 4172 455 4270 pertinentibus
471 4173 517 4248 ad
533 4195 597 4248 nos
620 4172 762 4248 venerit
786 4171 995 4248 subtrahere
1016 4196 1054 4246 se
1079 4171 1202 4246 volens
1227 4171 1270 4246 de
1296 4179 1417 4246 vestra

194 4284 326 4360 ditione
342 4295 379 4360 et
403 4294 585 4383 potestate,
609 4285 668 4360 vel
694 4285 765 4358 alia
789 4284 984 4383 quamlibet
1001 4284 1161 4383 iniquam
1185 4285 1418 4359 machinatio·

193 4421 274 4472 nem
289 4408 463 4490 metuens,
475 4409 539 4474 aut
551 4398 695 4496 culpam
708 4397 935 4474 commissam
949 4396 1106 4494 fugiens,
1119 4395 1321 4472 nullomodo
1335 4421 1417 4472 eum

194 4509 300 4586 aliter
317 4510 531 4610 recipiemus
551 4510 620 4586 nisi
639 4511 683 4587 ad
700 4512 833 4587 iustam
852 4533 914 4610 pro
929 4533 970 4586 eo
983 4510 1183 4589 laniandam
1196 4510 1420 4602 intercessio·
