3618 5316
722 456 761 470 -
788 422 851 484 333

212 537 249 611 in
268 539 361 612 facto
379 561 449 625 erc,
471 548 506 613 et
524 541 712 617 consilium
726 545 818 642 quod
832 545 920 620 mihi
936 543 1150 620 crediderint
1161 545 1206 619 ad
1220 543 1363 618 illorum
1377 543 1435 618 da·

213 676 337 726 urnum
355 652 508 728 scienter
525 654 615 728 nulli
634 655 814 732 intimabo
833 662 999 755 Regnum
1017 667 1138 732 autern
1157 656 1248 756 quod
1268 654 1354 730 mihi
1374 681 1436 753 per

212 791 358 838 manum
377 776 476 840 tuam
495 771 630 842 Domnc
652 771 782 846 Gebizo
800 773 967 859 traditur,
986 771 1138 846 fideliter
1160 770 1317 845 retinebo
1342 781 1377 844 et
1394 770 1435 842 il·

212 879 273 953 lud
287 905 463 977 suumque
477 881 534 955 ius
549 884 758 982 Apostolicue
773 887 854 961 Sedi
868 886 987 984 aliquo
1001 885 1147 982 ingenio
1160 884 1350 982 aliquando
1364 908 1434 958 uon

212 993 429 1068 subtraham.
443 995 632 1069 Dominum
644 1022 764 1072 meum
780 1003 912 1100 Papam
927 1001 1142 1098 Gregorium
1156 1007 1191 1075 et
1205 1022 1286 1074 suos
1296 1023 1436 1075 succes-

211 1131 307 1182 sores
323 1117 428 1205 atque
445 1107 595 1204 legatos,
603 1109 684 1184 siin
705 1137 818 1188 meam
834 1123 1041 1212 potestatem
1055 1113 1432 1202 venerint,honorifice

210 1221 417 1318 suscipiam,
430 1223 591 1297 tractabo
607 1233 643 1298 et
660 1227 853 1316 remittam,
866 1237 902 1302 et
918 1228 1164 1325 undecumque
1185 1251 1239 1301 me
1257 1225 1434 1299 invitave-

212 1334 285 1408 rint
302 1345 406 1432 prout
422 1346 541 1432 potero
557 1347 592 1412 et
610 1338 647 1412 in
665 1341 795 1438 quibus
808 1353 937 1439 potero,
950 1343 1001 1418 eis
1015 1343 1138 1419 iustite
1152 1340 1433 1438 simpliciterque

211 1447 375 1522 serviam.
388 1452 478 1523 Item
490 1449 686 1548 inquodam
700 1455 840 1528 tumulo
855 1457 935 1554 (sio)
953 1455 1182 1530 Lateranensi
1201 1455 1295 1529 iuter
1308 1465 1435 1528 cetera.

211 1561 449 1659 Specioencus
466 1562 539 1637 dux
552 1565 705 1640 Boemiae
721 1569 860 1664 accepit
873 1569 1054 1660 licentiam
1069 1567 1350 1666 aPapaNicolao
1363 1567 1430 1641 sibi

209 1676 369 1772 portandi
388 1677 543 1766 mitram,
556 1689 592 1755 et
610 1681 772 1776 promisit
788 1707 825 1756 se
842 1682 1010 1756 daturum
1035 1682 1131 1756 omni
1157 1687 1250 1754 anno
1274 1681 1304 1756 C
1323 1679 1433 1754 libras

209 1790 350 1884 argenti
369 1790 411 1864 de
428 1801 525 1866 terra
541 1818 606 1865 sua
624 1793 689 1867 suh
707 1795 849 1868 nomine
867 1820 1005 1869 census.
1078 1817 1083 1824 ’

281 1905 323 1976 lu
333 1905 474 1980 nomine
484 1905 626 1980 Domini
637 1908 699 1981 Dei
710 1905 1130 2005 omnipotentisPatriset
1140 1905 1433 2003 FiliietSpiritus

209 2017 334 2091 sancti.
352 2021 430 2114 Ego
446 2019 649 2094 Ludovicus
666 2024 861 2119 Imperator
876 2028 1076 2116 Augustus,
1089 2029 1207 2094 statuo
1224 2030 1260 2094 et
1277 2021 1432 2095 concedo

208 2153 271 2226 per
282 2129 349 2206 hoc
362 2143 505 2230 pactum
519 2134 799 2208 confirmationis
812 2143 951 2222 nostrae,
964 2132 1030 2207 tibi
1043 2133 1145 2207 beato
1158 2131 1432 2230 PetroPriucipi

210 2245 455 2340 Apostolorum
470 2256 505 2320 et
515 2271 576 2342 per
585 2248 772 2321 teVicario
781 2257 843 2321 tuo
851 2251 983 2320 Domuo
993 2245 1159 2320 Paschuli
1169 2245 1433 2320 summoPonti2

209 2357 266 2430 fici
277 2370 312 2432 et
321 2359 516 2434 universali
530 2364 631 2458 Papae
641 2359 950 2436 etsuecessoribus
965 2359 1088 2433 eiusin
1103 2369 1324 2456 perpetuum,
1338 2358 1433 2433 sieut

208 2493 229 2540 a
245 2471 561 2568 praedecessoribus
579 2474 710 2548 vestris
728 2498 841 2571 usque
860 2498 957 2548 nune
983 2473 1021 2545 in
1046 2481 1203 2546 vestram
1222 2480 1431 2569 potestatem

209 2591 245 2655 et
261 2582 392 2658 ditione
409 2585 578 2662 tenuistis
595 2599 630 2660 et
648 2585 874 2683 disposuistis
891 2585 1076 2661 civitatem
1095 2589 1241 2660 Romam
1260 2609 1342 2659 cum
1369 2585 1432 2658 du-

209 2705 292 2770 catu
303 2722 366 2772 suo
380 2707 415 2774 et
425 2699 639 2773 suburbanis
651 2709 759 2796 atque
773 2698 904 2774 viculis
918 2698 1082 2772 omnibus
1096 2707 1132 2772 et
1142 2697 1330 2772 territoriis
1342 2698 1430 2786 eius,

211 2810 449 2899 montanis,ae
461 2811 661 2898 maritimis,
674 2811 848 2899 litoribus,
857 2835 899 2885 ae
912 2810 1084 2911 portubus
1101 2835 1163 2884 seu
1182 2809 1323 2886 cunctis
1340 2809 1428 2884 civi-

208 2921 355 3008 tatibus
372 2923 541 3012 castellis
558 2923 693 3022 oppidis
718 2947 762 2997 ac
787 2923 919 2996 viculis
936 2923 972 2996 iu
992 2924 1130 2997 Tusciae
1148 2922 1321 3020 partibus
1337 2923 1429 2996 idest

209 3035 354 3109 Portum
384 3037 716 3125 centumcellarum,
740 3035 866 3125 Chere,
884 3036 1041 3124 Blcdam,
1067 3039 1337 3124 llanturauum,
1363 3037 1429 3108 Su·

208 3147 448 3248 trium,Nepe,
458 3149 668 3238 Castellum,
682 3149 869 3237 Gallisem,
880 3153 1037 3237 Hortum,
1052 3148 1312 3236 Polimartium,
1326 3153 1431 3223 Ame-

209 3259 310 3350 riam,
318 3262 651 3350 Todem,Perusium
663 3289 746 3338 cum
758 3261 872 3336 tribus
885 3260 1014 3336 insulis
1024 3261 1206 3349 suisidest
1217 3261 1382 3336 maiorem
1394 3271 1431 3335 et

210 3374 382 3449 minorem
402 3375 622 3464 Pulveusim,
639 3375 826 3462 Narniam,
844 3372 1050 3448 Utriculum
1068 3400 1150 3450 cum
1168 3374 1334 3448 omnibus
1352 3374 1431 3446 liui-

208 3484 276 3560 bus
292 3512 334 3563 ac
352 3488 541 3563 territoriis
558 3489 601 3561 ad
620 3488 882 3586 suprascriptas
899 3486 1066 3560 civitates
1085 3486 1356 3583 pcrtinentibus.
1375 3486 1430 3560 Si·

209 3599 285 3671 mili
301 3599 400 3673 modo
413 3599 449 3673 in
464 3600 626 3698 partibus
640 3600 855 3698 Campaniae,
871 3599 1052 3695 Segniam,
1068 3600 1284 3695 Anagniam,
1295 3604 1430 3674 Furen-

209 3713 338 3800 tinum,
358 3713 535 3800 Alatrum,
552 3713 749 3801 Patricum,
767 3711 985 3786 Frisilunam
1009 3737 1092 3786 cum
1110 3710 1274 3785 omnibus
1297 3711 1429 3785 finibus

210 3824 426 3921 Campaniae,
444 3850 509 3900 nec
527 3848 596 3899 nou
616 3824 790 3922 Tyburim
810 3851 893 3900 cum
910 3825 1074 3900 omnibus
1089 3823 1219 3897 finibus
1231 3849 1274 3898 ac
1291 3825 1430 3898 territo·

208 3937 262 4010 rio
278 3937 323 4010 ad
340 3938 482 4013 easdem
496 3938 663 4013 civitates
677 3938 948 4036 pertinentibus
961 3941 1037 4012 Noc
1050 3961 1120 4011 non
1133 3947 1169 4010 et
1184 3936 1426 4012 Euarchatum

213 4053 458 4126 Ravennatem
476 4051 542 4125 sub
556 4050 778 4147 integritate,
787 4076 868 4126 curn
884 4049 1043 4138 urbibus,
1052 4049 1273 4134 ciuitatibus,
1282 4049 1431 4148 oppidis,

209 4173 246 4237 et
265 4164 423 4239 castellis
440 4189 519 4262 quae
536 4164 592 4263 pie
611 4164 862 4240 recordatiouis
878 4169 1037 4238 Domnus
1054 4164 1204 4262 Pipinus
1221 4167 1297 4238 Rex
1316 4188 1360 4239 ac
1372 4163 1429 4238 bo

207 4301 254 4350 ne
271 4278 449 4352 memoriae
467 4279 609 4374 genitor
625 4287 745 4352 noster
764 4275 916 4353 Carolus
936 4277 1128 4374 imperator
1144 4275 1245 4350 beato
1259 4278 1363 4350 Petro
1382 4283 1429 4348 A·

210 4387 343 4486 postolo
359 4399 395 4464 et
412 4388 727 4490 predecessoribus
744 4389 874 4464 vestris
891 4389 963 4462 iam
981 4388 1115 4463 dudum
1142 4411 1204 4486 per
1228 4387 1427 4462 donationis

208 4503 377 4599 paginam
389 4503 635 4590 restituerunt,
643 4501 710 4577 hoc
719 4512 774 4576 est
787 4502 971 4578 civitatem
983 4505 1192 4578 &vennam
1202 4511 1238 4577 et
1248 4499 1428 4590 Emiliam,
