3646 5292
752 401 949 467 -aoa-

762 583 935 670 txxvfl.

336 777 478 872 Xystus
495 773 639 850 natione
656 798 800 869 groecus
816 775 908 851 sedit
924 799 1037 852 annos
1053 779 1088 851 II
1105 799 1243 852 menses
1256 779 1309 852 XI
1321 775 1396 852 dies
1409 779 1462 852 VI

237 887 412 986 martyrio
425 897 612 963 coronatur
622 888 688 962 sub
697 888 753 964 die
763 891 815 962 VI
824 889 909 964 Idus
922 890 1092 986 Augusti.
1103 893 1150 964 Et
1160 889 1363 990 presbyteri
1375 914 1462 988 praa

236 1001 384 1076 fuerunt
400 1027 422 1075 a
439 1001 626 1075 consulatu
645 1002 793 1075 Maximi
806 1011 842 1078 et
854 1002 1035 1092 RavioniS,
1048 1027 1161 1100 usque
1174 1002 1219 1077 ad
1233 1001 1460 1077 consulatum

236 1115 345 1190 Tusci
361 1124 397 1189 et
413 1115 529 1204 Bassi,
545 1124 581 1190 et
598 1139 619 1188 a
636 1115 826 1190 consulatu
839 1116 948 1190 Tusci
966 1123 1002 1190 et
1018 1116 1122 1191 Bassi
1143 1139 1257 1213 usque
1283 1117 1354 1189 VII
1378 1115 1459 1190 Kal.

236 1227 397 1324 Augusti
405 1250 474 1326 quo
482 1237 639 1327 tempore
649 1228 835 1305 sevissima
844 1229 1044 1327 persecutio
1056 1229 1255 1326 urgebatur
1264 1228 1331 1304 sub
1341 1229 1459 1305 Decio.

754 1454 948 1540 LXXVIII.

332 1671 446 1746 Gaius
462 1671 605 1747 natione
623 1670 788 1747 Dalmata
805 1697 850 1748 ex
874 1695 1006 1768 genere
1024 1670 1249 1762 Diocletiani,
1273 1671 1460 1748 constituit

235 1791 277 1857 ut
300 1784 441 1859 ordines
462 1807 584 1858 omnes
601 1785 638 1857 in
656 1785 807 1860 ecclesia
833 1787 863 1858 si
889 1786 1067 1883 acciperet
1092 1786 1156 1882 qui
1181 1786 1367 1885 episcopus
1383 1811 1461 1862 esso

236 1907 442 1972 mereretur.
460 1901 510 1974 Ut
531 1906 624 1973 esset
644 1897 848 1988 hostiarius,
868 1898 990 1988 lector,
1007 1900 1193 1989 exorcista,
1209 1899 1458 1988 subdiaconus,

234 2009 423 2100 Diaconus,
440 2009 633 2108 Presbyter
646 2011 771 2088 exinde
792 2011 989 2110 Episcopus
1008 2012 1242 2087 ordinaretur.
1260 2011 1331 2087 Hid
1347 2011 1460 2108 regio·

234 2145 298 2196 nes
314 2121 438 2198 divisit
454 2121 625 2198 diaconia.

741 2267 951 2352 LXXVIHI.

328 2463 563 2540 Marcellinus
581 2465 724 2540 natione
741 2469 924 2542 Romanus
937 2469 1068 2544 ductus
1080 2475 1136 2543 est
1148 2493 1169 2542 a
1182 2468 1402 2543 Diocletiano
1416 2474 1457 2541 ut

232 2579 431 2654 turificaret
450 2579 542 2678 quod
555 2579 700 2655 etfacit.
713 2581 760 2654 Et
773 2589 851 2678 post
863 2602 995 2676 paucos
1008 2579 1083 2655 dies
1095 2580 1303 2679 paenitentia
1316 2579 1457 2670 ductus,

233 2717 317 2767 cum
334 2691 544 2790 quibusdam
562 2691 644 2767 aliis
662 2694 837 2790 martyrio
851 2702 1051 2769 coronatur.
1063 2695 1135 2782 Qui
1148 2693 1352 2769 coniuravit
1363 2696 1457 2769 Mar-

234 2805 366 2881 cellum
388 2805 639 2904 presbyterum
655 2831 762 2881 suum
780 2807 866 2882 dum
884 2817 1050 2905 pergeret
1065 2807 1111 2882 ad
1128 2807 1325 2906 passionem
1343 2832 1456 2898 suam,

234 2927 275 2994 ut
291 2929 465 3017 precepta
486 2919 699 2996 Diocletiani
712 2946 908 3020 numquam
922 2921 1096 3020 impleret.
1110 2922 1166 2997 Ab
1178 2921 1298 2998 eodem
1312 2921 1368 2996 die
1382 2945 1456 2996 ces·

233 3034 329 3108 savit
344 3034 567 3132 episcopatus
584 3035 670 3107 anni
688 3037 759 3108 VII
776 3033 958 3111 mensibus
982 3035 1035 3109 VI
1060 3033 1185 3110 diebus
1208 3037 1315 3108 XXV
1341 3057 1456 3132 perse·

232 3155 364 3245 quente
384 3146 602 3222 Ditoletiano
619 3146 850 3223 Christianos.

781 3373 917 3494 imru.

327 3587 523 3665 Marcellus
540 3597 647 3664 natus
664 3592 783 3664 Romae
798 3591 907 3664 XXV
922 3589 1047 3667 titulos
1070 3590 1110 3665 in
1126 3590 1213 3666 urbe
1230 3593 1350 3665 Romae
1374 3611 1455 3665 con·

234 3703 362 3795 stituit,
375 3703 478 3802 quasi
492 3703 649 3780 dioceses
661 3711 802 3803 propter
818 3703 1034 3800 baptismum
1052 3713 1089 3780 et
1104 3703 1349 3805 paenitentiam
1362 3701 1455 3776 mul-

233 3823 362 3906 torum,
378 3815 441 3914 qui
463 3815 763 3892 convertebantur
787 3840 832 3892 ex
855 3818 1018 3914 paganis,
1035 3828 1071 3894 et
1087 3827 1229 3916 propter
1251 3814 1455 3916 sepulturas

233 3937 447 4029 martyrum.
465 3929 680 4005 Hordinavit
696 3932 822 4006 XXVI
839 3929 1066 4029 presbyteros
1082 3929 1121 4004 in
1137 3929 1225 4005 urbe
1241 3931 1370 4004 Roma

772 4155 926 4241 txxxl.

330 4382 504 4459 Silvester
512 4384 656 4459 natIone
664 4385 845 4458 Romanus
858 4384 1045 4459 constitnit
1054 4383 1220 4462 Chrisma
1229 4381 1274 4458 ab
1282 4383 1454 4482 Episcopo

234 4495 373 4590 confici,
382 4511 419 4572 et
427 4496 660 4596 privilegium
670 4497 854 4601 Episcopis
867 4505 908 4572 ut
920 4496 1138 4598 baptizatum
1152 4496 1366 4594 consignent
1378 4519 1454 4596 pro
