3646 5292
727 391 923 454 -231-

216 511 274 587 dia
290 509 472 586 diabolicae
488 509 732 610 temptationis
750 509 907 600 infletur,
919 509 1107 599 irascatur,
1120 505 1299 586 interdum
1314 509 1344 584 si
1359 535 1435 610 pre·

216 623 355 726 sbyteri
363 633 579 701 exercentur
595 625 743 722 plebem,
759 623 790 700 si
807 623 845 698 in
863 617 1035 698 aecclesiis
1055 620 1259 720 predicent,
1284 623 1315 696 si
1340 623 1434 720 plebi

216 747 259 814 ut
274 737 448 836 scriptum
466 746 521 815 est
537 737 759 814 benedicant.
776 735 918 813 Etenim
936 734 1095 812 obvianti
1114 735 1201 810 mihi
1219 735 1288 811 ista
1305 736 1370 826 sic,
1382 737 1433 811 di-

216 860 286 943 eat,
303 850 448 951 quinon
460 851 542 927 vult
559 851 786 950 presbyteros
802 851 920 928 facere
937 851 1030 949 quod
1043 850 1186 928 iubetur
1199 876 1220 924 a
1233 851 1315 926 Deo.
1328 851 1434 927 Dicat

215 967 277 1066 qui
297 965 407 1040 maior
424 965 596 1068 Christo?
612 975 676 1040 aut
693 964 779 1063 quid
795 965 926 1063 poterit
941 963 1077 1062 corpori
1094 965 1172 1039 eius
1184 973 1249 1038 aut
1261 963 1434 1061 sanguini

215 1077 410 1176 anteponi?
428 1077 466 1152 Si
479 1077 667 1176 presbyter
680 1077 865 1155 Christum
880 1085 1065 1154 consecrat
1077 1101 1160 1152 cum
1174 1077 1213 1150 in
1225 1075 1353 1152 altario
1366 1076 1432 1152 Dei

215 1200 437 1268 sacramenta
452 1190 643 1281 benedicit,
659 1191 867 1267 benedicere
884 1189 1053 1288 populum
1078 1213 1148 1264 non
1173 1188 1326 1279 deberet,
1349 1189 1434 1288 quia

218 1305 404 1382 Christum
422 1305 554 1380 meruit
571 1309 808 1382 consecrare?
826 1304 932 1380 Circa
949 1301 1058 1379 laicos
1075 1327 1118 1378 ac
1131 1300 1300 1377 mulieres
1312 1301 1436 1378 iuben·

216 1420 314 1496 tibus
330 1418 431 1494 'robis
444 1417 673 1494 iniustissimi
686 1419 884 1495 sacerdotes
898 1415 1085 1515 presbyter
1097 1415 1162 1490 Dei
1178 1415 1434 1492 benedictionis

214 1534 332 1634 perdit
347 1533 492 1610 officia?
508 1531 643 1609 amittit
659 1533 797 1630 lingum
818 1534 932 1628 opus?
956 1553 1027 1604 non
1051 1527 1158 1604 habet
1181 1527 1433 1604 confidentiam

214 1649 442 1749 praedicandi,
461 1655 651 1724 truncatus
667 1648 762 1724 omni
785 1655 885 1746 parte
910 1643 1115 1718 virtutum?
1140 1641 1333 1740 Solumque
1359 1666 1434 1740 pre·

215 1763 351 1862 sbyteri
369 1785 496 1838 nomen
515 1761 633 1847 babet,
648 1761 907 1860 plenitudinem
924 1783 966 1834 ac
984 1756 1333 1856 perfectionemque
1354 1780 1435 1832 con·

214 1874 402 1951 sacrationi
421 1874 499 1950 eius
516 1874 711 1972 compontit
726 1898 798 1949 non
816 1873 998 1948 retentat?
1016 1869 1105 1956 Quis
1121 1867 1181 1944 hic
1207 1891 1293 1964 rogo
1319 1893 1435 1944 sacer·

214 1991 312 2066 dotes
328 1990 438 2066 honor
455 2000 573 2065 vester
590 1999 656 2079 est,
673 2000 715 2065 ut
731 1990 902 2064 damnum
926 1981 1103 2078 gregibus
1126 1979 1318 2056 inferatis?
1343 1983 1435 2068 Quo

216 2103 313 2176 niam
331 2129 415 2179 cum
433 2102 633 2202 pastoribus
650 2099 917 2200 praepotentiam
935 2096 1099 2170 aufertur
1123 2097 1197 2170 Deo
1221 2093 1333 2190 digna
1357 2087 1436 2168 dili·

214 2216 340 2314 gentia
357 2216 568 2313 contagium
586 2216 758 2314 quoddam
781 2225 816 2290 et
833 2209 1020 2288 calamitas
1037 2207 1168 2284 crescit
1184 2205 1222 2281 in
1248 2207 1433 2304 gregibus.

215 2333 268 2404 Ac
285 2331 359 2404 Deo
374 2352 446 2404 non
462 2327 666 2426 patrimonii
684 2328 740 2403 sui
758 2328 888 2402 damna
901 2321 1130 2422 conqueritis
1143 2321 1229 2396 dum
1242 2320 1308 2396 soli
1321 2319 1435 2396 vultis

213 2440 252 2514 in
278 2440 438 2516 ecelesiis
456 2441 659 2537 potentari?
676 2439 838 2539 Denique
855 2450 892 2516 ot
908 2437 1114 2516 chrismatis
1130 2460 1171 2513 ea
1191 2435 1281 2511 ratio
1302 2443 1367 2526 est,
1384 2447 1435 2510 at·

215 2580 284 2654 que
301 2555 362 2632 hio
379 2554 463 2630 ordo
480 2554 669 2652 legitimus
686 2555 927 2648 consecrandi.
944 2552 1150 2652 Presbyteri
1168 2575 1255 2649 ergo
1272 2552 1302 2626 si
1316 2576 1437 2628 neees-

215 2694 253 2746 se
271 2679 325 2746 est
341 2679 489 2768 possunt
506 2669 663 2745 chrisma
680 2671 863 2746 conficere.
877 2673 924 2744 Et
936 2668 1041 2767 paulo
1054 2679 1141 2767 post.
1163 2667 1366 2766 Presbyteri
1388 2667 1434 2744 ab

213 2783 316 2859 initio
337 2783 562 2880 negotiorum
579 2783 717 2859 indices
734 2809 811 2860 esse
825 2783 984 2860 mandati
997 2791 1095 2873 sunt,
1107 2782 1307 2880 presbyteri
1320 2806 1436 2858 sacer-

215 2899 336 2974 dotum
354 2899 526 2974 iuteresse
543 2890 706 2989 concilio,
723 2898 890 2997 quoniam
907 2907 944 2974 et
961 2897 1029 2995 ipsi
1055 2895 1255 2994 presbyteri
1280 2905 1322 2971 ut
1345 2896 1436 2994 legi·

214 3037 306 3104 mus,
323 3011 476 3111 episcopi
494 3012 737 3104 nominantur,
754 3013 951 3089 secundum
964 3009 1056 3108 quod
1069 3009 1245 3107 scriptum
1261 3017 1327 3100 est,
1342 3011 1388 3085 ad
1401 3034 1435 3086 e·

214 3127 409 3226 piscopum,
422 3149 501 3226 qum
513 3126 578 3202 tibi
592 3127 674 3202 data
687 3135 742 3202 est
754 3151 817 3226 per
829 3123 1089 3222 impositionem
1102 3146 1275 3196 manuum
1289 3122 1435 3222 presby-

213 3240 348 3317 teri.Et
361 3237 511 3330 alibi,ad
521 3265 639 3315 mares
652 3250 752 3330 natu,
765 3239 826 3340 qui
840 3261 904 3313 vos
917 3235 1035 3335 posuit
1046 3235 1226 3334 episcopos
1243 3259 1369 3331 regere
1380 3260 1435 3313 ee·

214 3353 359 3430 clesiem
378 3378 491 3428 suam.
508 3357 555 3428 Et
572 3353 677 3428 infra.
694 3355 764 3430 Sed
780 3355 932 3432 oderunt
944 3349 1011 3424 hoc
1023 3347 1166 3446 superbi
1179 3349 1379 3425 sacerdotes
1396 3349 1435 3424 in

215 3466 416 3567 presbyteri
433 3467 576 3542 nomine
594 3467 655 3566 qni
673 3467 801 3543 nolunt
817 3468 884 3544 hoe
901 3489 977 3542 esse
994 3463 1086 3564 quod
1103 3463 1281 3555 Christus,
1305 3463 1368 3563 qui
1384 3465 1433 3540 di·

215 3579 435 3678 scipulorum
453 3581 558 3679 pedes
575 3579 676 3670 lavit,
689 3581 751 3679 qui
764 3580 966 3680 baptizatus
982 3603 1004 3652 e
1020 3577 1178 3653 Iohanne
1194 3586 1258 3668 est,
1274 3577 1360 3654 licet
1376 3577 1435 3654 ba-

215 3693 425 3792 ptizandum
443 3717 481 3770 se
499 3717 576 3770 esse
592 3693 769 3772 Iohannes
785 3720 807 3769 a
824 3695 975 3771 Domino
991 3693 1235 3794 proclamaret.
1247 3693 1347 3781 Quod
1359 3716 1437 3792 pro-

216 3815 338 3906 pterea
356 3807 483 3898 scribo,
501 3818 542 3882 ut
558 3807 589 3882 si
607 3808 742 3908 peracti
760 3808 929 3908 temporis
946 3829 1043 3882 error
1060 3807 1132 3880 iam
1149 3829 1219 3881 non
1244 3814 1359 3904 potest
1383 3831 1436 3882 re·

215 3919 335 3996 vocari
354 3921 450 3996 etad
467 3945 622 4020 praesens
639 3923 676 3997 in
695 3923 857 4002 ecclesiis
874 3920 946 3996 tuis
963 3920 1099 3996 faciant
1115 3919 1207 4018 quod
1223 3922 1343 3994 Romae
1364 3921 1434 4011 sui,

219 4034 311 4134 quod
328 4034 366 4109 in
385 4035 531 4113 Oriente
548 4038 617 4130 sni,
629 4039 721 4137 quod
734 4038 771 4113 in
787 4035 922 4125 Africa,
935 4034 1026 4132 quod
1039 4033 1077 4107 in
1090 4033 1274 4131 Hispania,
1290 4034 1383 4132 quod
1395 4034 1434 4107 in

214 4147 415 4240 Britannia,
427 4151 520 4248 quod
532 4151 570 4226 in
584 4152 713 4243 Gallia,
727 4154 818 4252 quod
830 4151 869 4225 in
882 4148 1047 4225 omnibus
1059 4148 1147 4224 locis
1159 4147 1345 4224 humilitas
1359 4172 1436 4247 per·

217 4270 371 4354 severat,
388 4264 479 4361 quod
497 4263 535 4338 in
553 4264 638 4341 caelo
654 4267 747 4364 qnod
765 4265 880 4341 mains
904 4272 969 4356 est,
990 4264 1050 4341 nbi
1068 4263 1169 4341 sedes
1193 4287 1315 4340 eorum
1339 4262 1434 4361 legis

213 4401 290 4453 esse
307 4376 523 4477 disspositas.
