3646 5292
948 653 1017 736 LV.

467 885 665 982 Gregorius
683 885 876 961 scolastico
892 885 976 961 duci
994 886 1208 984 Campaniae.
1226 889 1321 961 Dum
1345 883 1590 984 Neapolitanae

374 997 533 1072 civitatis
550 1022 638 1072 eura
654 997 833 1073 destitutae
846 999 1038 1074 sacerdotis
1051 999 1181 1075 solacio
1193 999 1424 1074 vehementer
1437 1022 1589 1094 augere·

371 1135 463 1200 mur,
480 1111 773 1209 supervenientes
790 1113 1020 1210 praesentium
1037 1112 1168 1187 latores
1185 1087 1268 1187 cuin
1285 1112 1426 1188 decreto
1447 1113 1485 1186 in
1512 1111 1590 1186 Flo-

372 1224 553 1299 rentinum
585 1224 848 1299 subdiaconum
874 1235 1036 1300 nostrum
1060 1225 1231 1312 confecto,
1256 1225 1394 1322 aliquid
1419 1225 1520 1300 nobis
1548 1224 1589 1298 in

369 1345 470 1412 tanto
481 1339 709 1434 cogitationis
722 1338 874 1437 pondere
884 1338 1113 1414 revelationis
1123 1339 1320 1414 inveniant.
1330 1338 1399 1412 Sed
1408 1338 1492 1411 dum
1502 1363 1589 1436 prae·

370 1449 467 1524 fatus
487 1450 733 1526 Subdieconus
748 1460 881 1541 noster,
905 1451 1091 1546 refugiens
1115 1451 1300 1526 civitatem
1317 1451 1429 1550 ipsam
1452 1451 1590 1524 ordina·

370 1562 504 1638 tionem
520 1590 623 1638 suam
638 1563 922 1663 lacrymabiliter
934 1565 1116 1654 evitasset,
1125 1564 1228 1662 quasi
1240 1589 1285 1638 ex
1297 1564 1587 1662 maioriquadam

371 1675 615 1774 desperatione
624 1687 780 1753 nostram
791 1678 994 1775 cognoscite
1003 1675 1159 1752 crevisse
1169 1676 1373 1751 mestitiam.
1384 1682 1501 1776 Atque
1510 1678 1589 1752 ideo

369 1787 555 1863 hortamur
572 1789 770 1864 salutantes
792 1789 1080 1887 magnitudinem
1105 1799 1275 1878 vestram,
1291 1799 1332 1864 ut
1354 1799 1589 1865 convocantes

369 1903 504 1998 priores
518 1902 576 1978 vel
589 1903 759 2001 populum
773 1903 932 1978 civitatis
941 1903 983 1977 de
992 1903 1142 1978 alterius
1150 1903 1321 1979 electione
1335 1903 1513 2000 cogitetis,
1526 1903 1587 2002 qui

368 2016 502 2113 diguus
519 2019 629 2115 possit
645 2043 729 2093 oum
746 2017 881 2094 Christi
899 2016 1029 2091 solacio
1045 2015 1090 2090 ad
1114 2017 1352 2092 secerdotium
1377 2018 1588 2118 promoveri.

369 2130 412 2203 In
430 2153 499 2227 qno
515 2131 655 2205 decreto
672 2130 916 2228 sollempniter
931 2131 1037 2219 santo,
1050 2139 1085 2206 et
1098 2131 1142 2205 ad
1155 2131 1250 2206 hanc
1266 2131 1390 2206 urbem
1404 2131 1589 2205 transmis-

368 2265 417 2332 so,
426 2243 600 2318 ordinatio
612 2243 689 2318 illio
702 2243 847 2318 tandem
858 2242 1001 2318 Christo
1014 2244 1209 2318 auxiliante
1223 2245 1443 2342 proveniant.
1453 2245 1492 2318 Si
1506 2267 1590 2319 vero

367 2365 488 2455 aptam
505 2379 575 2430 non
593 2356 765 2431 invenitis
782 2357 821 2430 iu
838 2381 909 2454 qua
927 2356 1068 2453 possitis
1086 2357 1285 2432 consentire
1301 2364 1499 2456 personam,
1520 2357 1589 2430 sal-

367 2477 442 2544 tem
459 2469 645 2544 tresviros
663 2478 778 2545 rectos
795 2493 838 2544 aa
854 2470 1035 2568 sapientes
1051 2468 1187 2565 eligite,
1200 2493 1288 2568 quos
1299 2471 1343 2544 ad
1355 2469 1450 2544 hanc
1462 2471 1588 2545 urbem

368 2581 619 2680 generalitatis
635 2583 716 2658 vioe
734 2584 899 2672 mittatis,
917 2606 1068 2680 quorum
1086 2582 1218 2657 iudicio
1235 2582 1334 2681 plebs
1351 2591 1423 2657 tota
1444 2606 1590 2658 consen·

367 2697 444 2771 tiat.
456 2700 550 2771 Nam
565 2699 637 2772 Deo
649 2707 817 2795 operante
834 2697 924 2772 forte
940 2697 1003 2771 hic
1018 2693 1127 2770 talem
1147 2695 1335 2794 reperient,
1348 2695 1410 2793 qui
1424 2695 1523 2770 vobis
1535 2696 1590 2769 in-

369 2809 698 2908 reprehensibiliter
706 2811 900 2886 ordinetur.
909 2811 1006 2886 Idem
1021 2808 1204 2906 Cypriane
1216 2807 1313 2883 dicit.
1322 2807 1522 2884 lilibitanae
1535 2833 1591 2884 ec·

367 2924 486 3001 clesiae
503 2925 598 3000 clero
614 2923 687 3000 huc
703 2949 766 3022 pro
781 2925 975 3000 ordinando
991 2921 1059 2996 sibi
1077 2920 1259 2996 sacerdote
1277 2907 1455 3012 veniente,
1480 2922 1590 2997 lieen-

367 3037 455 3111 tiam
473 3036 515 3111 de
534 3037 752 3134 exquirendo
768 3037 836 3112 sibi
853 3038 1015 3134 episcopo
1040 3057 1104 3108 nos
1129 3033 1267 3108 dedisse
1289 3057 1494 3130 cognoscas.
1519 3035 1589 3122 Qui

366 3149 518 3224 Decium
536 3148 711 3223 forensem
729 3147 980 3247 presbyterum
994 3148 1063 3223 sibi
1077 3147 1277 3222 consecrari
1290 3158 1494 3246 poposcerat
1506 3172 1589 3246 quo

367 3285 448 3334 rum
466 3258 673 3357 petitionem
692 3259 978 3358 adimplevimus.

929 3485 1018 3570 tvl.

461 3699 658 3796 Gregorius
668 3703 846 3776 Honorato
854 3701 1001 3776 diacono
1010 3697 1215 3773 Salonitano
1224 3706 1301 3796 post
1309 3699 1587 3796 quedamscire
1645 3747 1647 3752 ,

365 3821 401 3887 te
418 3812 584 3887 volumus
600 3813 691 3910 quod
707 3839 729 3888 a
745 3824 781 3889 te
797 3814 958 3890 districte
975 3810 1162 3910 quaesituri
1185 3837 1311 3884 sumus
1335 3813 1505 3908 quomodo
1529 3811 1587 3886 vel

365 3927 515 4024 propriae
532 3925 703 4017 ecclesiae,
719 3926 778 4003 vel
796 3951 837 4003 ea
854 3952 933 4026 quae
949 3927 992 4001 de
1009 3923 1162 3999 diversis
1179 3923 1341 3999 ecclesiis
1357 3923 1507 4022 cymilia
1524 3949 1587 4000 seu

365 4037 526 4127 collecta,
538 4038 604 4113 sub
622 4040 718 4113 omni
735 4065 832 4115 nuno
851 4035 1092 4114 sollicitudine
1109 4045 1145 4111 et
1170 4036 1237 4111 fide
1263 4046 1462 4111 servantur.
1487 4037 1588 4124 Quod

366 4149 397 4223 si
415 4150 500 4247 quid
517 4175 562 4226 ex
578 4150 631 4226 eis
647 4151 706 4225 vel
725 4151 952 4248 negligentia
969 4149 1027 4224 vel
1040 4149 1145 4224 ouius
1162 4173 1270 4246 quam
1288 4149 1411 4223 fraude
1428 4149 1530 4247 perit,
1546 4159 1587 4224 tu
1658 4219 1662 4228 .

365 4259 403 4333 in
422 4261 489 4336 hoc
506 4271 607 4336 reatu
624 4261 896 4359 constringeris,
920 4261 982 4360 qui
1007 4285 1069 4359 per
1093 4261 1405 4338 archidiaconatus
1428 4261 1587 4336 ordinem

365 4373 535 4449 custodia
551 4373 709 4450 eiusdem
727 4373 888 4452 ecclesiae
903 4375 1019 4451 artius
1036 4373 1242 4473 implicaris.
