3618 5316
928 377 1124 440 -306-

412 491 644 570 ecclesiarum
655 519 731 572 esse
741 505 945 571 sanctorum
959 495 1128 586 locorum,
1137 521 1180 571 ac
1195 495 1373 592 religiosis
1385 494 1566 594 obsequiis
1581 495 1640 571 de·

411 608 558 699 servire,
574 609 711 685 nullius
728 610 971 709 temptationis
992 609 1190 686 molestiam
1216 611 1405 686 sustinere.
1429 609 1639 686 Archadius

412 731 449 795 et
474 725 684 798 Honoratus.
702 724 741 798 Si
763 724 933 799 aecclesiae
958 724 1174 800 venerabilis
1199 723 1391 824 privilegia
1417 723 1638 826 cuiusquam

410 832 546 910 fuerint
557 835 758 912 temeritate
771 836 981 928 violata,vel
990 836 1272 912 dissimulatione
1282 837 1459 934 neglecta,
1468 837 1639 910 commis·

410 972 490 1021 sum
508 951 579 1022 XII
596 947 769 1023 librarum
782 949 873 1039 auri,
886 949 981 1026 sicut
993 949 1100 1026 etiarn
1116 952 1216 1048 prius
1229 951 1465 1026 constitutum
1479 960 1535 1024 cst
1552 974 1638 1026 con·

409 1059 657 1162 dampnatione
675 1061 862 1161 plectatur,
887 1062 1033 1162 ipsaque
1058 1063 1251 1161 privilegia
1277 1062 1535 1140 nichilominus
1563 1062 1638 1160 pls
1770 1169 1771 1182 ἵ

410 1173 600 1250 nissimum
618 1199 680 1273 per
697 1175 815 1251 omnia
832 1175 1016 1276 optineant
1032 1176 1206 1273 uigorem.

940 1379 1108 1465 CXXXV.

828 1583 877 1634 Ex
896 1581 1014 1636 eodem
1032 1583 1160 1638 constit.
1181 1583 1205 1634 1.

503 1744 736 1841 Imperatores
766 1743 854 1818 Vol.¹
871 1735 993 1820 Marco
1010 1727 1169 1818 Palladio
1191 1745 1344 1842 praetorii
1372 1745 1546 1842 praefecto.
1570 1749 1636 1820 Sa·
1772 1799 1773 1822 .

408 1853 499 1928 laria
521 1879 601 1953 quae
618 1856 856 1932 sacrosanctis
873 1857 1044 1933 aecclesiis
1061 1859 1099 1932 in
1117 1859 1269 1934 diversis
1288 1853 1473 1958 speciebus
1489 1860 1532 1935 do
1545 1861 1636 1958 pub

404 1965 498 2043 blico
514 1978 666 2043 actenus
683 1969 887 2044 ministrata
911 1980 1008 2060 sunt,
1033 1970 1199 2046 iubemus
1224 1997 1323 2048 nuuc
1349 1995 1488 2070 quoqne
1510 1972 1637 2047 incon-

406 2105 524 2172 cussa,
549 2091 585 2157 et
609 2107 631 2154 a
656 2082 755 2158 nullo
780 2106 924 2182 prorsus
945 2083 1137 2158 imminuta
1155 2083 1328 2182 praestari,
1350 2083 1635 2183 liberalitatique
1773 2137 1774 2172 ,

405 2192 491 2382 hpio
508 2195 781 2294 promptissima
800 2206 1007 2295 perpetuam
1029 2195 1225 2271 tribuimus
1246 2196 1463 2272 firmitatem.
1485 2199 1564 2272 Dat.
1588 2201 1634 2272 11.

405 2309 421 2380 I
449 2309 645 2384 ‚Novemb

924 2455 1111 2541 CXXXVI.

498 2655 570 2728 Lao
588 2656 783 2753 Imperator
801 2659 994 2751 Augustus
1013 2653 1179 2728 Armasio
1195 2655 1349 2754 praetorii
1372 2655 1544 2751 praefecto.
1570 2657 1631 2729 lu-

400 2763 527 2842 benrus
544 2777 585 2842 ut
601 2767 725 2842 nullus
741 2767 799 2841 cui
819 2791 875 2843 res
891 2765 1144 2844 ecclesiastica
1169 2767 1406 2862 gubernanda
1424 2767 1629 2856 mandatur,

401 2879 579 2955 ullomodo
595 2905 674 2956 eam
691 2879 847 2956 alienare
863 2892 928 2956 aut
944 2879 1138 2956 transferre
1159 2879 1299 2954 audeat.
1323 2880 1425 2966 Quod
1450 2879 1512 2978 qui
1537 2905 1627 2980 prse-

400 2995 605 3091 sumpserit,
622 2993 819 3092 expolietur
836 3019 902 3067 sua
920 2993 1109 3090 dignitate,
1125 3002 1161 3068 et
1176 2992 1321 3068 tabellio
1333 2993 1395 3091 qui
1409 2993 1628 3067 instrumen-

400 3115 438 3180 ta
454 3106 707 3204 conscripserit
723 3106 760 3180 in
778 3105 927 3182 axilium
953 3107 1117 3197 ducatur,
1138 3116 1174 3182 et
1199 3106 1307 3181 iudex
1330 3106 1393 3204 qni
1418 3107 1625 3180 huiusmodi

401 3218 633 3311 consenserit,
650 3242 720 3294 non
739 3230 926 3296 revocetur
943 3220 987 3294 ad
1005 3219 1190 3295 indicium.

909 3411 1115 3496 cxxxvii.

789 3613 871 3668 Item
890 3625 932 3667 ex
950 3613 1025 3679 legs
1044 3614 1230 3667 Iustiniana.

495 3791 532 3866 Si
545 3792 627 3890 quis
640 3791 932 3890 emphytheoseos
945 3800 1169 3867 contractum
1187 3792 1224 3866 in
1239 3790 1520 3868 ecclesiasticam
1535 3815 1622 3881 rem,

398 3905 457 3979 vel
470 3903 620 3979 alterius
634 3905 847 3981 venerabilis
859 3904 930 3980 loci
943 3904 1163 3981 contraxerit
1176 3905 1450 4006 imperpetuum,
1463 3902 1621 4001 primurn

398 4015 540 4114 quidem
558 4017 594 4091 id
611 4017 703 4115 quod
719 4025 840 4093 actum
858 4027 923 4108 cst,
940 4041 1003 4114 pro
1020 4017 1154 4093 iniecto
1170 4017 1368 4093 habebitur.
1385 4017 1521 4092 Deinde
1543 4026 1622 4090 tan·

397 4141 476 4204 tum
494 4133 576 4206 eum
595 4154 805 4230 unoquoquo
822 4155 916 4204 anno
934 4141 1103 4229 perpetuo
1121 4140 1289 4229 praestare
1302 4129 1528 4206 sanctissimo
1544 4128 1621 4203 loco

395 4254 541 4342 oportet,
558 4253 733 4342 quantum
751 4244 985 4342 prestitisset,
1003 4242 1065 4316 sed
1085 4242 1129 4318 ab
1154 4241 1258 4317 initio
1281 4241 1446 4339 legitima
1472 4241 1622 4339 emphy-

394 4355 533 4430 theusis
550 4381 638 4448 esse,
655 4356 769 4433 nichil
786 4367 991 4433 remanente
1014 4356 1110 4454 apud
1134 4380 1217 4432 eum
1242 4380 1285 4431 ex
1309 4355 1365 4430 his
1389 4379 1469 4454 quaa
1494 4354 1617 4430 fructu

394 4467 696 4569 emphytheuseos
711 4469 894 4546 occasione
920 4469 1078 4570 praestita
1103 4479 1198 4544 sunt.
1224 4473 1294 4544 Res
1318 4467 1412 4542 enim
1430 4468 1508 4568 ipsa
1532 4493 1617 4544 cum
