3582 5288
679 445 718 462 -
745 407 813 514 145,
832 444 874 459 -

163 520 231 600 nus
251 525 291 600 in
305 528 458 604 ecclesia
471 552 541 606 non
554 540 618 606 est.
631 534 723 608 Item
741 533 779 606 in
793 529 1034 632 sequentibus.
1047 532 1127 610 Erit
1139 560 1234 610 unus
1246 537 1338 632 g'rex
1349 545 1386 610 et

163 665 258 714 unus
283 652 414 739 pastor.
439 643 477 717 si
502 654 623 720 autem
648 669 740 743 grex
764 675 860 724 unus
877 659 942 741 est,
959 650 1130 750 quomodo
1147 659 1261 748 potest
1278 648 1385 746 gregi

161 755 392 830 annumerari
406 757 519 856 quiin
537 784 685 836 numero
700 765 828 859 gregis
845 788 915 838 non
933 769 1015 839 est?
1033 767 1108 838 Aut
1125 773 1244 862 pastor
1259 761 1385 836 haberi

163 869 336 965 quomodo
360 882 474 969 potest
498 872 560 971 qui
585 884 752 952 manente
769 900 854 952 vero
871 887 1010 974 pastore
1026 885 1062 952 et
1078 879 1117 950 in
1141 876 1294 952 ecclesia
1318 875 1385 950 Dei

163 982 382 1060 ordinatione
399 987 610 1062 succedente
623 1013 666 1064 ac
679 990 900 1087 presidente,
918 991 1054 1066 nemini
1073 990 1266 1067 succedens
1288 988 1386 1064 seda

163 1095 278 1194 seipso
302 1097 480 1197 incipiens
504 1101 644 1178 alienus
661 1103 702 1196 fit
727 1114 763 1178 et
788 1104 991 1203 prophanus
1015 1105 1201 1180 dominicae
1222 1101 1320 1202 pacis
1343 1125 1387 1176 ac

164 1209 286 1286 divine
308 1213 461 1288 unitatis
482 1215 655 1292 inimicus
675 1240 747 1291 non
767 1217 934 1293 habitans
960 1219 999 1291 in
1024 1218 1125 1292 domo
1149 1216 1214 1291 Dei
1240 1215 1330 1289 idest
1348 1213 1386 1286 in

164 1325 328 1400 Ecclesia
345 1327 409 1404 Dei
428 1327 466 1422 in
484 1352 555 1426 qua
579 1331 722 1405 nonnisi
748 1331 937 1407 concordes
955 1340 1041 1405 sunt
1065 1340 1172 1428 atque
1197 1327 1387 1402 unanimes

165 1437 330 1537 loquente
350 1441 388 1514 in
410 1442 557 1539 psalmis
576 1445 713 1542 Spiritu
730 1455 852 1520 sancto
879 1455 915 1520 ct
931 1443 1071 1520 dicente
1088 1446 1186 1518 Deus
1202 1436 1264 1540 qui
1288 1439 1387 1515 habi·

166 1563 243 1630 tare
260 1555 350 1631 facit
366 1557 556 1634 unanimes
573 1561 612 1633 in
629 1561 739 1636 domn.
756 1565 846 1636 Item
863 1559 907 1633 ad
925 1557 1178 1656 Papinianum.
1195 1555 1282 1631 Inde
1307 1580 1388 1652 scy-

167 1679 284 1744 smata
301 1679 338 1748 et
353 1671 495 1748 hereses
511 1673 629 1750 oborta
647 1685 733 1750 sunt
757 1685 794 1750 et
811 1674 977 1749 oriuntur
1001 1673 1086 1747 dum
1112 1671 1308 1770 Episcopus
1325 1668 1387 1766 qui

166 1805 262 1855 unus
274 1793 329 1858 est
342 1794 378 1858 ct
391 1784 562 1860 Ecclesiae
580 1797 719 1885 praeest,
733 1787 883 1886 superba
897 1787 1131 1884 quorumdam
1145 1782 1389 1884 praesumptio-

166 1917 210 1968 ne
227 1895 464 1993 contepnitur.
487 1901 577 1972 Item
604 1899 640 1972 in
666 1899 909 1997 sequentibus.
934 1899 1108 1974 Dominus
1133 1898 1171 1972 in
1197 1895 1388 1992 evangelio

166 2031 249 2081 oum
263 2031 346 2082 eum
360 2007 563 2106 loquentem
577 2011 744 2108 discipuli
758 2008 1387 2110 derelinquerentconversusadXII

166 2117 268 2194 dixit.
284 2121 469 2218 Numquid
486 2131 522 2197 et
538 2147 602 2197 vos
619 2123 731 2198 vultis
747 2124 827 2200 ire?
843 2125 1035 2223 Respondit
1053 2124 1086 2199 ei
1104 2128 1232 2199 Petrus
1255 2121 1388 2196 dicens.

165 2232 231 2308 Dic
248 2233 293 2307 ad
310 2258 416 2332 quem
434 2235 539 2309 imus.
558 2235 717 2311 Verbum
735 2239 820 2312 vitae
837 2247 981 2312 aeternae
997 2235 1117 2326 habes,
1135 2245 1172 2311 et
1188 2257 1252 2309 nos
1274 2231 1387 2310 credi·

167 2371 248 2419 mus
264 2355 301 2420 et
318 2348 554 2443 cognovimus
571 2325 709 2448 quintu
723 2375 761 2425 es
776 2350 942 2425 Christus
956 2349 1071 2424 Filius
1084 2348 1150 2424 Dei
1163 2347 1250 2422 vivi.
1263 2345 1389 2444 Loqui·

166 2471 225 2534 tur
243 2460 319 2536 illic
338 2464 466 2536 Petrus
483 2487 589 2561 super
607 2489 713 2562 quem
730 2463 895 2540 edificata
909 2464 1027 2538 fuerat
1039 2461 1201 2538 Ecclesia
1214 2458 1388 2536 Ecclesia

167 2573 321 2663 nomine,
339 2575 478 2666 docens,
496 2587 531 2651 et
547 2578 746 2666 ostendens,
763 2578 848 2674 quia
865 2589 901 2654 et
919 2578 949 2652 si
967 2588 1160 2654 contumax
1176 2601 1219 2652 ac
1236 2575 1388 2674 superba
1509 2579 1513 2586 '

165 2686 289 2762 audire
307 2687 507 2763 nolentium
523 2689 716 2764 multitudo
729 2691 897 2776 discedat,
910 2691 1061 2766 ecclesia
1073 2700 1195 2765 tamen
1208 2713 1230 2762 a
1243 2688 1387 2765 Christo

167 2825 237 2877 non
256 2802 389 2876 recedit
402 2813 438 2878 et
451 2802 505 2876 illi
519 2814 605 2878 sunt
622 2803 782 2878 Ecclesia
800 2804 899 2900 plebs
913 2803 1085 2880 sacerdoti
1099 2803 1267 2893 adunata,
1280 2812 1316 2878 et
1328 2826 1388 2900 pa·

166 2917 251 2991 stori
270 2940 335 2991 suo
351 2940 442 3012 grex
465 2915 650 2992 adherens.
676 2918 778 2993 Unde
796 2915 888 2992 scire
905 2916 1011 2992 debes
1028 2917 1243 3014 Episcopum
1269 2915 1308 2988 in
1332 2939 1388 2990 ec-

166 3029 276 3106 clesia
293 3055 380 3120 esse,
397 3041 434 3106 et
449 3030 638 3106 ecclesiam
655 3030 693 3105 in
710 3031 881 3129 episcopo,
898 3040 934 3105 et
951 3031 982 3103 si
1007 3031 1089 3128 quis
1113 3055 1197 3105 cum
1222 3029 1387 3127 episcopo

167 3169 238 3220 non
255 3144 357 3219 sitin
375 3143 614 3219 ecclesianon
632 3137 719 3232 esse,
744 3153 780 3218 et
805 3145 940 3218 frustra
965 3139 1032 3218 sibi
1057 3142 1212 3219 blandiri
1238 3166 1297 3218 eos
1322 3143 1384 3240 qui

168 3283 293 3356 pacem
309 3283 393 3332 cum
411 3256 652 3331 sacerdotibus
670 3256 734 3331 Dei
752 3279 821 3332 non
839 3255 1011 3332 habentes
1027 3257 1201 3355 obrepunt
1217 3265 1254 3330 et
1275 3253 1388 3331 laten·

167 3383 222 3448 ter
238 3373 334 3470 apud
351 3371 519 3470 quosdam
537 3371 806 3446 communicare
820 3395 857 3446 se
875 3371 1037 3460 credunt,
1049 3371 1217 3468 quoniam
1235 3369 1387 3446 ccclesia

168 3509 247 3584 qnae
259 3482 436 3561 catholica
448 3508 521 3556 una
534 3492 588 3558 est
601 3483 713 3560 scissa
725 3507 795 3558 non
809 3483 856 3558 sit
869 3507 985 3582 neque
995 3483 1120 3558 divisa.
1133 3487 1223 3558 Item
1233 3483 1388 3558 adPom·
1442 3579 1446 3590 .

168 3598 318 3696 pinium.
335 3595 493 3671 Interfici
513 3598 608 3670 Deus
626 3595 732 3670 iussit
749 3597 991 3673 sacerdotibus
1016 3597 1092 3671 suis
1116 3620 1188 3671 non
1212 3606 1388 3693 optempe-

168 3721 289 3786 rantes
305 3709 484 3784 iudicibus
501 3707 577 3782 suis
594 3733 616 3781 a
633 3733 671 3783 se
688 3709 732 3784 ad
748 3719 890 3808 tempus
906 3710 1111 3786 constitutis
1132 3733 1202 3785 non
1227 3708 1389 3784 obedien·

167 3835 230 3900 tes.
248 3827 296 3898 Et
311 3833 400 3898 tunc
413 3823 556 3921 quidem
570 3821 691 3918 gladio
703 3822 967 3912 occidebantur,
980 3823 1120 3921 quando
1136 3821 1254 3897 adhuc
1271 3831 1307 3896 et
1320 3821 1389 3896 cir·

169 3938 343 4016 cumcisio
360 3937 517 4014 carnalis
534 3931 712 4025 manebat,
729 3961 827 4013 nunc
844 3947 965 4012 autem
983 3937 1068 4034 quia
1080 3935 1307 4012 circumcisio
1319 3935 1389 4032 spi-

169 4053 312 4128 ritualis
325 4077 403 4128 esse
420 4051 513 4150 apud
527 4050 648 4126 fideles
661 4050 727 4125 Dei
741 4073 860 4127 servos
874 4049 989 4147 caepit,
1003 4049 1180 4148 spirituali
1193 4048 1314 4146 gladio
1330 4075 1388 4123 su-

170 4165 266 4264 perbi
284 4175 320 4240 et
336 4174 566 4240 contumaces
582 4173 771 4251 necantur,
785 4163 871 4237 dum
885 4163 927 4238 de
941 4161 1103 4239 Ecclesia
1115 4161 1305 4238 eiciuntur.
1317 4165 1388 4237 Nc·

170 4305 237 4377 que
254 4279 379 4353 vivere
396 4277 481 4352 foris
496 4286 646 4376 possunt
663 4302 746 4352 cum
764 4277 889 4351 domus
910 4275 975 4350 Dei
1000 4301 1073 4350 una
1097 4276 1156 4350 sit.
1180 4279 1227 4349 Et
1251 4271 1387 4348 nemini

172 4390 267 4466 salus
285 4415 363 4466 esse
380 4389 450 4463 nisi
468 4389 505 4462 in
525 4389 687 4464 Ecclesia
704 4388 824 4487 possit.
841 4391 932 4462 ltem
950 4387 995 4461 ad
1012 4387 1247 4484 Puppienum.
1265 4385 1387 4462 Memi-

171 4505 208 4578 ni
225 4505 311 4604 quid
328 4505 400 4576 iam
418 4501 507 4576 mihi
526 4503 574 4576 sit
590 4512 772 4577 ostensum
790 4501 902 4575 immo
919 4500 1010 4597 quod
1023 4501 1071 4574 sit
1084 4523 1186 4574 servo
1198 4499 1389 4598 obsequen·

1176 4615 1208 4668 ro
