3646 5292
751 387 945 452 -267-

237 511 294 586 nis
312 509 476 599 includit,
493 533 575 584 cum
595 509 807 586 mulieribus
825 509 975 607 degunt,
992 509 1068 586 hoc·
1079 511 1223 584 omnino
1241 533 1455 610 compescas,

238 627 285 699 llt
301 623 343 698 de
361 632 489 699 caetero
506 622 583 698 illic
600 647 659 698 eos
683 622 846 699 habitare
875 623 1077 698 nullomodo
1102 623 1261 722 patiaris.
1279 628 1325 699 Et
1349 624 1455 699 infra.

238 741 416 813 Praeterea
433 762 521 812 cura
538 747 602 812 tua
620 739 668 812 sit
684 738 823 813 eosdem
838 739 967 814 fratres
981 749 1119 814 nostros
1129 739 1318 837 Episcopos
1331 739 1455 814 adhor-

236 853 318 941 tari,
331 861 373 926 ut
389 851 567 926 subiectos
581 851 647 926 sibi
663 851 700 925 in
719 853 832 928 sacris
845 852 1013 928 videlicet
1030 852 1213 927 ordinibus
1230 852 1454 942 constitutos,

236 966 328 1064 quod
345 965 414 1064 ipsi
440 975 587 1041 serrant
615 966 660 1040 ad
685 965 972 1058 similitudinem,
990 967 1102 1042 modis
1127 967 1291 1042 omnibus
1309 991 1455 1042 servare

237 1089 495 1168 commoneant,
511 1079 577 1156 hoc
600 1081 845 1156 tantummodo
869 1081 1020 1156 adiectio
1038 1090 1079 1155 ut
1096 1080 1191 1156 sicut
1208 1079 1380 1156 canonica
1397 1080 1455 1155 de·

239 1195 355 1269 cernit
371 1196 578 1286 auctoritas,
595 1218 724 1270 uxores
748 1219 838 1294 quas
856 1203 952 1271 caste
970 1195 1097 1271 debent
1115 1219 1239 1292 regere
1257 1217 1328 1268 non
1348 1193 1454 1270 relin-

240 1319 362 1407 quant.

772 1453 914 1539 Lllllll.

334 1654 534 1750 Gregorius
548 1653 663 1729 Vitali
676 1655 851 1731 defensori
865 1655 1047 1730 Sardiniae.
1060 1655 1264 1730 ludicatum
1277 1651 1378 1728 nobis
1390 1663 1456 1744 est,

239 1768 332 1867 quod
358 1769 502 1866 quidam
525 1768 730 1844 Caralitano
747 1768 918 1844 aecclesiae
935 1769 1020 1844 cleri
1039 1769 1266 1867 disciplinam
1288 1767 1344 1842 sni
1362 1767 1420 1842 rel
1442 1809 1457 1822 ·

237 1882 583 1979 gientesChristi‚et
595 1891 719 1957 contra
734 1907 816 1958 eum
831 1883 1002 1959 solacium
1016 1893 1089 1958 tuae
1101 1881 1317 1957 defensionis
1334 1880 1455 1978 exqui-

238 2005 328 2072 rant.
347 2002 465 2096 Atque
491 2023 552 2096 per
577 1997 644 2075 hoc
663 1999 719 2072 illi
737 1998 830 2097 quod
847 1997 918 2072 dici
937 2021 1050 2092 grave
1067 2006 1122 2071 cst
1139 2005 1368 2071 contumaces
1385 1993 1456 2068 exi-

238 2121 345 2187 stant.
363 2115 478 2200 Quam
505 2136 579 2186 rem
598 2112 628 2185 si
646 2113 697 2186 ita
714 2122 779 2201 est,
796 2111 939 2187 omnino
956 2113 1044 2186 dure
1062 2110 1296 2208 suscepimus.
1313 2107 1456 2184 Dicitur

237 2227 344 2302 etiam
362 2227 453 2325 quod
470 2252 544 2301 susa
561 2235 665 2302 actus
682 2227 886 2302 deserentes
911 2224 1093 2315 aecclesiae,
1110 2225 1147 2298 in
1172 2223 1324 2299 aliorum
1342 2246 1381 2297 se
1399 2221 1456 2297 ob·

239 2340 373 2438 sequiis
389 2364 432 2415 ao
450 2339 631 2416 laboribus
648 2351 874 2440 occupantes
892 2339 952 2412 ubi
978 2361 1108 2412 nomen
1125 2336 1299 2412 dederunt
1316 2335 1455 2410 militiae

238 2455 472 2530 inveniantur
497 2455 668 2530 extranei.
686 2453 917 2553 Experientia
942 2453 1063 2550 itaque
1089 2461 1152 2526 tua
1179 2449 1272 2524 nihil
1289 2449 1455 2547 deinceps

241 2569 314 2644 tale
327 2569 464 2668 aliquid
476 2571 594 2647 lacero
612 2579 817 2671 praesumat.
842 2568 911 2644 Sed
928 2567 959 2642 si
978 2567 1191 2664 cuiusquam
1205 2565 1328 2640 clerici
1345 2573 1387 2639 ut
1403 2589 1458 2638 as·

237 2683 326 2758 solet
349 2683 465 2782 culpae
489 2707 595 2760 casus
619 2685 815 2774 emerserit,
833 2683 870 2756 in
898 2706 969 2781 qua
993 2690 1030 2756 te
1061 2680 1127 2755 sibi
1157 2689 1278 2781 petere
1306 2678 1456 2755 debeant

239 2797 436 2872 adiutorem
454 2799 498 2872 ad
515 2799 679 2874 eumdem
698 2799 914 2898 Episcopum
933 2805 1139 2875 reverenter
1156 2795 1295 2884 accedo,
1308 2801 1344 2869 et
1360 2793 1456 2868 sicut

140 2989 141 2994 ,
240 2935 347 2986 cause
377 2912 546 2986 meritum
573 2911 795 3008 cognoveris,
812 2912 906 3010 apud
931 2937 1011 2986 eum
1039 2934 1109 2984 non
1139 2909 1301 2984 defensor
1331 2907 1456 3007 culpae,

184 3021 186 3031 '
240 3025 302 3100 sed
320 3025 436 3122 potius
454 3025 667 3100 intercessor
683 3025 926 3115 accedentia
944 3024 1012 3099 hac
1030 3022 1239 3122 provisione,
1248 3031 1284 3097 et
1297 3021 1455 3120 poscenti

241 3138 337 3214 loras
361 3139 551 3230 auxilium,
568 3149 604 3214 et
630 3166 703 3214 una
721 3141 890 3240 propositi
915 3162 986 3213 non
1011 3138 1213 3214 turbentur.
1230 3136 1269 3212 si
1294 3135 1355 3235 qui
1373 3159 1457 3210 vero

241 3263 326 3328 sunt
343 3254 405 3352 qui
423 3254 518 3329 iusta
536 3255 769 3353 poposcerint,
786 3279 848 3352 per
874 3265 910 3328 te
928 3252 1108 3326 auxilium
1135 3252 1228 3326 sedis
1248 3248 1457 3349 Apostolicm

241 3393 311 3443 non
329 3379 382 3444 est
395 3369 684 3465 negandumsed
697 3379 820 3444 tamen
838 3369 889 3442 ita
907 3366 1083 3442 servanda
1101 3374 1156 3440 est
1172 3363 1458 3462 uniuscuiusque

242 3483 397 3581 episcopi
423 3483 637 3573 reverentia,
662 3491 703 3557 ut
727 3483 939 3558 clericorum
957 3479 1147 3580 disciplina
1164 3503 1226 3576 per
1243 3477 1458 3554 defensionis

243 3604 315 3670 tuae
332 3597 586 3697 experientiam
606 3596 753 3672 minime
770 3595 968 3671 solvantur.

794 3819 897 3906 LXV.

340 4049 539 4146 Gregorius
559 4049 725 4124 Ianuario
746 4048 908 4149 episcopo
933 4050 1117 4126 Sardiniae.
1141 4050 1311 4126 Pervenit
1335 4049 1379 4123 ad
1397 4072 1460 4124 nos

244 4165 488 4264 quodquidam
502 4165 544 4240 de
557 4165 688 4241 vestris
701 4165 842 4241 clericis
856 4165 985 4264 spiritu
1002 4165 1167 4241 elationis
1178 4163 1305 4254 inflati,
1319 4173 1354 4238 et
1368 4161 1460 4262 quod

245 4278 315 4354 dici
331 4303 445 4374 grave
463 4287 517 4354 est
534 4279 770 4354 fraternitatis
788 4289 918 4354 vestroe
935 4278 1153 4354 iussionibus
1169 4277 1308 4353 obedire
1327 4287 1462 4375 postpo-

245 4401 344 4481 nant,
363 4401 469 4490 atque
486 4393 524 4466 in
542 4393 693 4467 aliorum
712 4417 749 4468 sc
769 4395 886 4490 magis
903 4393 1081 4492 obsequiis
1097 4419 1141 4468 ac
1163 4393 1343 4468 laboribus
1359 4416 1462 4467 occu·

245 4515 381 4606 pantes,
393 4531 467 4584 sua
480 4507 645 4588 deserant
656 4507 718 4586 ubi
731 4516 817 4587 sunt
828 4507 1019 4589 necessarii
1033 4517 1136 4586 actus
1150 4505 1462 4607 ecclesiamque
