3646 5292
938 431 977 448 -
1002 398 1069 463 244
1093 432 1134 446 -

1008 577 1071 660 ΙΙΙ.

816 751 897 805 Item
917 754 948 806 in
968 751 1070 806 elaad.
1091 765 1162 820 cap.
1184 755 1255 806 1111.

526 893 652 969 Offerri
671 919 741 970 non
759 895 866 972 liceat
887 897 1023 996 aliquid
1044 898 1089 972 ad
1106 897 1229 974 Altare
1248 908 1376 997 praeter
1394 921 1504 972 novas
1521 899 1647 996 spicas,

429 1014 466 1080 et
483 1033 584 1098 uvas,
602 1017 637 1082 et
654 1007 772 1085 oleum
791 1011 834 1084 ad
853 1010 1057 1100 luminaria,
1074 1021 1110 1087 et
1126 1010 1325 1101 thimiama,
1342 1012 1433 1086 idest
1448 1011 1648 1103 incensum,

428 1131 585 1222 tempore
603 1147 672 1220 quo
689 1150 791 1201 sacra
810 1125 1012 1201 celebratur
1028 1125 1166 1201 oblatio.
1180 1126 1330 1224 Reliqua
1343 1150 1444 1224 poma
1457 1126 1587 1216 omnia,
1605 1128 1649 1202 ad

430 1235 574 1311 domum
592 1237 760 1336 primitiae
778 1240 953 1341 episcopis
970 1239 1030 1314 vel
1048 1239 1266 1338 presbyteris
1283 1239 1499 1335 dirigantur,
1516 1264 1583 1315 nec
1601 1241 1649 1315 ol-

428 1348 591 1424 ferantur
607 1351 745 1427 altario.
763 1354 911 1429 Certum
930 1363 985 1429 est
1001 1364 1121 1427 autem
1139 1352 1230 1451 quod
1248 1353 1432 1452 episcopus
1449 1362 1484 1427 et
1501 1353 1650 1452 presby-

426 1463 514 1538 teris
531 1465 695 1543 dividant
712 1467 920 1544 diaconibus
937 1477 973 1544 et
991 1467 1139 1566 reliquis
1155 1465 1307 1543 clericis

997 1669 1079 1754 llll.

549 1843 590 1927 ¹In
609 1873 874 1930 chalcedonense
893 1875 1028 1928 coneilio
1048 1872 1090 1926 de
1109 1873 1200 1924 xxx
1219 1871 1303 1936 patr.
1325 1883 1396 1938 cap.
1416 1875 1518 1926 ΠΗ.

524 2035 676 2113 Clericis
693 2060 763 2113 non
780 2037 866 2112 licet
890 2045 968 2134 post
993 2043 1140 2109 mortem
1166 2032 1320 2134 episcopi
1346 2034 1401 2108 sui
1427 2035 1579 2135 diripere
1604 2059 1646 2110 ea

425 2173 516 2248 quae
533 2151 588 2225 illi
607 2161 806 2252 competere
823 2151 969 2252 possint,
985 2149 1081 2225 sicut
1096 2147 1334 2223 anterioribus
1352 2149 1547 2225 canonibus
1565 2175 1649 2224 eau-

424 2271 503 2338 tum
521 2273 584 2340 est.
603 2263 770 2362 Alioquia
787 2288 846 2340 eos
862 2263 905 2340 de
922 2262 1095 2361 gradibus
1112 2261 1189 2338 suis
1207 2285 1306 2360 posse
1324 2261 1529 2360 periclitari.

946 2467 1029 2551 llll,
1048 2463 1125 2562 (sic)

837 2673 886 2724 Ex
905 2669 1021 2724 eodem
1040 2679 1111 2734 esp.
1131 2667 1230 2720 xxv.

519 2830 691 2908 Redditus
704 2833 875 2910 aecclesiae
888 2832 1043 2908 viduatae
1060 2854 1149 2928 pene
1166 2827 1397 2905 echonomum
1416 2830 1573 2906 eiusdem
1592 2855 1646 2906 ec-

425 2944 544 3020 clesiae
562 2946 697 3044 integri
717 2956 956 3024 reserventur.

1010 3081 1052 3164 ll.

855 3245 904 3298 Ex
922 3243 1038 3298 eodem
1056 3256 1128 3310 cap.
1149 3244 1221 3295 1111.

518 3377 588 3464 Qui
615 3402 698 3454 vere
716 3389 752 3454 et
769 3379 907 3456 sineere
924 3377 1147 3476 singularem
1167 3387 1352 3455 sectantur
1368 3379 1481 3454 vitam
1507 3401 1645 3476 compe-

422 3499 541 3566 tenter
557 3491 789 3569 honorentur.
806 3495 983 3582 Quoniam
1007 3517 1092 3567 vero
1109 3492 1252 3590 quidam
1272 3499 1414 3567 utentes
1430 3491 1554 3567 habitu
1573 3513 1646 3565 mo-

424 3603 543 3694 nachi,
557 3604 799 3681 ecclesiastiea
812 3606 956 3703 negotia
970 3605 1164 3704 civiliaque
1177 3605 1402 3696 conturbant,
1414 3607 1640 3682 circumeun-

424 3727 478 3794 tes
501 3717 744 3794 indifferenter
768 3718 886 3807 urbes,
904 3745 969 3795 nec
994 3741 1063 3793 non
1081 3728 1118 3794 et
1135 3719 1350 3794 monasteria
1368 3719 1436 3794 sibi
1453 3719 1642 3794 instituere

422 3841 614 3924 tentantes,
639 3832 777 3931 placuit
800 3833 942 3907 nullum
968 3832 1112 3932 quidem
1137 3856 1289 3930 usquam
1315 3831 1503 3906 instituere
1524 3853 1644 3905 mona·

423 3945 585 4034 sterium,
611 3945 669 4022 vel
694 3946 839 4022 oratorii
864 3947 1019 4036 domum,
1044 3955 1173 4042 praeter
1202 3943 1457 4020 conscientiam
1483 3942 1642 4020 civitatis

422 4057 592 4157 episcopo.
610 4059 803 4135 Monachos
819 4083 904 4134 vero
922 4083 984 4157 per
1001 4080 1292 4156 unamquamque
1310 4056 1491 4132 civitatem
1510 4066 1574 4131 aut
1590 4081 1643 4132 re-

420 4170 564 4267 gionem
582 4170 760 4248 subiectos
777 4197 854 4248 esse
871 4172 1043 4272 episcopa,
1060 4179 1096 4244 et
1112 4169 1230 4267 quiete
1247 4169 1399 4265 diligere
1424 4180 1460 4244 et
1484 4169 1639 4244 intentos

419 4307 496 4359 esse
515 4286 760 4360 tautummodo
777 4284 912 4360 ieiunio
928 4295 964 4360 et
981 4282 1141 4372 orationi,
1155 4283 1193 4356 in
1210 4282 1298 4357 locis
1315 4282 1352 4356 in
1371 4282 1501 4380 quibus
1514 4306 1642 4356 renun-

420 4396 606 4472 tiaverunt
622 4397 752 4473 seculo
777 4407 1035 4495 permanentes.
1054 4400 1129 4472 Nec
1155 4395 1431 4486 aecclesiasticis
1449 4420 1516 4470 nec
1534 4420 1642 4470 saecu·

423 4508 560 4586 laribus
577 4509 731 4607 negotiis
748 4512 1025 4602 communicent,
1043 4509 1101 4585 vel
1128 4511 1164 4584 in
1182 4509 1303 4608 aliquo
1318 4510 1392 4584 sint
1410 4509 1547 4585 molesti
1565 4533 1642 4608 pro-
