3642 5294
308 889 386 961 Nec
402 885 591 984 quisquam
609 897 730 962 sumat
746 887 813 961 sibi
839 890 1066 986 pontificatus
1091 891 1259 967 honorem
1286 893 1346 968 sed
1372 895 1435 993 qui

210 1009 365 1072 vocatur
381 1025 403 1072 a
422 1002 492 1074 Deo
510 1009 692 1097 tamquam
714 1007 841 1074 Aaron.
859 1002 919 1076 Sic
936 1011 972 1076 et
990 1003 1155 1078 Christus
1178 1029 1248 1079 non
1273 1007 1437 1105 semetip-

211 1137 294 1184 sum
311 1112 527 1188 clarificavit
543 1123 585 1187 ut
602 1115 768 1189 Pontifex
785 1119 884 1190 fieret
901 1117 962 1191 sed
980 1119 1041 1215 qui
1055 1117 1197 1193 locutus
1210 1129 1264 1193 cst
1277 1121 1321 1194 ad
1338 1145 1432 1196 eum.

211 1225 329 1300 Filius
346 1252 447 1302 meus
468 1252 506 1302 es
531 1237 583 1318 tu,
607 1253 675 1325 ego
698 1230 807 1304 hodie
826 1230 937 1326 genui
964 1241 1008 1304 te.
1034 1232 1338 1317 Quemadmodum
1365 1233 1441 1307 alio

212 1339 288 1415 loco
304 1341 403 1416 dicit.
420 1345 475 1415 Tu
492 1366 531 1417 es
548 1344 711 1418 sacerdos
728 1345 764 1416 iu
784 1353 968 1418 aeteruum.
986 1346 1033 1416 Et
1052 1353 1180 1418 cetera.

764 1572 885 1657 XLVI.

307 1799 344 1872 Si
363 1799 444 1897 quis
462 1800 657 1898 Episcopus
675 1824 744 1875 non
762 1801 921 1898 suscepit
937 1801 1094 1875 officium
1112 1812 1149 1875 et
1171 1828 1294 1876 curam
1313 1806 1432 1902 populi

210 1911 278 1984 sibi
296 1913 522 1986 commissam
541 1913 601 1988 hic
617 1913 867 1989 communione
885 1914 1058 2012 privetur,
1075 1939 1143 2012 quo
1160 1917 1203 1990 ad
1223 1942 1334 2014 usque
1353 1943 1434 1992 cou-

209 2025 342 2098 sentiat
359 2025 558 2100 obedientia
575 2027 811 2102 commodans.

752 2256 892 2341 XLVII.

303 2474 470 2548 Clemens
494 2474 618 2550 Iacobo
643 2475 793 2548 Domino
817 2487 853 2550 et
878 2477 1047 2574 episcopo.
1066 2479 1164 2553 Inter
1189 2487 1327 2553 catera.
1353 2479 1432 2554 Cle·

207 2605 362 2663 mentem
380 2588 478 2664 huuc
495 2589 548 2663 ait
566 2591 694 2662 Petrus
708 2589 922 2687 Episcopum
937 2591 1036 2664 vobis
1049 2592 1170 2665 ordino
1183 2592 1241 2666 cui
1261 2592 1326 2666 soli
1345 2617 1431 2689 prae-

206 2701 394 2776 dicationis
411 2713 448 2776 et
464 2701 633 2776 doctrinae
650 2702 856 2776 cathedram
875 2705 984 2777 trado.
1003 2707 1151 2801 Propter
1168 2706 1260 2803 quod
1274 2706 1342 2802 ipsi
1361 2717 1432 2781 tra·

205 2815 248 2888 do
264 2841 286 2887 a
304 2814 453 2890 Domino
472 2814 560 2886 mihi
578 2815 746 2888 traditam
765 2826 974 2911 potestatem
992 2817 1131 2913 ligandi
1150 2829 1186 2892 et
1203 2818 1375 2908 solvendi,
1390 2829 1431 2894 ut

205 2929 248 3004 de
265 2930 430 3004 omnibus
447 2929 732 3026 quibuscumque
750 2928 950 3004 decreverit
967 2930 1005 3003 in
1031 2931 1148 3020 terris,
1173 2931 1357 3006 decretum
1383 2932 1431 3006 sit

204 3052 240 3117 et
256 3042 295 3115 in
313 3042 408 3118 eaelo.
426 3041 569 3138 Ligabit
585 3042 678 3140 quod
695 3052 830 3138 oportet
848 3041 969 3138 ligari,
987 3052 1022 3118 et
1040 3043 1155 3119 solvet
1172 3045 1263 3141 quod
1288 3046 1430 3142 expedit

203 3155 306 3243 solvi,
319 3165 501 3253 tamquam
518 3154 580 3252 qui
593 3155 638 3228 ad
651 3155 1008 3253 liquidumeoclesiae
1027 3157 1191 3252 regulam
1209 3159 1430 3254 cognoverit.

202 3271 323 3365 Ipsum
342 3293 429 3364 ergo
441 3269 563 3342 audite
578 3268 732 3342 scientes
746 3269 830 3364 quia
843 3270 1061 3368 quicumque
1084 3270 1351 3346 contristaverit
1373 3273 1430 3346 do·

203 3393 338 3457 ctorem
356 3383 521 3456 veritatis
539 3392 662 3478 peccat
680 3381 717 3453 in
736 3380 933 3470 Christum,
950 3393 986 3457 et
1007 3392 1144 3481 patrem
1166 3384 1325 3457 omnium
1347 3409 1428 3459 exe-

202 3497 320 3571 cravit
339 3500 452 3570 Deum
471 3505 611 3593 propter
628 3495 721 3592 quod
738 3505 773 3569 et
798 3494 874 3568 vita
899 3495 1044 3569 carebit.
1070 3499 1191 3592 Ipsum
1217 3506 1339 3569 autem
1364 3496 1427 3594 qui

202 3620 330 3707 praest
346 3609 484 3685 oaeteris
500 3617 636 3707 oportet
653 3607 780 3682 medici
802 3608 918 3682 vicem
935 3631 1044 3704 agere
1062 3618 1098 3682 et
1115 3631 1187 3682 nou
1211 3607 1286 3684 fere
1312 3609 1425 3684 bestie

201 3725 320 3798 furore
337 3723 560 3799 commoveri.
579 3726 625 3796 ut
642 3721 746 3795 infra.
764 3725 840 3796 Nec
857 3745 924 3816 ego
941 3744 1003 3818 pro
1021 3719 1138 3794 salute
1152 3720 1314 3794 omniurn
1327 3720 1426 3796 obse·

201 3837 334 3911 crando
349 3837 501 3911 cessabo.
517 3839 608 3910 Item
623 3835 664 3907 in
681 3835 814 3910 eadem.
832 3835 1021 3932 Episcopos
1040 3857 1101 3929 per
1119 3833 1285 3928 singulas
1298 3833 1427 3908 civita·

201 3961 256 4024 tes
271 3949 402 4047 quibus
418 3949 544 4024 beatus
561 3951 690 4023 Petrus
708 3971 777 4021 nou
797 3948 904 4037 misit,
922 3949 1026 4022 iuxta
1052 3946 1194 4020 Domini
1221 3946 1426 4044 praeceptio-

202 4089 282 4138 nem
302 4061 401 4137 nobis
419 4063 560 4138 mittere
578 4063 755 4159 praecepit.
773 4062 872 4148 Quod
889 4061 998 4136 etiam
1019 4061 1136 4135 facere
1161 4059 1425 4146 inchoavimus,

201 4185 236 4250 et
249 4177 401 4251 Domino
417 4198 517 4272 opem
535 4175 672 4250 serente
689 4174 821 4249 tacturi
838 4199 974 4247 sumus.
989 4178 1061 4248 Vos
1075 4183 1195 4248 autem
1210 4197 1272 4270 per
1285 4185 1426 4246 vestras

201 4287 356 4362 dioceses
373 4289 563 4385 Episcopus
580 4301 718 4362 sacrate
737 4297 773 4362 et
791 4286 933 4376 mittite,
950 4285 1035 4383 quia
1052 4309 1115 4361 nos
1132 4288 1177 4362 ad
1193 4287 1284 4361 alias
1307 4297 1425 4383 partes

202 4401 293 4498 quod
319 4401 411 4475 idem
430 4401 536 4474 iussit
552 4423 662 4496 agere
687 4399 907 4475 curavimus.
932 4400 1081 4498 Aliquos
1107 4424 1191 4475 vero
1215 4401 1260 4475 ad
1286 4399 1426 4475 Gallias

202 4514 476 4612 Hyspaniasque
492 4514 681 4600 mittimus,
695 4523 730 4588 et
743 4513 912 4610 quosdam
926 4515 970 4586 ad
984 4514 1227 4603 Germaniam,
1237 4521 1273 4588 et
1283 4513 1425 4587 Italiam
