3582 5288
880 424 922 440 -
948 392 1012 456 150
1035 423 1077 440 ..

366 515 528 614 plenaria
550 535 635 615 repe
655 513 774 610 priora
793 535 817 586 a
835 509 1088 610 posterioribus
1103 509 1351 600 emendantur,
1366 535 1452 586 cum
1468 512 1591 612 aliquo

366 627 609 726 experimento
625 649 746 700 rerum
764 623 925 724 aperitur
941 624 1034 722 qnod
1058 625 1224 699 clausum
1240 635 1328 712 erat,
1350 636 1388 699 et
1403 628 1590 722 cognosci·

365 751 427 815 tur
442 739 535 838 quod
551 737 695 826 latebat,
712 737 789 812 sine
806 736 879 811 ullo
895 747 983 835 typo
1000 737 1187 834 sacrilege,
1206 738 1393 835 snperbiae,
1413 740 1492 814 sine
1508 740 1586 814 nlla

366 855 492 930 inflata
506 853 649 930 cervice
673 852 901 948 arrogantiae,
918 851 995 926 sine
1020 851 1095 924 ulla
1111 856 1337 927 contentione
1362 852 1515 928 liridine
1532 853 1589 927 in·

368 968 486 1058 vidiae,
502 992 586 1042 curn
603 975 730 1042 sancta
746 965 963 1054 hnmilitate,
979 989 1064 1040 cnm
1076 989 1163 1062 pace
1176 964 1364 1054 catholica,
1376 989 1460 1040 cum
1472 965 1589 1041 ehari-

366 1093 442 1158 tate
462 1080 670 1158 christiana.
690 1082 911 1177 Quapropter
928 1087 1076 1153 sanctus
1093 1079 1301 1177 Cyprianus
1320 1079 1383 1177 qni
1398 1079 1589 1156 documen-

367 1207 447 1272 tum
457 1192 554 1270 Petri
564 1191 773 1282 sicamavit,
781 1203 822 1266 ut
830 1191 966 1266 diceret
977 1216 1060 1265 eum
1072 1191 1327 1266 documentum
1336 1191 1437 1266 nobis
1449 1217 1495 1266 ex
1505 1217 1588 1268 con·

366 1307 495 1385 cordiae
512 1315 549 1383 et
565 1305 747 1404 patientia
767 1305 947 1394 tribuisse,
963 1313 1005 1379 nt
1021 1327 1091 1379 non
1109 1304 1339 1402 pertinaciter
1355 1315 1477 1379 nostra
1492 1331 1589 1381 arne·

365 1448 459 1511 mus,
475 1421 537 1496 sed
553 1445 633 1522 qnae
649 1419 840 1518 aliquando
855 1443 877 1491 a
893 1419 1066 1494 fratribus
1082 1429 1119 1493 et
1131 1418 1282 1514 collegis
1298 1418 1431 1493 nostris
1447 1420 1587 1496 utiliter

368 1545 406 1612 et
423 1534 616 1610 salubriter
632 1541 894 1629 suggeruntur,
907 1533 937 1605 si
954 1533 1028 1607 sint
1044 1558 1132 1608 vera
1145 1541 1181 1608 et
1197 1531 1363 1628 legitima
1376 1533 1453 1630 ipsa
1464 1544 1587 1608 nostra

368 1647 486 1746 potius
502 1645 676 1734 dieamus,
693 1645 781 1719 satis
796 1646 951 1720 ostendit
967 1645 1138 1722 facillime
1154 1671 1193 1720 se
1209 1655 1454 1721 oorreetnmm
1472 1647 1584 1724 fuisse

368 1759 584 1836 sententiam
602 1784 705 1832 suam
723 1758 754 1832 si
779 1759 859 1857 quis
876 1759 909 1834 ei
934 1760 1192 1835 demonstraret
1215 1759 1433 1856 baptismum
1450 1761 1587 1836 Christi

369 1873 422 1950 sic
438 1875 523 1949 dare
541 1897 641 1972 posse
657 1873 703 1946 ab
719 1873 771 1949 eis
788 1872 850 1970 qui
867 1873 972 1962 foras,
985 1871 1281 1970 quemadmodum
1294 1873 1431 1947 amittit
1443 1897 1513 1948 non
1530 1898 1588 1971 po

366 1987 438 2062 tuit
462 2011 544 2063 curn
563 1985 658 2062 foras
681 1985 830 2062 exirent.
847 1989 894 2060 Et
918 1986 1022 2061 infra.
1040 1985 1258 2083 Plerumque
1284 1985 1361 2060 ideo
1384 1987 1587 2062 doctoribus

366 2101 487 2176 minus
511 2099 655 2198 aliquod
679 2099 862 2174 revelatur
878 2109 920 2173 ut
936 2121 1057 2174 eorum
1076 2097 1215 2196 patiens
1236 2107 1274 2173 et
1289 2098 1437 2173 humilis
1453 2099 1588 2175 caritas

365 2214 405 2289 in
422 2239 493 2314 qua
510 2215 652 2290 imatus
669 2213 782 2288 maior
799 2223 854 2287 est
870 2212 1129 2310 comprobetur,
1144 2211 1204 2287 rel
1221 2212 1393 2310 quomodo
1407 2213 1588 2311 accipiant

368 2329 558 2418 unitatem,
570 2353 653 2404 cum
668 2326 706 2402 in
721 2326 827 2401 rebus
838 2327 1082 2402 obsanioribus
1094 2324 1236 2400 diversa
1250 2327 1423 2415 sentiunt,
1435 2327 1587 2425 velquo-

366 2441 467 2518 modo
486 2439 668 2538 accipiant
684 2439 886 2528 veritatem,
903 2465 986 2516 cum
1004 2451 1128 2515 contra
1143 2439 1180 2513 id
1196 2439 1289 2537 quod
1310 2439 1513 2514 sentiebant
1529 2439 1587 2515 de·

364 2555 539 2632 claratam
556 2578 633 2630 esse
651 2563 883 2650 cognoscunt.
900 2555 1060 2641 Quorum
1077 2553 1230 2627 duorum
1247 2553 1517 2628 manifestatum
1535 2563 1587 2629 te-

364 2695 492 2746 nemus
508 2693 622 2743 unum
639 2667 678 2741 in
696 2667 797 2744 beato
815 2667 1008 2766 Cypriane,
1030 2667 1123 2741 idest
1139 2667 1310 2764 quomodo
1326 2667 1482 2742 tenuerit
1508 2667 1587 2741 uni·

362 2793 473 2858 tatem
491 2807 574 2858 cnm
592 2781 645 2857 eis
661 2805 683 2854 a
700 2781 830 2879 quibus
847 2781 1030 2858 diversum
1049 2781 1235 2856 sentiebat.
1253 2781 1316 2854 Ait
1340 2781 1445 2856 enim.
1464 2783 1586 2856 Nemi-

363 2921 445 2972 nem
464 2895 675 2984 iudicantes,
692 2905 757 2969 aut
772 2919 794 2968 a
812 2894 891 2970 iure
908 2894 1169 2971 communionis
1185 2894 1342 2993 aliquem
1356 2895 1387 2968 si
1399 2896 1584 2971 diversum

366 3010 517 3087 senserit
525 3017 741 3084 amoventes,
753 3007 918 3083 Alterum
932 3017 1052 3083 autem
1066 3007 1158 3082 idest
1171 3009 1341 3106 quomodo
1353 3009 1515 3106 accipere
1529 3033 1585 3108 po

366 3123 478 3199 tuerit
493 3122 682 3199 veritatem
700 3131 825 3197 contra
842 3121 877 3196 id
894 3122 988 3219 quod
1004 3122 1180 3198 sentiebat
1197 3122 1394 3198 inventam.

869 3323 1071 3409 CCXllllll.

565 3527 657 3581 Idem
678 3526 876 3592 Augustinus
898 3529 931 3580 tn
951 3528 1093 3595 epistola
1111 3527 1156 3581 ad
1174 3529 1387 3583 vincentium.

461 3694 552 3766 Νοιι
566 3715 704 3764 rnsrnu
719 3698 845 3766 eontra
857 3689 993 3780 divina,
1005 3699 1079 3764 tam
1098 3690 1223 3780 multa,
1236 3699 1309 3765 tam
1323 3691 1432 3782 clara,
1445 3702 1520 3768 tam
1533 3694 1587 3766 in-

361 3803 523 3879 dubitata
539 3803 744 3880 testimonia
757 3803 928 3900 colligere
946 3803 1040 3880 velle
1056 3805 1257 3881 calumnias
1270 3831 1315 3881 ex
1329 3807 1583 3906 Episcoporum

361 3917 504 4015 scriptis
521 3917 598 3994 sive
615 3927 831 4008 nostrornm,
849 3918 945 3994 siout
963 3917 1105 4009 Hilarii,
1123 3920 1200 3993 sive
1217 3920 1403 4018 antiquam
1422 3946 1505 4020 pars
1518 3923 1585 3996 Do-

361 4029 437 4104 nati
456 4039 680 4130 separaretur
697 4041 918 4108 sacramento
937 4031 1051 4129 ipsius
1068 4031 1229 4123 unitatis,
1247 4033 1342 4109 siout
1358 4033 1533 4133 Cypriani
1547 4043 1584 4109 et

363 4143 567 4242 Agrippini.
581 4144 712 4234 Primo,
726 4146 810 4244 quia
826 4145 894 4222 hoo
906 4170 1025 4242 genus
1039 4144 1225 4221 literarum
1239 4146 1283 4220 ab
1300 4147 1514 4223 auctoritate
1527 4173 1585 4223 ca-

360 4256 464 4331 nonis
481 4255 777 4353 distinguendum
790 4267 854 4332 est.
871 4263 951 4333 Non
968 4258 1066 4333 enim
1080 4259 1133 4334 sic
1151 4259 1324 4354 leguntur
1336 4269 1520 4358 tamqnam
1537 4286 1582 4336 ex

359 4368 412 4444 eis
438 4368 683 4444 testimonium
708 4370 907 4467 proseratur
924 4380 966 4445 ut
989 4381 1114 4446 contra
1131 4373 1265 4448 sentire
1287 4396 1358 4448 non
1384 4373 1503 4463 liceat,
1529 4375 1581 4450 sic

359 4481 421 4562 ubi
435 4481 525 4562 forto
537 4483 643 4560 aliter
655 4494 853 4584 sapuerunt
865 4508 973 4583 quam
988 4485 1110 4561 unitas
1123 4486 1333 4586 postulabat.
1344 4491 1384 4564 In
1399 4511 1440 4564 eo
1452 4487 1582 4589 quippe
