3582 5288
888 465 942 488 ..-
968 435 1009 498 80
1036 467 1075 478 ..-

952 661 1021 742 xo,

464 905 552 975 Item
571 925 615 976 ex
630 900 783 975 decretis
800 897 1009 974 innocentii.
1027 900 1079 972 De
1097 897 1215 972 causis
1232 898 1275 971 de
1293 895 1424 994 quibus
1440 895 1594 968 auetori-

369 1027 424 1089 tas
443 1014 588 1088 minime
605 1013 643 1087 in
661 1011 762 1087 libris
779 1011 913 1087 veteris
930 1013 1133 1089 testamenti
1148 1023 1184 1087 et
1197 1015 1297 1087 llllor
1312 1009 1594 1106 Evangeliorum

373 1153 457 1205 cum
475 1128 618 1225 seriptis
636 1127 726 1202 totis
747 1126 994 1224 Apostolorum
1019 1139 1177 1225 apparet,
1201 1126 1246 1201 ad
1270 1126 1393 1200 divina
1420 1121 1595 1199 recurrito

371 1242 514 1339 scriptu.
533 1241 572 1314 Si
590 1265 657 1315 nec
673 1239 786 1314 nullis
802 1239 846 1313 ad
861 1239 1056 1318 Catholicae
1068 1240 1239 1316 Ecclesiae
1251 1239 1434 1338 hystorias
1449 1234 1598 1314 catholi-

372 1380 433 1430 cas
449 1380 471 1427 a
488 1354 689 1430 doctoribus
706 1352 893 1429 catholicis
910 1353 1062 1452 scriptas
1080 1380 1225 1428 manum
1245 1353 1356 1428 mitte.
1374 1355 1412 1426 Si
1431 1376 1497 1427 nec
1513 1351 1597 1426 ullis

371 1469 581 1567 Apostolioae
605 1469 705 1545 Sedis
723 1493 876 1544 canones
893 1470 1044 1544 intuere.
1062 1470 1100 1542 Si
1117 1495 1184 1545 nec
1201 1469 1241 1542 in
1257 1469 1314 1544 his
1332 1472 1545 1543 Sanctorum
1564 1491 1597 1540 e-

373 1581 513 1679 xempla
530 1582 782 1679 perspicaciter
800 1583 993 1658 recordare.
1009 1583 1110 1669 Quod
1127 1583 1158 1656 si
1176 1583 1214 1655 in
1231 1582 1289 1657 his
1301 1581 1466 1656 omnibus
1480 1581 1598 1677 inspe-

370 1695 439 1770 ctis
461 1694 571 1768 huius
588 1695 782 1792 questionis
800 1695 955 1792 qualitas
973 1719 1042 1770 non
1060 1695 1179 1771 lucide
1201 1695 1458 1791 investigatur,
1484 1693 1600 1768 senio·

372 1833 428 1882 res
437 1807 630 1905 provinciae
644 1817 878 1903 congregata,
891 1819 928 1882 et
942 1809 1037 1883 iusta
1051 1809 1141 1884 illud
1151 1809 1334 1905 interroga
1344 1819 1481 1906 patrem
1490 1817 1594 1880 tuum

372 1931 409 1996 et
428 1920 658 2004 annuntiabit
682 1919 759 2008 tibi,
785 1921 1012 2020 presbyteros
1038 1933 1117 1997 tuos
1143 1933 1178 1998 et
1204 1921 1325 1998 dicent
1350 1922 1427 2011 tibi,
1454 1915 1598 1995 facilius

369 2059 527 2132 ,namque
544 2033 742 2121 invenitur,
761 2035 892 2132 quoda
910 2035 1075 2133 pluribus
1093 2062 1206 2110 unum
1225 2036 1460 2112 sentientibus
1473 2033 1600 2133 quaeri-

375 2158 435 2221 tur
449 2157 490 2220 ιιι
504 2147 677 2221 Dominus
694 2147 755 2220 ait.
770 2147 808 2220 Si
822 2148 891 2222 duo
904 2173 949 2223 ex
960 2150 1060 2224 vobis
1074 2151 1319 2227 consenserint
1332 2173 1438 2248 super
1454 2158 1599 2222 terram.

377 2262 424 2333 Et
441 2267 571 2334 cetera.
598 2263 644 2333 Et
669 2259 811 2334 iterum.
829 2259 897 2334 Ubi
922 2263 956 2334 ll
983 2263 1040 2340 vel
1067 2268 1118 2338 ΙΙΙ
1144 2265 1356 2360 congregati
1383 2263 1527 2337 fuerint.
1553 2265 1599 2334 Et

373 2383 503 2448 cetera.

941 2511 1028 2595 XOI.

472 2711 606 2782 Domno
631 2707 723 2782 beat'
697 2707 835 2782 tissime
860 2720 896 2783 et
924 2710 1229 2787 honorandissimo
1259 2712 1361 2786 fratri
1392 2709 1602 2785 Innocentio

370 2825 481 2919 Papae
494 2821 675 2908 Aurelius
688 2820 892 2910 Numidius
907 2823 1501 2921 Rusttrcian11s‚ctceter1Episcopi
1511 2821 1600 2896 Con

375 2934 449 3009 cilii
474 2933 801 3030 cartaginiensiss
790 2943 844 3008 mt
845 2959 884 3009 er
901 2946 1029 3012 cetera.
1048 2939 1148 3013 Dixit
1133 2948 1298 3013 ttsancoe
1253 2937 1426 3011 toeirater
1443 2933 1601 3010 caritati·

375 3047 497 3122 vaeint
483 3047 681 3122 timendum
696 3047 917 3136 diximusut
903 3057 984 3123 ιιιι
987 3062 1027 3125 ιιι
1029 3051 1165 3126 tisnost
1168 3073 1216 3126 ιι
1150 3049 1450 3126 tmediocritat
1396 3048 1528 3123 ttisct
1529 3045 1599 3118 iam

376 3161 587 3259 Apostolicae
601 3160 701 3236 Sedis
713 3161 878 3236 adhibeat
863 3173 924 3236 tur
936 3165 1131 3240 auctoritas
1133 3175 1247 3263 prot
1232 3164 1364 3239 tuenda
1380 3163 1498 3237 salute
1512 3159 1602 3235 mul·

375 3284 493 3350 torum
503 3284 539 3350 et
552 3274 785 3372 quorumdam
798 3276 1034 3372 perversitate
1048 3277 1157 3353 etiarn
1172 3277 1397 3374 corrigenda.
1410 3279 1458 3350 nt
1470 3283 1599 3349 cetera.

885 3560 890 3568 ,
950 3496 1056 3581 non.

474 3719 687 3796 Oelestinus.
705 3725 781 3796 Nec
798 3721 959 3796 emeritis
976 3721 1015 3795 iu
1028 3722 1105 3797 suis
1117 3722 1281 3798 ecclesiis
1294 3721 1475 3820 peregrini
1493 3731 1530 3795 et
1546 3745 1603 3796 ex-

378 3835 493 3909 tranei
510 3845 546 3910 et
570 3836 632 3934 qui
657 3845 741 3911 ante
766 3836 924 3931 ignorati
949 3835 1104 3910 suntad
1129 3835 1370 3912 exclusionem
1397 3858 1519 3910 eorum
1541 3833 1601 3931 qui

378 3948 467 4024 bene
485 3971 630 4023 suorum
649 3948 787 4024 civium
805 3958 989 4024 merentur
1006 3948 1251 4025 testimonium
1270 3958 1532 4048 praeponantur.

932 4179 1055 4264 nont.

475 4404 509 4475 N
512 4400 608 4475 ullus
620 4401 746 4476 invitis
758 4403 862 4480 detur
875 4403 1081 4502 Episcopus.
1095 4405 1191 4480 Cleri
1203 4404 1316 4503 plebis
1329 4415 1366 4480 et
1377 4405 1602 4480 ordinis-con-

380 4539 507 4590 sensus
524 4525 560 4589 et
576 4515 790 4590 desiderium
809 4515 1022 4615 requiratur.
1040 4519 1141 4592 Tunc
1159 4517 1251 4592 alter
1264 4518 1306 4592 de
1318 4517 1431 4592 altera
1445 4518 1604 4613 eligatur
