3618 5316
900 464 941 482 -
965 430 1030 498 270
1056 463 1096 478 -

382 576 485 652 scopo
502 554 592 627 iuris
609 553 784 628 districtio
801 563 977 643 servetur,
995 551 1080 651 quid
1097 551 1195 625 aliud
1208 551 1343 647 agitur,
1356 549 1426 624 nisi
1440 573 1502 649 per
1519 573 1607 648 quos

382 667 649 744 ecclesiasticus
659 668 831 744 custodiri
841 668 917 745 illio
926 669 1009 742 ordo
1022 666 1144 741 debuit
1153 665 1403 741 confundatur.
1412 669 1502 740 Item
1517 690 1607 739 nun·

382 779 514 855 tiatum
536 790 591 857 est
606 781 718 872 nobie,
739 782 823 880 quia
841 783 1010 881 quosdam
1033 781 1181 856 clericos
1197 781 1296 881 quia
1318 779 1607 856 reverentissimo

381 895 492 970 fratre
517 904 636 970 nostro
656 895 812 972 Iohanne
833 897 994 994 episcopo
1018 897 1185 994 exigente
1211 897 1318 995 culpa
1336 895 1605 996 inpaenitentia

382 1009 562 1087 commissi
574 1020 660 1086 sunt
672 1010 853 1087 nesciente
866 1035 915 1100 eo,
925 1021 988 1085 tua
1001 1009 1081 1085 illos
1094 1010 1221 1087 exinde
1230 1011 1441 1086 auctoritate
1451 1009 1606 1085 eieceris.

372 1125 483 1214 vQuod
500 1125 530 1199 si
548 1150 675 1200 verum
693 1137 748 1201 est
766 1151 840 1200 rem
857 1135 893 1200 te
910 1124 1053 1199 omnino
1070 1123 1295 1200 inhonestam
1317 1133 1353 1200 et
1377 1147 1448 1198 non
1465 1123 1606 1214 leviter,

383 1239 633 1338 increpandam
652 1239 777 1316 fecisse
795 1262 999 1336 cognoscas.
1018 1240 1164 1314 Eosdem
1183 1263 1271 1336 ergo
1283 1239 1435 1314 elericos
1448 1238 1607 1338 episeopo

384 1377 448 1428 suo
460 1354 538 1427 sine
553 1377 645 1427 mora
664 1354 824 1442 restitue,
837 1364 873 1429 ct
885 1353 952 1429 hoo
971 1353 1111 1430 decreto
1124 1379 1211 1428 cave
1225 1355 1457 1429 committere.
1471 1353 1562 1439 Quia
1574 1353 1606 1426 si

383 1467 598 1566 neglexeris,
611 1477 749 1543 nostros
761 1476 796 1542 to
810 1468 953 1544 noveris
962 1493 1032 1545 non
1046 1469 1272 1546 mediocriter
1282 1477 1399 1542 motus
1412 1466 1606 1542 incurrere.

936 1635 1057 1720 hXXI.

479 1808 676 1906 Gregorius
694 1807 870 1883 Bonifatio
885 1807 1061 1884 defensori
1080 1810 1243 1886 Corsieae.
1257 1813 1433 1884 Praeterca
1447 1807 1606 1907 pervenit

383 1922 429 1996 ad
445 1945 508 1995 nos
525 1921 617 2020 quod
634 1921 778 2019 quidam
796 1921 1008 1997 clericorum
1027 1932 1062 1998 te
1080 1923 1155 1998 illic
1173 1925 1285 2024 posito
1306 1948 1327 1996 a
1345 1922 1448 1998 laicis
1465 1933 1608 1997 tenean-

383 2045 453 2110 tur.
478 2035 577 2122 Quod
602 2034 632 2107 si
651 2034 701 2107 ita
719 2043 784 2121 cst,
809 2043 882 2112 tuae
903 2033 970 2110 hoc
988 2036 1102 2137 culpae
1119 2038 1329 2135 imputatur,
1345 2037 1430 2134 quia
1447 2035 1514 2110 hoo
1532 2036 1605 2110 fieri

383 2149 413 2224 si
432 2150 535 2224 homo
552 2174 649 2224 esses
666 2171 736 2222 non
754 2147 891 2224 hahuit.
916 2153 964 2224 Et
981 2149 1058 2226 ideo
1082 2150 1149 2227 hoc
1175 2151 1316 2226 decreto
1341 2149 1419 2226 fieri
1445 2173 1515 2226 non
1533 2175 1607 2249 per·

385 2262 520 2351 mittas,
537 2262 598 2336 sed
616 2261 646 2334 si
671 2262 752 2359 quis
771 2271 895 2336 contra
920 2262 1093 2340 clericum
1119 2289 1264 2340 causam
1289 2262 1457 2338 habuerit
1479 2263 1609 2362 episco-

388 2400 473 2474 pum
492 2375 606 2474 ipsius
623 2375 736 2450 adeat.
755 2376 855 2464 Quod
873 2378 904 2450 si
923 2377 1012 2454 forte
1030 2387 1218 2476 suspectus
1235 2377 1356 2467 fuerit,
1368 2385 1535 2452 executor
1550 2376 1608 2452 vel

387 2489 431 2564 ab
449 2491 534 2591 ipse,
551 2500 615 2565 ant
632 2490 662 2564 si
689 2500 725 2566 et
749 2491 816 2567 hoc
841 2502 940 2567 actor
965 2491 1153 2586 refugerit,
1178 2515 1197 2562 a
1224 2499 1287 2564 tua
1312 2497 1367 2563 ost
1391 2489 1608 2588 experientia

387 2604 622 2704 deputandus,
640 2605 701 2702 qui
719 2614 837 2702 partes
854 2605 922 2679 sibi
941 2617 1066 2679 mutuo
1083 2627 1295 2679 consensum
1308 2602 1446 2677 iudices
1459 2601 1608 2700 compel-

385 2715 438 2790 lat
454 2715 600 2812 eligere,
613 2743 634 2790 a
648 2716 777 2816 quibus
794 2718 888 2817 quod
904 2719 1015 2794 fuerit
1031 2717 1231 2806 definitum,
1248 2715 1306 2791 vel
1320 2725 1394 2805 tua,
1408 2713 1466 2790 vel
1479 2715 1609 2812 episco-

384 2827 419 2926 pi
438 2827 678 2906 sollicitudine
696 2841 838 2906 servata
855 2830 935 2928 lege
952 2831 1064 2906 modis
1080 2829 1245 2906 omnihus
1263 2830 1494 2930 compleatur.

926 2996 1069 3082 LXXII.

480 3169 679 3264 Gregorius
696 3171 852 3244 Romano
870 3169 1063 3245 Defensori.
1082 3169 1254 3245 Pervenit
1271 3169 1316 3244 ad
1341 3192 1405 3244 nos
1421 3172 1515 3269 quod
1532 3171 1609 3269 qui

385 3281 465 3356 dam
483 3281 645 3358 homines
664 3282 835 3358 minorem
853 3283 998 3359 omnino
1015 3281 1265 3358 discretionem
1284 3292 1457 3374 tenentes,
1475 3284 1513 3358 in
1533 3283 1608 3358 suis

384 3417 449 3468 nos
465 3395 635 3495 periculis
652 3397 837 3494 implicare
855 3381 1067 3486 desiderant,
1084 3404 1192 3494 atque
1209 3394 1260 3470 ita
1281 3395 1409 3471 volunt
1421 3395 1466 3470 ab
1486 3395 1609 3470 mocle-

384 3509 540 3584 siasticis
557 3509 718 3608 personis
734 3511 885 3602 defendi,
903 3521 945 3586 ut
961 3512 1035 3610 ipse
1053 3532 1191 3607 quoque
1213 3531 1372 3608 personae
1386 3507 1609 3584 eeclesiasti-

385 3647 437 3696 cae
454 3647 497 3697 ex
517 3647 639 3698 eorum
664 3624 771 3725 culpa
796 3634 996 3700 teneantur.
1021 3623 1158 3698 Iccirco
1182 3622 1349 3721 praesenti
1374 3621 1608 3724 preceptione

385 3734 567 3825 admoneo,
583 3745 618 3812 et
635 3761 697 3837 per
714 3747 750 3812 te
769 3739 918 3813 fratrem
935 3747 972 3812 et
988 3735 1232 3835 coepiscopum
1251 3744 1413 3810 nostrum
1439 3736 1607 3810 domnum

384 3847 588 3940 Iohannem,
605 3858 641 3924 et
657 3859 803 3926 eaeteros
823 3849 885 3948 qui
902 3850 1074 3926 interesse
1091 3860 1250 3951 possunt,
1271 3859 1313 3925 ut
1329 3851 1527 3952 patrocinia
1544 3874 1607 3924 aee-

385 3959 587 4036 clesiastiea
600 3961 677 4040 sive
693 3988 770 4040 mea
782 3964 988 4064 suscipiatis
1001 3963 1145 4063 scripta,
1158 3963 1236 4038 sive
1249 3963 1358 4039 etiam
1373 3964 1523 4039 minime
1536 3964 1608 4038 fue

385 4072 459 4147 rint
476 4073 622 4164 directa,
636 4075 701 4150 sub
715 4085 814 4152 tanto
831 4077 1071 4152 moderamine
1089 4075 1246 4151 debeatis
1261 4077 1477 4177 impendere,
1490 4086 1608 4176 quate·

385 4211 455 4260 nus
480 4188 591 4286 siqui
612 4188 649 4261 in
674 4189 780 4264 furtis
797 4189 952 4289 puhlicis
976 4189 1154 4291 impIIcati
1181 4200 1277 4281 sunt,
1301 4217 1323 4264 a
1346 4189 1447 4264 nohis
1469 4213 1539 4264 nou
1560 4190 1610 4263 ni·

385 4299 538 4375 deantur
553 4301 687 4378 iniuste
705 4303 857 4392 defendi,
874 4329 939 4380 nec
957 4305 1156 4403 opinionem
1176 4304 1269 4380 male
1286 4305 1473 4400 agentium
1491 4329 1536 4378 ex
1561 4303 1611 4376 in·

385 4411 548 4488 disorctoe
564 4413 779 4490 defensionis
795 4427 878 4490 actu
898 4417 937 4490 in
954 4439 1019 4492 nos
1036 4417 1110 4493 ullo
1128 4419 1227 4493 modo
1246 4418 1517 4492 transferamus.
1544 4417 1610 4492 Sed

386 4535 560 4623 quantum
584 4526 686 4602 decet
702 4528 900 4604 ecelesiam
917 4529 1146 4620 admonendo,
1171 4530 1320 4608 verbum
1346 4529 1610 4608 intercessionis
