3618 5316
910 407 1108 472 -308-

401 527 577 626 persequi,
588 552 632 605 ac
645 527 689 604 de
705 526 839 604 talibus
855 526 1029 602 ultionem
1048 549 1125 601 reos
1142 525 1282 600 mereri.
1298 525 1399 614 Quod
1411 525 1442 599 si
1461 526 1634 603 multitu·

401 639 445 714 do
456 640 613 716 violenta
625 641 746 717 civilis
762 640 994 740 apparitionis
1009 649 1046 716 et
1062 641 1272 716 executione
1289 649 1327 714 et
1338 640 1557 716 adminiculo
1567 666 1631 716 or·

401 752 526 828 diuum
543 777 782 854 possessorum
800 755 859 830 vel
876 777 948 828 non
961 753 1115 852 potuerit
1127 754 1345 853 praesentari,
1358 755 1451 852 quod
1462 779 1502 828 se
1514 755 1633 829 armis

401 877 466 942 aut
481 867 639 942 locorum
659 867 869 942 difficultate
885 875 1040 958 tueatur,
1057 867 1214 965 presides
1231 868 1496 964 provinciarum
1513 869 1630 943 etiarn

402 977 552 1054 militari
560 979 694 1056 auxilio
705 1003 768 1078 per
780 976 941 1078 publicas
953 978 1093 1055 litteras
1104 979 1270 1078 appetito,
1278 989 1536 1078 competentem
1548 981 1631 1054 vin-

401 1089 535 1166 dictam
551 1092 615 1168 tali
633 1092 795 1168 excessui
811 1115 883 1166 non
908 1101 1100 1168 morentur.
1124 1095 1216 1166 Data
1240 1096 1330 1168 VIII
1353 1093 1425 1168 lml.
1446 1094 1532 1167 Maii
1551 1097 1632 1167 Me·

402 1203 544 1280 diolani.
561 1207 741 1282 Honorato
756 1215 794 1282 et
810 1205 1025 1281 Euticbiano
1041 1204 1261 1280 consulibus.

965 1407 1061 1492 OXL

815 1613 864 1664 Etx
881 1610 1018 1665 historia
1036 1611 1210 1664 Anmtasit

502 1771 755 1869 Promulgavit
770 1781 893 1847 autem
911 1775 1107 1870 Imperator
1124 1771 1348 1845 Iustinianus
1365 1771 1515 1846 sormam
1533 1771 1576 1846 de
1594 1795 1630 1846 e·

404 1881 557 1982 piscopis
574 1893 610 1959 et
625 1883 859 1975 oecbonomis,
875 1892 911 1958 et
926 1883 1229 1982 orphanotrophis,
1245 1883 1490 1974 exenodocbis,
1507 1909 1552 1958 ue
1569 1883 1631 1958 he

405 1995 555 2072 reditate
571 1997 800 2096 possiderent,
818 1997 888 2072 nisi
907 1999 1006 2095 prius
1023 2022 1131 2096 quam
1149 1995 1443 2097 promoverentur
1459 1997 1629 2073 babuisse

405 2108 651 2206 probarentur,
663 2110 706 2185 de
720 2110 849 2208 quibus
862 2120 899 2185 et
910 2119 1165 2186 testamentum
1179 2111 1342 2187 emittere
1352 2113 1561 2210 potuissent.
1572 2111 1628 2185 Ab

405 2220 491 2296 bora
507 2247 593 2298 vero
610 2249 680 2322 qua
698 2233 1001 2322 promoverentur,
1018 2223 1197 2299 neminem
1223 2223 1354 2298 babere
1372 2223 1556 2299 licentiam
1575 2223 1627 2296 di-

404 2337 585 2433 sponendi,
601 2338 662 2414 sed
678 2339 797 2414 omnia
814 2333 927 2436 ipsius
944 2337 1186 2415 venerabilem
1205 2337 1349 2411 domum
1367 2336 1569 2412 bereditari.

961 2538 1075 2624 extr

631 2744 681 2796 Ex
697 2743 781 2797 llbro
800 2742 999 2796 novellarum
1015 2741 1126 2806 legum
1145 2753 1217 2806 esp.
1237 2741 1406 2796 ccchII.

477 2902 608 3002 Siquis
621 2902 774 2980 clericus
787 2904 962 3002 cuiusque
974 2902 1121 2998 gradus,
1134 2902 1211 2978 sive
1224 2904 1492 2978 administrator
1504 2903 1627 2978 cuius-

406 3041 560 3114 cumque
585 3017 654 3093 loci
680 3017 851 3115 religiosi,
876 3017 934 3094 vel
958 3029 1042 3092 ante
1065 3017 1379 3107 consecrationem,
1399 3017 1459 3092 vel
1477 3017 1629 3091 admini-

405 3129 627 3220 strationem,
644 3129 703 3206 rel
720 3132 765 3205 ad
782 3154 907 3206 curam
925 3129 992 3204 sibi
1005 3130 1244 3220 commissam,
1257 3130 1316 3205 vel
1330 3140 1461 3228 postea,
1473 3129 1629 3204 voluerit

302 3323 307 3332 ,
405 3242 541 3341 aliquid
554 3243 596 3319 de
609 3244 760 3343 propriis
773 3245 896 3320 offerre
909 3241 1078 3320 acclesiae
1091 3244 1130 3317 in
1143 3268 1214 3342 qua
1227 3255 1467 3335 consecratur,
1481 3244 1539 3320 vel
1552 3243 1628 3319 loco

359 3385 362 3394 ·
406 3355 512 3430 cuius
524 3356 870 3434 administrationem
885 3357 944 3432 vel
956 3382 1079 3432 curam
1095 3358 1239 3454 recepit,
1252 3380 1322 3431 non
1335 3357 1449 3432 solum
1463 3381 1534 3432 non
1551 3381 1628 3455 pro

405 3466 570 3544 bibemus
595 3467 662 3546 hoc
686 3471 774 3560 fieri,
792 3470 852 3546 sed
869 3469 987 3566 magis
1004 3485 1208 3544 exortamur
1225 3468 1312 3542 talia
1328 3493 1391 3567 pro
1411 3469 1528 3544 salute
1551 3469 1629 3544 ani·

406 3605 474 3655 mm
490 3605 565 3656 suae
583 3581 709 3658 lacere.
726 3586 800 3658 Nos
816 3585 912 3659 enim
934 3583 998 3658 illo
1021 3591 1164 3656 tantum
1189 3581 1265 3656 dari
1288 3581 1527 3680 prohibemus,
1544 3607 1625 3680 quar

406 3692 608 3790 specialiter
625 3693 836 3792 quibusdam
854 3697 1013 3793 personis
1033 3705 1260 3794 prestantur,
1285 3719 1356 3771 nou
1382 3721 1424 3772 ca
1449 3721 1529 3795 quae
1546 3723 1628 3772 sane

406 3802 476 3878 ctis
493 3803 666 3882 aecclcsiis
683 3805 742 3882 vel
760 3805 939 3904 reIIgiosis
956 3807 1043 3885 loeis
1059 3809 1266 3886 offeruntur.

956 4007 1089 4094 CXLII.

739 4211 789 4263 Ex
808 4209 880 4263 eod.
900 4209 1076 4264 rusrunano
1096 4213 1225 4266 constit.
1247 4213 1287 4265 11.

503 4373 701 4470 Imperator
718 4371 942 4447 lastinianus
960 4377 1152 4468 Augustus
1168 4373 1309 4458 Iuliano
1326 4374 1482 4473 praetorii
1508 4377 1632 4475 prsafc-

407 4494 475 4576 cto.
493 4486 542 4560 Ut
558 4484 607 4576 sit
623 4484 718 4560 iuter
734 4485 897 4560 divinum
917 4485 1170 4585 publicumque
1187 4487 1244 4561 ius
1261 4496 1298 4563 et
1314 4488 1456 4587 privata
1477 4512 1632 4572 commo·
