3618 5316
692 467 734 484 -
757 430 823 498 aaa
847 464 888 482 -

689 606 881 692 LXXVIII.

280 780 477 876 Gregorius
502 783 698 856 Fortunato
722 780 884 879 episcopo
908 779 1150 879 Neapolitano.
1171 782 1279 855 Porro
1303 779 1334 856 si
1359 791 1400 855 tu

185 892 278 990 quod
294 917 364 967 non
381 894 568 992 opinamur
585 894 779 970 iussionem
804 905 963 971 nostram
988 895 1282 971 dissimulandam
1299 905 1402 993 puta·

185 1005 294 1096 veris,
311 1008 441 1082 rectori
462 1007 666 1105 patrimonii
684 1008 844 1085 ecclesiae
861 1018 991 1084 nostrae
1007 1009 1069 1108 qui
1086 1009 1162 1086 illic
1179 1019 1234 1086 est
1249 1009 1309 1084 vel
1326 1009 1401 1085 fue-

186 1119 235 1193 rit
251 1119 471 1196 constitutus
487 1120 631 1197 noveris
646 1145 724 1198 esse
741 1122 937 1212 licentiam,
953 1134 996 1198 ut
1016 1123 1109 1220 quod
1125 1134 1249 1222 sponte
1265 1131 1401 1222 postpo

185 1231 254 1324 nis,
270 1232 349 1308 eius
366 1232 485 1310 facere
502 1232 678 1310 iustitiam
697 1234 810 1311 modis
826 1235 992 1312 omnibus
1009 1237 1187 1334 urgearis.

693 1462 904 1549 bXXVllll.

285 1690 483 1786 Gregorius
501 1689 693 1765 Paschasio
709 1689 870 1790 episcopo
886 1691 1129 1791 Neapolitano.
1146 1693 1316 1790 Tempore
1333 1713 1403 1790 quo

185 1801 394 1876 fraternitas
410 1812 531 1878 vestra
548 1805 593 1878 ad
609 1803 832 1902 episcopatus
856 1803 1012 1880 officium
1031 1807 1103 1879 Deo
1119 1813 1263 1880 auctore
1280 1826 1403 1903 prove·

184 1925 243 1991 cta
268 1925 333 2006 est,
357 1918 584 1992 constituisse
609 1941 674 1991 nos
694 1917 830 2004 recolit,
849 1926 890 1991 ut
907 1941 951 1992 ex
975 1917 1138 2014 pecuniis
1155 1916 1327 1992 aecclesiae
1344 1939 1403 1990 ve·

190 2038 284 2120 stra,
301 2031 413 2127 portio
429 2030 552 2106 clerici
571 2031 628 2106 vel
647 2055 843 2128 pauperum
861 2054 968 2128 quam
988 2029 1136 2105 minime
1158 2031 1319 2105 decessor
1343 2054 1403 2104 ve·

186 2151 260 2217 ster
285 2143 494 2240 praebuerat,
511 2143 602 2218 idest
620 2143 747 2220 CCCC
764 2142 891 2217 solidos
917 2167 1076 2218 seorsum
1093 2143 1170 2218 fieri
1187 2143 1403 2234 debuissent,

185 2254 354 2331 volumus
371 2267 412 2331 ut
429 2258 626 2333 secundum
642 2256 925 2332 distributionem
939 2256 1174 2355 presentibus
1191 2256 1335 2354 scriptis
1350 2256 1403 2330 in·

187 2378 331 2460 sertam,
355 2393 474 2445 coram
501 2368 667 2443 Athemio
695 2369 910 2446 subdiacono
938 2381 1057 2446 nostro
1085 2370 1163 2446 sine
1191 2369 1402 2446 difficultate

185 2480 306 2579 aliqua
323 2481 531 2557 fraternitas
556 2490 677 2557 vestra
701 2482 825 2558 debeat
850 2508 1009 2581 erogare.
1027 2489 1073 2560 Et
1097 2485 1203 2558 infra.
1221 2484 1262 2559 Id
1291 2483 1403 2558 modis

187 2595 352 2670 omnibus
368 2597 546 2684 statuatis,
566 2597 737 2694 quatinus
754 2595 820 2671 hoc
844 2598 935 2695 quod
961 2597 1052 2672 alter
1076 2597 1209 2673 iniuste
1234 2596 1401 2682 detinuit,

82 2768 86 2774 .
184 2732 248 2783 tus
265 2709 390 2785 devote
406 2734 448 2785 ac
465 2708 619 2785 celerius
636 2708 869 2806 impendendo
885 2711 931 2786 ad
947 2720 1105 2787 vestram
1124 2709 1266 2812 possitis
1291 2709 1402 2808 appli-

186 2847 269 2899 care
287 2825 495 2901 mercedem.

707 2967 843 3052 LXXX.

280 3167 480 3263 Gregorius
497 3167 716 3242 Maximiano
738 3165 899 3264 episeopo
916 3165 1140 3240 Siraeusano.
1158 3164 1401 3260 Cognovimus

185 3279 227 3354 de
245 3279 441 3356 redditibus
457 3279 630 3357 eecclesiae
646 3279 788 3354 noviter
810 3276 998 3375 acquisitis
1022 3277 1232 3352 canonicam
1257 3276 1403 3374 disposi-

184 3392 315 3467 tionem
334 3402 544 3491 quartarum
566 3392 714 3468 minime
740 3389 939 3490 provenire,
956 3390 1017 3464 sed
1041 3389 1221 3488 episcopos
1242 3389 1400 3466 locorum

186 3504 399 3583 distribuero
411 3507 658 3582 tantummodo
675 3514 840 3603 quartam
857 3503 1088 3601 antiquorum
1106 3502 1322 3593 reddituum,
1333 3526 1401 3578 nec

186 3642 271 3692 vero
288 3619 439 3716 quaesita
456 3619 532 3694 suis
550 3619 674 3694 usibus
688 3619 850 3695 retinere.
861 3615 1097 3704 Quamobrem
1115 3640 1264 3714 pravam
1281 3614 1403 3689 subin-

189 3731 461 3830 troductamque
478 3732 783 3820 consuetudinem,
797 3727 1003 3804 fraternitas
1015 3737 1079 3803 tua
1092 3728 1268 3805 vivaciter
1284 3753 1403 3804 emen-

184 3843 269 3918 dare
285 3843 496 3934 festinebat
512 3845 590 3920 sive
606 3844 649 3919 de
666 3843 857 3942 praeteritis
875 3841 1081 3931 redditibus,
1094 3841 1170 3918 sive
1188 3842 1230 3917 de
1247 3841 1305 3916 bis
1322 3867 1402 3941 quae

185 3955 353 4031 obvenire
374 3955 433 4032 vel
449 3956 721 4032 obvenientibus
738 3965 876 4054 quarte,
897 3955 1094 4030 secundum
1112 3954 1400 4031 distributionem

186 4070 396 4146 canonicam
410 4069 924 4169 dispensentur.1neongruum
942 4091 1096 4164 namque
1112 4077 1167 4143 est
1182 4093 1294 4143 unam
1309 4092 1403 4144 eam·

186 4182 338 4281 demque
363 4183 535 4258 aeclesia
563 4182 800 4258 substantiam
829 4179 987 4278 dupplici
1015 4180 1166 4278 quodam
1196 4181 1297 4256 modo
1324 4181 1403 4257 iure

185 4295 334 4371 censeri.
346 4296 443 4371 Idem
461 4296 499 4369 in
516 4296 637 4371 eodem
657 4295 819 4392 registro.
832 4295 884 4369 De
902 4293 1098 4369 redditibus
1114 4304 1150 4370 et
1166 4294 1403 4371 oblationibus

186 4407 357 4482 ecelesia
370 4417 535 4507 quartam
554 4407 592 4482 in
609 4407 750 4504 integro
764 4406 959 4506 portionem
976 4408 1147 4484 aecclesiae
1163 4418 1236 4484 tuae
1248 4407 1401 4499 clericis,

184 4519 382 4596 secundum
401 4519 582 4610 meritum,
598 4518 657 4596 vel
673 4519 842 4614 officiam,
859 4519 937 4596 sive
954 4519 1109 4600 laborem
1127 4545 1247 4613 suum,
1264 4533 1305 4602 ut
1326 4521 1402 4623 ipse

1185 4637 1220 4693 ts
