3618 5316
707 403 902 470 -ato-

195 541 260 592 nos
276 518 461 595 contineri.
475 518 596 596 Verba
608 529 729 596 autem
744 519 836 618 legis
853 521 923 598 ista
936 526 1272 625 suntPresbyteros
1284 539 1417 622 autem,

195 640 231 706 et
244 631 428 721 Diaconos,
440 641 477 707 et
490 632 650 723 lectores,
661 643 697 708 et
710 644 883 727 cantores,
896 659 984 735 quos
1000 661 1122 714 omnes
1135 638 1283 716 clericos
1296 644 1414 741 appel-

193 745 321 822 lamus,
338 751 384 822 Et
397 746 544 846 reliqua.
557 751 609 824 De
623 772 770 846 persona
786 749 945 824 Ianuarii
962 751 1145 827 sciendum
1164 763 1229 845 est,
1246 756 1412 851 graviter

194 861 337 934 omnino
349 869 386 936 et
397 873 521 936 contra
534 861 634 959 leges
647 873 781 952 actum,
794 874 836 937 ut
848 863 1024 939 violenter
1032 865 1074 942 de
1087 865 1248 942 ecclesia
1261 869 1416 946 trabere·

193 984 264 1054 tur.
282 977 375 1048 Dum
396 975 535 1072 quando
552 975 584 1048 si
600 975 797 1073 quamlibet
821 975 930 1050 aliam
955 976 1125 1052 iniuriam
1150 1003 1171 1050 a
1190 1003 1415 1080 quocumque

193 1086 513 1186 episcopuspassus
526 1087 684 1163 fueritin
699 1087 872 1178 aecclesia,
885 1089 1115 1166 iniuriantem
1127 1091 1185 1167 lex
1195 1093 1338 1192 capitali
1349 1119 1416 1192 pae·

190 1222 237 1270 na
251 1199 439 1296 percutiat,
452 1208 488 1273 et
501 1199 596 1275 sicut
610 1199 809 1276 maiestatis
827 1223 928 1278 reum
941 1204 1106 1279 omnibus
1119 1205 1179 1280 det
1191 1205 1295 1281 illum
1310 1233 1416 1285 accu-

194 1311 295 1385 sandi
313 1311 507 1402 licentiam,
533 1321 575 1386 ut
599 1311 708 1387 buius
729 1313 823 1411 legis
848 1317 958 1390 series
983 1315 1152 1414 loquitur,
1169 1319 1300 1393 codicis
1325 1320 1414 1396 liber

194 1425 286 1502 idem
304 1451 379 1524 cap.
397 1427 449 1500 ΙΙΙ
466 1426 720 1503 constitutione
737 1431 790 1502 XI
806 1431 1040 1526 Imperatores
1058 1430 1261 1506 Archadius
1285 1443 1321 1508 et
1345 1437 1415 1508 Ho

192 1540 316 1614 norius
343 1545 535 1636 Augustus
560 1539 775 1616 Theodosius
800 1541 977 1639 Perpetui.
995 1543 1033 1614 Si
1055 1543 1136 1641 quis
1157 1543 1195 1618 in
1212 1544 1279 1621 boc
1295 1569 1414 1642 genus

192 1653 378 1750 sacrilegii
391 1655 571 1752 irruperit,
585 1655 677 1729 utin
690 1655 888 1731 ecclesiam
903 1654 1115 1730 catholicam
1130 1656 1281 1748 irruens
1299 1683 1414 1735 sacer-

189 1766 330 1840 dotibus
347 1777 383 1842 et
400 1767 587 1856 ministris,
612 1767 671 1841 vel
689 1768 757 1864 ipsi
780 1767 896 1842 cultui
922 1767 1066 1865 locoque
1090 1766 1226 1866 aliquid
1247 1769 1413 1867 importet

189 1878 343 1968 iniuriae,
360 1880 452 1978 quod
468 1881 610 1975 geritur
627 1904 648 1952 a
665 1879 858 1977 provincia
872 1881 1068 1956 rectoribus
1092 1881 1411 1958 animadvertatur.

189 1997 307 2090 Atque
315 1993 366 2068 ita
380 1992 573 2091 provincia
583 1993 790 2082 moderator,
803 1993 1025 2068 sacerdotum
1040 2003 1076 2068 et
1088 1994 1273 2070 catholicae
1291 1997 1412 2071 aeccle·

188 2109 252 2181 siae
271 2107 527 2196 ministrorum,
548 2107 616 2182 loci
633 2130 771 2206 quoque
788 2106 902 2204 ipsius
919 2116 955 2181 et
975 2106 1089 2180 divini
1107 2107 1228 2182 cultus
1241 2107 1411 2184 iniuriam

189 2221 335 2320 capitali
354 2220 393 2293 in
411 2221 593 2295 convictos
611 2221 687 2294 sive
705 2220 882 2294 confessos
900 2220 1078 2295 sententia
1095 2221 1236 2295 noverit
1252 2220 1412 2298 iudican-

188 2335 284 2408 dum.
301 2337 349 2408 Et
367 2344 443 2432 post
461 2359 585 2433 pauca.
608 2333 732 2431 Sitque
757 2333 899 2407 cunctis
923 2333 1112 2422 laudabile,
1136 2333 1251 2409 factas
1274 2345 1411 2412 atroces

189 2447 432 2525 sacerdotibus
449 2447 601 2521 iniurias
617 2447 718 2522 velut
734 2445 918 2544 publicum
936 2447 1072 2522 crimen
1089 2447 1241 2546 insequi,
1256 2456 1293 2526 et
1305 2449 1347 2524 de
1359 2458 1412 2523 ta·

186 2561 283 2637 libus
300 2561 473 2636 ultionem
492 2560 631 2636 mereri.
648 2563 695 2634 Et
712 2569 839 2635 cetera.
858 2561 990 2634 Datum
1008 2563 1060 2634 VI
1077 2559 1159 2634 Kal.
1176 2560 1264 2634 Maii
1281 2561 1411 2636 Medio·

188 2674 261 2748 lani
282 2674 436 2748 Honorio
453 2679 621 2769 Augusto
638 2681 776 2770 quater,
792 2681 829 2747 et
846 2672 1062 2748 Eutichiano
1083 2671 1233 2749 iudicari
1248 2673 1410 2749 Consuli-

190 2789 268 2863 bus.
286 2789 337 2863 De
354 2811 503 2888 persona
520 2787 656 2864 Christi
682 2785 854 2887 Stephani
878 2784 945 2860 boc
969 2785 1224 2859 attendendum
1241 2795 1294 2860 est
1318 2787 1410 2884 quod

188 2925 255 2978 nec
272 2902 410 2977 invitus
426 2903 471 2976 ad
487 2903 661 2978 iudicium
680 2901 787 2988 trabi,
800 2924 866 2975 nee
875 2898 919 2973 ab
936 2898 1119 2996 Episcopis
1140 2897 1249 2974 alieni
1266 2900 1409 2976 concilii

185 3015 308 3090 debuit-
333 3016 495 3093 iudicari.
512 3017 645 3092 Contra
665 3016 732 3091 hoc
749 3015 886 3090 dictum
904 3014 934 3087 si
951 3013 1071 3102 fuerit,
1088 3013 1179 3110 quod
1200 3038 1268 3089 nec
1280 3016 1409 3108 Metro

184 3128 383 3226 politanum
403 3127 529 3203 habuit
549 3153 615 3204 neo
635 3127 875 3227 patriarcham
900 3126 1090 3202 dicendum
1111 3125 1269 3226 estquis
1286 3151 1307 3200 a
1325 3127 1408 3204 sede

186 3241 390 3338 Apostolica
408 3265 487 3339 quae
504 3241 664 3315 omnium
682 3241 927 3316 ecclesiarum
945 3248 1054 3337 caput
1066 3247 1120 3314 est
1132 3239 1209 3314 haec
1226 3263 1334 3315 causa
1347 3265 1408 3314 au·

186 3353 313 3428 dienda
331 3355 449 3428 fuerat
465 3379 508 3428 ac
525 3355 734 3442 dirimenda,
752 3355 847 3428 sicut
872 3363 908 3428 et
932 3353 1125 3451 pradictus
1147 3353 1331 3451 episcopua
1352 3377 1407 3451 pe

185 3467 273 3541 tissa
287 3465 494 3541 dinoscitur.
507 3466 600 3552 Quia
613 3489 699 3562 ergo
712 3466 897 3564 episcopus
913 3465 1021 3540 alieni
1039 3465 1182 3540 concilii
1198 3465 1335 3541 iudices
1346 3464 1409 3538 ha·

185 3580 264 3655 buit
279 3580 422 3655 omnino
440 3589 633 3679 suspectos
650 3579 828 3656 sententia
845 3603 915 3653 non
933 3605 954 3652 a
971 3601 1035 3652 suo
1051 3577 1169 3652 iudice
1185 3577 1280 3652 dicta
1293 3577 1407 3653 nichil

185 3695 367 3769 firmitatis
384 3694 550 3769 obtineat.
564 3695 663 3782 Quod
676 3707 796 3770 autem
810 3693 942 3767 dicitur
955 3717 976 3764 a
990 3691 1103 3766 servis
1115 3690 1192 3790 suis
1203 3701 1407 3784 accusatus,

186 3808 372 3882 sciendum
390 3817 445 3881 est
462 3807 553 3905 quod
570 3807 686 3880 audiri
705 3807 852 3881 minime
874 3805 1070 3880 debuerint.
1096 3805 1135 3878 Si
1161 3827 1245 3880 vero
1269 3805 1407 3882 dictum

186 3921 307 4010 fuerit,
330 3921 422 4019 quod
439 3921 482 3996 de
498 3920 565 3996 hoc
581 3929 773 3996 accusatus
791 3929 855 4010 est,
878 3918 970 4017 quod
985 3919 1030 3992 ad
1048 3917 1246 3994 maiestatis
1269 3919 1406 3994 crimen

183 4034 347 4120 attendit,
364 4059 431 4110 nec
448 4034 565 4132 ipsum
579 4035 622 4110 de
635 4059 675 4109 eo
692 4033 908 4110 credendum
927 4041 992 4121 est,
1010 4029 1068 4105 vel
1085 4031 1167 4121 fuit,
1183 4031 1214 4104 si
1231 4030 1356 4105 vitalis
1372 4053 1407 4105 o·

184 4145 281 4244 pinio
297 4143 375 4220 eius
391 4145 475 4220 talis
492 4157 576 4221 ante
593 4169 664 4219 non
681 4145 809 4220 extitit.
838 4146 938 4234 Quod
962 4155 1082 4220 autem
1109 4144 1196 4220 dicit
1220 4145 1314 4219 idem
1336 4144 1408 4242 epi·

185 4373 360 4450 sinerum
379 4383 444 4462 est,
461 4373 598 4448 nullius
616 4398 693 4449 esse
711 4374 891 4448 momenti.
917 4371 1049 4459 Quales
1072 4381 1191 4447 autem
1218 4379 1327 4445 testes
1347 4369 1407 4444 vel

183 4486 289 4562 cuius
305 4486 482 4586 opinionis
494 4486 539 4560 ad
552 4486 798 4562 testimonium
812 4484 1023 4562 admittendi
1036 4485 1120 4574 rint,
1131 4482 1295 4582 plurima
1306 4481 1407 4579 leges
