3638 5294
770 397 969 460 -517-

257 517 468 614 scriptiones
493 531 633 593 nostras
657 518 840 593 occasione
866 516 1045 592 scismatis
1070 513 1208 592 habeat.
1226 517 1356 593 Omnia
1380 518 1477 592 enim

259 640 300 704 ut
317 631 449 705 inlecta
467 641 503 705 et
519 630 623 704 irrita
640 630 803 717 facimus,
829 637 865 704 et
881 654 1116 728 qnaecumqne
1143 640 1229 704 sunt
1253 641 1377 705 contra
1393 655 1476 704 eurn

258 742 296 814 in
316 743 479 816 manibus
496 742 669 839 principis
685 742 922 839 apostolorum
941 745 1115 842 ponimus,
1131 753 1168 820 at
1181 768 1242 842 per
1259 767 1341 818 eum
1360 745 1398 817 in
1411 744 1477 818 hu·

260 855 367 930 meris
385 857 464 930 Iesu
484 855 619 930 Christi
635 855 733 950 Agni
749 856 811 930 Dei
825 859 886 954 qui
900 857 993 932 tollit
1006 869 1152 955 peccata
1166 857 1301 932 mundi.
1314 861 1414 932 Item.
1427 860 1475 932 nt

259 969 325 1043 hoe
343 968 552 1043 confirmare
570 993 633 1042 nos
650 968 828 1057 volumus,
842 981 883 1044 ut
895 981 974 1068 post
988 981 1136 1046 mortem
1150 970 1266 1046 Photii
1279 971 1403 1046 fratris
1417 995 1476 1046 no·

259 1081 324 1155 stri
342 1081 466 1155 nullus
483 1106 527 1155 ex
543 1081 724 1177 dignitate
742 1083 934 1172 mundana,
946 1083 991 1156 ad
1008 1082 1245 1180 pontificalem
1258 1083 1426 1157 honorem
1440 1109 1475 1155 a·

258 1196 416 1284 scandat,
433 1197 494 1270 sed
511 1221 554 1270 ax
570 1195 774 1292 presbiteris
790 1195 1033 1271 cardinalibus
1050 1196 1208 1272 ciusdem
1222 1195 1402 1284 aecclesirs,
1415 1195 1474 1269 vel

258 1333 305 1384 ox
322 1308 533 1384 diaconibus
549 1318 614 1382 aut
631 1333 674 1382 ex
690 1307 772 1382 aliis
791 1309 1032 1384 sacerdotibus
1049 1309 1111 1407 qni
1128 1309 1195 1383 sub
1212 1307 1363 1384 ecclesia
1384 1309 1474 1384 Con-

258 1421 573 1520 stantinopolitano
586 1422 796 1496 consistunt.
809 1425 898 1496 Item
914 1422 1049 1497 erimus
1062 1445 1125 1496 nos
1140 1443 1294 1520 propaoe
1304 1419 1473 1495 aecclesia

262 1535 406 1610 solliciti
428 1535 595 1610 Photinm
618 1536 764 1610 fratrem
786 1543 950 1610 nostrum
976 1534 1169 1633 recipimus
1185 1533 1281 1609 siout
1298 1543 1338 1608 et
1352 1533 1476 1607 Adria·

259 1674 328 1722 nus
342 1650 437 1746 Papa
451 1648 675 1738 Therasiam,
688 1647 814 1722 nullus
827 1647 1053 1749 computetin
1063 1647 1274 1722 canonicum
1288 1673 1393 1720 usum
1407 1645 1477 1743 pri·

256 1759 392 1857 vilegia
410 1785 604 1857 paucorum
622 1785 850 1836 communem
870 1761 986 1856 legem
1004 1784 1074 1835 non
1088 1760 1236 1835 faciunt.
1251 1760 1289 1833 Si
1302 1759 1382 1857 quis
1395 1781 1480 1834 vero

258 1873 328 1946 tale
346 1873 438 1970 quod
454 1873 576 1948 amodo
595 1873 858 1972 presumpserit
883 1873 1011 1962 facere,
1036 1873 1113 1948 sine
1139 1871 1245 1946 venia
1273 1871 1350 1946 erit.
1375 1874 1477 1946 Item.

257 1985 491 2060 Prohibemus
515 2011 560 2061 na
586 1986 697 2060 frater
713 1995 831 2076 noster
857 1985 1006 2060 Photius
1031 1985 1232 2083 patriarche
1257 1984 1316 2059 vel
1340 1983 1476 2081 aliquid

256 2099 299 2174 de
329 2100 594 2176 successoribus
622 2100 700 2175 eius
728 2095 967 2175 ordinationes
996 2099 1034 2172 in
1064 2098 1238 2194 Bnlgaria
1267 2097 1388 2185 faeiat,
1418 2095 1477 2172 vel

188 2221 190 2226 '
256 2211 404 2311 pallium
429 2212 556 2287 mittat.
574 2216 615 2287 In
636 2213 762 2288 aliaeno
779 2213 1010 2286 fundamento
1027 2212 1151 2286 nullus
1172 2206 1347 2288 aedificare
1364 2210 1477 2286 debet.

258 2326 489 2402 Predecessor
513 2327 607 2401 enim
635 2336 752 2402 noster
777 2327 973 2402 Nicholans
998 2325 1166 2424 petitione
1191 2324 1363 2426 principis
1392 2325 1477 2399 Bul-

257 2437 370 2532 gariee
395 2437 618 2526 Michahelis,
642 2448 788 2534 gentem
815 2437 914 2512 illam
940 2439 1111 2513 doctrinis
1134 2437 1336 2535 apostolicis
1361 2437 1477 2513 erudi·

257 2551 323 2640 vit,
351 2560 387 2625 et
415 2575 477 2650 per
507 2551 691 2647 religiosos
720 2552 900 2650 episcopos
929 2551 1125 2649 baptizavit
1154 2562 1190 2626 et
1218 2550 1478 2626 ecclesiasticos

254 2687 384 2739 canone
422 2673 458 2739 et
472 2663 632 2739 ordinem
649 2675 686 2740 et
704 2689 842 2763 queque
859 2667 904 2740 ad
922 2665 1132 2762 religionem
1146 2665 1381 2740 christianam
1399 2689 1477 2764 per·

255 2779 373 2854 tinent
391 2777 545 2852 tradidit.
561 2781 651 2854 Item
672 2783 709 2853 P.
727 2779 899 2876 presbiter
917 2779 1019 2854 dixit.
1038 2779 1210 2854 Dominus
1227 2779 1325 2855 dicit.
1343 2778 1380 2851 si
1400 2803 1478 2876 pec·

253 2891 392 2966 caverit
407 2891 445 2965 i'n
463 2902 498 2965 te
516 2891 625 2966 frater
643 2902 728 2966 tuus
744 2917 774 2966 o.
791 2916 819 2966 e.
836 2903 859 2964 ῑ.
875 2901 911 2968 te
927 2901 963 2968 et
980 2893 1002 2968 i.
1015 2919 1041 2968 s.
1060 2892 1098 2965 Si
1116 2915 1147 2967 a.
1164 2901 1209 2967 te.
1226 2892 1285 2968 vel
1303 2916 1332 2968 e.
1350 2892 1373 2966 f.
1391 2901 1415 2966 t.
1434 2891 1472 2964 Si

252 3029 337 3080 vero
353 3013 389 3079 te
407 3028 477 3080 non
495 3030 526 3079 a.
542 3029 573 3079 a.
589 3015 613 3080 t.
630 3031 661 3079 a.
678 3031 713 3080 u.
731 3005 788 3080 vel
806 3004 837 3080 d.
855 3004 893 3078 Si
912 3029 996 3081 vero
1012 3028 1083 3080 non
1101 3005 1266 3094 audierit,
1279 3005 1336 3080 dio
1354 3003 1475 3080 aeccla·

254 3119 325 3192 siae.
343 3119 443 3206 Quod
460 3118 490 3192 si
508 3118 707 3194 aeoclasiam
726 3143 794 3192 non
812 3145 843 3192 a.
860 3119 907 3193 sit
924 3133 948 3193 t.
966 3146 992 3193 s.
1011 3144 1039 3194 e.
1057 3129 1093 3192 et
1110 3146 1145 3217 p.
1161 3123 1216 3194 Ita
1233 3129 1269 3195 et
1287 3143 1350 3194 nos
1367 3119 1475 3192 facie·

254 3255 345 3305 mus.
359 3231 520 3306 Primum
533 3232 676 3330 quidem
695 3232 899 3328 rogabimus
913 3243 949 3308 et
961 3233 1263 3308 commonebimus
1277 3256 1334 3307 eos
1348 3233 1410 3330 qui
1424 3232 1476 3306 di-

256 3345 423 3420 scordant
444 3371 465 3418 a
484 3344 594 3434 nohis,
610 3372 692 3422 cunr
713 3357 832 3421 vestra
850 3346 1031 3442 religione.
1050 3349 1095 3420 nt
1112 3346 1142 3420 si
1157 3369 1226 3420 non
1243 3343 1479 3435 obaudierint,

253 3460 512 3556 aggrediemur
528 3483 587 3534 eos
603 3459 737 3533 duriori
751 3459 820 3533 vie.
835 3458 958 3534 Faciet
974 3458 1081 3534 timor
1097 3459 1135 3532 in
1153 3459 1215 3547 eis,
1227 3459 1322 3557 quod
1334 3458 1478 3534 benivo-

253 3573 363 3649 lentia
389 3600 458 3650 non
481 3573 575 3649 iecit.
594 3574 632 3646 Si
651 3598 734 3648 vero
752 3599 817 3648 nec
835 3573 888 3647 sic
906 3573 1060 3648 audierit
1077 3596 1153 3662 noS,
1170 3573 1369 3648 secundum
1392 3597 1478 3671 prae·

254 3696 396 3783 ceptum
408 3685 548 3760 Domini
564 3686 675 3760 nostri
690 3689 794 3783 Papae
807 3685 976 3760 Iohannis
990 3685 1186 3760 vindictam
1202 3687 1375 3762 faciemus
1384 3687 1423 3760 in
1436 3687 1479 3761 il·

136 3879 139 3886 ,
253 3799 412 3874 losltem
424 3797 1477 3900 PndixitFotio.SanctissimiPepaelohannisepistolaprae·

253 3911 351 4008 cipit,
369 3920 409 3985 nt
425 3934 547 3987 ornnes
564 3912 671 3987 divisi
688 3911 843 4010 episcopi
861 3921 1129 4008 congregentur
1151 3923 1187 3986 et
1211 3916 1478 4010 consequantur

158 4012 164 4024 ’
251 4033 335 4099 ante
346 4025 626 4101 misericordiam
637 4035 672 4101 et
685 4025 1087 4126 compassionem,etqni
1104 4027 1203 4123 prius
1215 4025 1367 4100 ordinati
1381 4037 1478 4114 sunt,

253 4138 427 4236 recipiant
443 4139 583 4238 propria
600 4139 693 4225 sede,
712 4140 775 4237 qui
792 4161 875 4214 vero
892 4140 1068 4236 posterius
1086 4138 1240 4214 habeant
1257 4140 1299 4214 de
1316 4139 1478 4216 ecclesiis
1606 4227 1610 4234 ,

251 4274 371 4325 eorum
391 4253 528 4325 victum
542 4261 578 4325 et
596 4252 864 4340 vestimentum,
880 4251 990 4326 donec
1009 4251 1067 4325 vel
1088 4251 1228 4326 easdem
1244 4251 1399 4342 thronos,
1417 4251 1477 4328 vel

252 4363 340 4436 alios
358 4365 564 4438 sortiantur.
583 4368 673 4439 Item
692 4369 729 4438 P.
747 4363 921 4463 presbiter
939 4365 1037 4438 dixit.
1053 4367 1128 4440 Hoc
1145 4365 1316 4442 scribitur
1334 4367 1370 4438 in
1387 4391 1478 4443 corn-

256 4475 449 4552 munitorio
464 4479 568 4578 Papae
582 4485 623 4552 nt
636 4477 672 4554 in
688 4477 863 4578 Bulgaria
878 4477 1026 4579 pallium
1040 4501 1109 4554 non
1123 4477 1287 4570 mittatis,
1300 4503 1415 4580 neque
1427 4503 1480 4556 or-
