<?xml version="1.0" encoding="UTF-8"?>
<!DOCTYPE html PUBLIC "-//W3C//DTD XHTML 1.0 Transitional//EN"
    "http://www.w3.org/TR/xhtml1/DTD/xhtml1-transitional.dtd">
<html xmlns="http://www.w3.org/1999/xhtml" xml:lang="en" lang="en">
 <head>
  <title>
</title>
<meta http-equiv="Content-Type" content="text/html;charset=utf-8" />
  <meta name='ocr-system' content='tesseract 3.04.00' />
  <meta name='ocr-capabilities' content='ocr_page ocr_carea ocr_par ocr_line ocrx_word'/>
</head>
<body>
  <div class='ocr_page' id='page_1' title='image "./deusdeditpresby00martgoog_0301.png"; bbox 0 0 3618 5316; ppageno 0'>
   <div class='ocr_carea' id='block_1_1' title="bbox 928 375 1130 636">
    <p class='ocr_par' dir='ltr' id='par_1_1' title="bbox 928 375 1130 636">
     <span class='ocr_line' id='line_1_1' title="bbox 928 375 1129 444; baseline -0.015 -1"><span class='ocrx_word' id='word_1_1' title='bbox 928 410 971 425; x_wconf 94' lang='lat'><em>-</em></span> <span class='ocrx_word' id='word_1_2' title='bbox 994 375 1059 444; x_wconf 75' lang='lat' dir='ltr'>ms</span> <span class='ocrx_word' id='word_1_3' title='bbox 1088 411 1129 428; x_wconf 90' lang='lat'>-</span> 
     </span>
     <span class='ocr_line' id='line_1_2' title="bbox 942 549 1130 636; baseline 0.005 -2"><span class='ocrx_word' id='word_1_4' title='bbox 942 549 1130 636; x_wconf 79' lang='lat' dir='ltr'>LXXXVI.</span> 
     </span>
    </p>
   </div>
   <div class='ocr_carea' id='block_1_2' title="bbox 357 728 1644 4553">
    <p class='ocr_par' dir='ltr' id='par_1_2' title="bbox 357 728 1644 4553">
     <span class='ocr_line' id='line_1_3' title="bbox 520 728 1643 832; baseline 0.004 -30"><span class='ocrx_word' id='word_1_5' title='bbox 520 728 686 826; x_wconf 79' lang='lat' dir='ltr'>Gregorii</span> <span class='ocrx_word' id='word_1_6' title='bbox 704 730 1013 806; x_wconf 75' lang='lat' dir='ltr'>commonitorium</span> <span class='ocrx_word' id='word_1_7' title='bbox 1029 731 1179 805; x_wconf 84' lang='lat' dir='ltr'>Iohanni</span> <span class='ocrx_word' id='word_1_8' title='bbox 1196 732 1373 808; x_wconf 87' lang='lat' dir='ltr'>defensori</span> <span class='ocrx_word' id='word_1_9' title='bbox 1391 734 1492 809; x_wconf 91' lang='lat' dir='ltr'>eunti</span> <span class='ocrx_word' id='word_1_10' title='bbox 1511 734 1643 832; x_wconf 90' lang='lat' dir='ltr'>Hispa-</span> 
     </span>
     <span class='ocr_line' id='line_1_4' title="bbox 419 839 1644 945; baseline 0.007 -32"><span class='ocrx_word' id='word_1_11' title='bbox 419 839 529 916; x_wconf 87' lang='lat' dir='ltr'>niam.</span> <span class='ocrx_word' id='word_1_12' title='bbox 545 842 727 940; x_wconf 82' lang='lat' dir='ltr'>Imprimis</span> <span class='ocrx_word' id='word_1_13' title='bbox 744 843 996 941; x_wconf 87' lang='lat' dir='ltr'>requirendum</span> <span class='ocrx_word' id='word_1_14' title='bbox 1016 845 1059 919; x_wconf 93' lang='lat' dir='ltr'>de</span> <span class='ocrx_word' id='word_1_15' title='bbox 1083 868 1230 941; x_wconf 87' lang='lat' dir='ltr'>persona</span> <span class='ocrx_word' id='word_1_16' title='bbox 1248 846 1457 945; x_wconf 81' lang='lat' dir='ltr'>Presbyteri</span> <span class='ocrx_word' id='word_1_17' title='bbox 1482 846 1644 922; x_wconf 87' lang='lat' dir='ltr'>dilectis-</span> 
     </span>
     <span class='ocr_line' id='line_1_5' title="bbox 421 953 1643 1056; baseline 0.006 -30"><span class='ocrx_word' id='word_1_18' title='bbox 421 953 505 1027; x_wconf 85' lang='lat' dir='ltr'>simi</span> <span class='ocrx_word' id='word_1_19' title='bbox 519 955 641 1030; x_wconf 83' lang='lat' dir='ltr'>fratris</span> <span class='ocrx_word' id='word_1_20' title='bbox 655 965 690 1032; x_wconf 90' lang='lat' dir='ltr'>et</span> <span class='ocrx_word' id='word_1_21' title='bbox 702 957 897 1056; x_wconf 82' lang='lat' dir='ltr'>coepiscopi</span> <span class='ocrx_word' id='word_1_22' title='bbox 911 957 1024 1032; x_wconf 87' lang='lat' dir='ltr'>nostri</span> <span class='ocrx_word' id='word_1_23' title='bbox 1037 957 1205 1031; x_wconf 84' lang='lat' dir='ltr'>Ianuarii.</span> <span class='ocrx_word' id='word_1_24' title='bbox 1214 961 1261 1032; x_wconf 90' lang='lat' dir='ltr'>Et</span> <span class='ocrx_word' id='word_1_25' title='bbox 1273 958 1302 1032; x_wconf 89' lang='lat' dir='ltr'>si</span> <span class='ocrx_word' id='word_1_26' title='bbox 1314 959 1366 1032; x_wconf 87' lang='lat' dir='ltr'>ita</span> <span class='ocrx_word' id='word_1_27' title='bbox 1378 984 1416 1034; x_wconf 88' lang='lat' dir='ltr'>se</span> <span class='ocrx_word' id='word_1_28' title='bbox 1431 959 1564 1034; x_wconf 86' lang='lat' dir='ltr'>veritas</span> <span class='ocrx_word' id='word_1_29' title='bbox 1577 959 1643 1033; x_wconf 92' lang='lat' dir='ltr'>ha-</span> 
     </span>
     <span class='ocr_line' id='line_1_6' title="bbox 357 1066 1643 1170; baseline 0.003 -28"><span class='ocrx_word' id='word_1_30' title='bbox 357 1123 360 1130; x_wconf 77' lang='lat'>·</span> <span class='ocrx_word' id='word_1_31' title='bbox 412 1066 487 1158; x_wconf 83' lang='lat' dir='ltr'>bct,</span> <span class='ocrx_word' id='word_1_32' title='bbox 505 1068 600 1144; x_wconf 89' lang='lat' dir='ltr'>sieut</span> <span class='ocrx_word' id='word_1_33' title='bbox 618 1070 776 1145; x_wconf 87' lang='lat' dir='ltr'>eiusdem</span> <span class='ocrx_word' id='word_1_34' title='bbox 794 1070 948 1170; x_wconf 86' lang='lat' dir='ltr'>episcopi</span> <span class='ocrx_word' id='word_1_35' title='bbox 966 1069 1089 1168; x_wconf 90' lang='lat' dir='ltr'>petitio</span> <span class='ocrx_word' id='word_1_36' title='bbox 1106 1070 1275 1160; x_wconf 89' lang='lat' dir='ltr'>continet,</span> <span class='ocrx_word' id='word_1_37' title='bbox 1293 1071 1332 1145; x_wconf 92' lang='lat' dir='ltr'>in</span> <span class='ocrx_word' id='word_1_38' title='bbox 1353 1070 1517 1148; x_wconf 80' lang='lat' dir='ltr'>eccclesia</span> <span class='ocrx_word' id='word_1_39' title='bbox 1529 1081 1643 1170; x_wconf 87' lang='lat' dir='ltr'>atque</span> 
     </span>
     <span class='ocr_line' id='line_1_7' title="bbox 416 1178 1640 1280; baseline 0.004 -27"><span class='ocrx_word' id='word_1_40' title='bbox 416 1178 492 1254; x_wconf 90' lang='lat' dir='ltr'>loco</span> <span class='ocrx_word' id='word_1_41' title='bbox 509 1205 573 1256; x_wconf 90' lang='lat' dir='ltr'>suo</span> <span class='ocrx_word' id='word_1_42' title='bbox 590 1181 683 1257; x_wconf 88' lang='lat' dir='ltr'>idem</span> <span class='ocrx_word' id='word_1_43' title='bbox 701 1182 887 1280; x_wconf 83' lang='lat' dir='ltr'>presbyter</span> <span class='ocrx_word' id='word_1_44' title='bbox 904 1183 1020 1258; x_wconf 88' lang='lat' dir='ltr'>modis</span> <span class='ocrx_word' id='word_1_45' title='bbox 1044 1182 1208 1257; x_wconf 89' lang='lat' dir='ltr'>omnibus</span> <span class='ocrx_word' id='word_1_46' title='bbox 1234 1194 1431 1260; x_wconf 88' lang='lat' dir='ltr'>revocetur.</span> <span class='ocrx_word' id='word_1_47' title='bbox 1450 1185 1488 1257; x_wconf 89' lang='lat' dir='ltr'>Si</span> <span class='ocrx_word' id='word_1_48' title='bbox 1513 1195 1640 1260; x_wconf 85' lang='lat' dir='ltr'>autem</span> 
     </span>
     <span class='ocr_line' id='line_1_8' title="bbox 407 1292 1642 1395; baseline 0.002 -27"><span class='ocrx_word' id='word_1_49' title='bbox 407 1292 551 1368; x_wconf 73' lang='lat' dir='ltr'>,dictum</span> <span class='ocrx_word' id='word_1_50' title='bbox 578 1295 688 1370; x_wconf 86' lang='lat' dir='ltr'>fuerit</span> <span class='ocrx_word' id='word_1_51' title='bbox 709 1296 802 1394; x_wconf 91' lang='lat' dir='ltr'>quod</span> <span class='ocrx_word' id='word_1_52' title='bbox 819 1297 911 1372; x_wconf 87' lang='lat' dir='ltr'>citra</span> <span class='ocrx_word' id='word_1_53' title='bbox 928 1296 1046 1395; x_wconf 90' lang='lat' dir='ltr'>ipsum</span> <span class='ocrx_word' id='word_1_54' title='bbox 1060 1313 1174 1370; x_wconf 81' lang='lat' dir='ltr'>causa</span> <span class='ocrx_word' id='word_1_55' title='bbox 1197 1295 1319 1393; x_wconf 84' lang='lat' dir='ltr'>aliqua</span> <span class='ocrx_word' id='word_1_56' title='bbox 1346 1305 1441 1370; x_wconf 83' lang='lat' dir='ltr'>mota</span> <span class='ocrx_word' id='word_1_57' title='bbox 1467 1297 1544 1373; x_wconf 88' lang='lat' dir='ltr'>sive</span> <span class='ocrx_word' id='word_1_58' title='bbox 1562 1321 1642 1394; x_wconf 89' lang='lat' dir='ltr'>pro-</span> 
     </span>
     <span class='ocr_line' id='line_1_9' title="bbox 416 1403 1642 1510; baseline 0.004 -31"><span class='ocrx_word' id='word_1_59' title='bbox 416 1403 499 1479; x_wconf 86' lang='lat' dir='ltr'>bata</span> <span class='ocrx_word' id='word_1_60' title='bbox 517 1416 582 1497; x_wconf 88' lang='lat' dir='ltr'>est,</span> <span class='ocrx_word' id='word_1_61' title='bbox 599 1407 780 1484; x_wconf 86' lang='lat' dir='ltr'>subtiliter</span> <span class='ocrx_word' id='word_1_62' title='bbox 802 1409 877 1510; x_wconf 93' lang='lat' dir='ltr'>ipso</span> <span class='ocrx_word' id='word_1_63' title='bbox 902 1418 1085 1506; x_wconf 87' lang='lat' dir='ltr'>praesente‚</span> <span class='ocrx_word' id='word_1_64' title='bbox 1103 1417 1139 1483; x_wconf 92' lang='lat' dir='ltr'>et</span> <span class='ocrx_word' id='word_1_65' title='bbox 1163 1431 1225 1505; x_wconf 85' lang='lat' dir='ltr'>pro</span> <span class='ocrx_word' id='word_1_66' title='bbox 1243 1434 1281 1483; x_wconf 88' lang='lat' dir='ltr'>se</span> <span class='ocrx_word' id='word_1_67' title='bbox 1301 1409 1474 1484; x_wconf 89' lang='lat' dir='ltr'>rationem</span> <span class='ocrx_word' id='word_1_68' title='bbox 1493 1410 1642 1485; x_wconf 89' lang='lat' dir='ltr'>redden·</span> 
     </span>
     <span class='ocr_line' id='line_1_10' title="bbox 416 1520 1641 1619; baseline 0.003 -27"><span class='ocrx_word' id='word_1_69' title='bbox 416 1525 463 1606; x_wconf 81' lang='lat' dir='ltr'>tc,</span> <span class='ocrx_word' id='word_1_70' title='bbox 481 1520 712 1615; x_wconf 75' lang='lat' dir='ltr'>quarendum</span> <span class='ocrx_word' id='word_1_71' title='bbox 731 1530 838 1596; x_wconf 88' lang='lat' dir='ltr'>estet</span> <span class='ocrx_word' id='word_1_72' title='bbox 855 1545 974 1617; x_wconf 86' lang='lat' dir='ltr'>genus</span> <span class='ocrx_word' id='word_1_73' title='bbox 995 1546 1124 1610; x_wconf 71' lang='lat' dir='ltr'>causae,</span> <span class='ocrx_word' id='word_1_74' title='bbox 1141 1531 1178 1596; x_wconf 91' lang='lat' dir='ltr'>et</span> <span class='ocrx_word' id='word_1_75' title='bbox 1202 1520 1327 1596; x_wconf 90' lang='lat' dir='ltr'>modus</span> <span class='ocrx_word' id='word_1_76' title='bbox 1351 1522 1580 1619; x_wconf 86' lang='lat' dir='ltr'>probationis,</span> <span class='ocrx_word' id='word_1_77' title='bbox 1597 1531 1641 1596; x_wconf 91' lang='lat' dir='ltr'>ut</span> 
     </span>
     <span class='ocr_line' id='line_1_11' title="bbox 416 1629 1641 1729; baseline 0.005 -25"><span class='ocrx_word' id='word_1_78' title='bbox 416 1653 461 1704; x_wconf 87' lang='lat' dir='ltr'>ex</span> <span class='ocrx_word' id='word_1_79' title='bbox 476 1629 543 1707; x_wconf 91' lang='lat' dir='ltr'>hoc</span> <span class='ocrx_word' id='word_1_80' title='bbox 562 1631 730 1729; x_wconf 83' lang='lat' dir='ltr'>colligere</span> <span class='ocrx_word' id='word_1_81' title='bbox 750 1633 872 1709; x_wconf 88' lang='lat' dir='ltr'>valeas</span> <span class='ocrx_word' id='word_1_82' title='bbox 897 1643 1020 1708; x_wconf 88' lang='lat' dir='ltr'>utrum</span> <span class='ocrx_word' id='word_1_83' title='bbox 1045 1633 1164 1709; x_wconf 84' lang='lat' dir='ltr'>adhuc</span> <span class='ocrx_word' id='word_1_84' title='bbox 1188 1633 1318 1710; x_wconf 87' lang='lat' dir='ltr'>debeat</span> <span class='ocrx_word' id='word_1_85' title='bbox 1342 1635 1381 1708; x_wconf 92' lang='lat' dir='ltr'>in</span> <span class='ocrx_word' id='word_1_86' title='bbox 1397 1634 1504 1710; x_wconf 89' lang='lat' dir='ltr'>&#39;exilio</span> <span class='ocrx_word' id='word_1_87' title='bbox 1521 1635 1641 1711; x_wconf 91' lang='lat' dir='ltr'>demo-</span> 
     </span>
     <span class='ocr_line' id='line_1_12' title="bbox 414 1743 1639 1846; baseline 0.005 -32"><span class='ocrx_word' id='word_1_88' title='bbox 414 1743 497 1834; x_wconf 87' lang='lat' dir='ltr'>rari,</span> <span class='ocrx_word' id='word_1_89' title='bbox 518 1770 565 1818; x_wconf 86' lang='lat' dir='ltr'>an</span> <span class='ocrx_word' id='word_1_90' title='bbox 588 1755 684 1821; x_wconf 88' lang='lat' dir='ltr'>certe</span> <span class='ocrx_word' id='word_1_91' title='bbox 702 1746 740 1820; x_wconf 93' lang='lat' dir='ltr'>in</span> <span class='ocrx_word' id='word_1_92' title='bbox 758 1747 909 1822; x_wconf 88' lang='lat' dir='ltr'>eeclesia</span> <span class='ocrx_word' id='word_1_93' title='bbox 926 1756 962 1822; x_wconf 88' lang='lat' dir='ltr'>et</span> <span class='ocrx_word' id='word_1_94' title='bbox 978 1746 1091 1821; x_wconf 89' lang='lat' dir='ltr'>officio</span> <span class='ocrx_word' id='word_1_95' title='bbox 1116 1770 1180 1820; x_wconf 89' lang='lat' dir='ltr'>suo</span> <span class='ocrx_word' id='word_1_96' title='bbox 1207 1747 1377 1822; x_wconf 86' lang='lat' dir='ltr'>revocari.</span> <span class='ocrx_word' id='word_1_97' title='bbox 1404 1749 1456 1823; x_wconf 88' lang='lat' dir='ltr'>De</span> <span class='ocrx_word' id='word_1_98' title='bbox 1481 1747 1639 1846; x_wconf 83' lang='lat' dir='ltr'>episcopi</span> 
     </span>
     <span class='ocr_line' id='line_1_13' title="bbox 412 1858 1640 1952; baseline 0.004 -22"><span class='ocrx_word' id='word_1_99' title='bbox 412 1878 561 1952; x_wconf 86' lang='lat' dir='ltr'>persona</span> <span class='ocrx_word' id='word_1_100' title='bbox 579 1858 645 1933; x_wconf 89' lang='lat' dir='ltr'>hoc</span> <span class='ocrx_word' id='word_1_101' title='bbox 664 1859 848 1934; x_wconf 84' lang='lat' dir='ltr'>latendum</span> <span class='ocrx_word' id='word_1_102' title='bbox 874 1869 939 1949; x_wconf 83' lang='lat' dir='ltr'>est,</span> <span class='ocrx_word' id='word_1_103' title='bbox 955 1870 997 1935; x_wconf 94' lang='lat' dir='ltr'>ut</span> <span class='ocrx_word' id='word_1_104' title='bbox 1017 1861 1048 1934; x_wconf 93' lang='lat' dir='ltr'>si</span> <span class='ocrx_word' id='word_1_105' title='bbox 1066 1859 1168 1933; x_wconf 91' lang='lat' dir='ltr'>nulla</span> <span class='ocrx_word' id='word_1_106' title='bbox 1186 1869 1311 1936; x_wconf 88' lang='lat' dir='ltr'>contra</span> <span class='ocrx_word' id='word_1_107' title='bbox 1329 1885 1411 1935; x_wconf 92' lang='lat' dir='ltr'>eum</span> <span class='ocrx_word' id='word_1_108' title='bbox 1434 1861 1640 1936; x_wconf 86' lang='lat' dir='ltr'>criminalis</span> 
     </span>
     <span class='ocr_line' id='line_1_14' title="bbox 412 1973 1637 2072; baseline 0.002 -28"><span class='ocrx_word' id='word_1_109' title='bbox 412 1994 532 2061; x_wconf 85' lang='lat' dir='ltr'>causa,</span> <span class='ocrx_word' id='word_1_110' title='bbox 546 1996 625 2070; x_wconf 81' lang='lat' dir='ltr'>quae</span> <span class='ocrx_word' id='word_1_111' title='bbox 643 1973 748 2048; x_wconf 83' lang='lat' dir='ltr'>exilio</span> <span class='ocrx_word' id='word_1_112' title='bbox 764 1973 823 2049; x_wconf 86' lang='lat' dir='ltr'>vel</span> <span class='ocrx_word' id='word_1_113' title='bbox 836 1973 1052 2072; x_wconf 88' lang='lat' dir='ltr'>depositione</span> <span class='ocrx_word' id='word_1_114' title='bbox 1069 1973 1181 2069; x_wconf 83' lang='lat' dir='ltr'>digna</span> <span class='ocrx_word' id='word_1_115' title='bbox 1199 1984 1264 2062; x_wconf 79' lang='lat' dir='ltr'>est,</span> <span class='ocrx_word' id='word_1_116' title='bbox 1278 1983 1373 2048; x_wconf 89' lang='lat' dir='ltr'>mota</span> <span class='ocrx_word' id='word_1_117' title='bbox 1391 1974 1468 2049; x_wconf 76' lang='lat' dir='ltr'>sire</span> <span class='ocrx_word' id='word_1_118' title='bbox 1486 1974 1637 2072; x_wconf 83' lang='lat' dir='ltr'>probata</span> 
     </span>
     <span class='ocr_line' id='line_1_15' title="bbox 416 2082 1641 2184; baseline 0.004 -28"><span class='ocrx_word' id='word_1_119' title='bbox 416 2093 481 2174; x_wconf 87' lang='lat' dir='ltr'>est,</span> <span class='ocrx_word' id='word_1_120' title='bbox 494 2082 552 2158; x_wconf 91' lang='lat' dir='ltr'>hls</span> <span class='ocrx_word' id='word_1_121' title='bbox 570 2085 756 2184; x_wconf 90' lang='lat' dir='ltr'>episcopus</span> <span class='ocrx_word' id='word_1_122' title='bbox 773 2087 835 2184; x_wconf 90' lang='lat' dir='ltr'>qui</span> <span class='ocrx_word' id='word_1_123' title='bbox 852 2111 892 2162; x_wconf 88' lang='lat' dir='ltr'>eo</span> <span class='ocrx_word' id='word_1_124' title='bbox 909 2086 1137 2184; x_wconf 87' lang='lat' dir='ltr'>superstitem</span> <span class='ocrx_word' id='word_1_125' title='bbox 1156 2111 1323 2184; x_wconf 82' lang='lat' dir='ltr'>perverse</span> <span class='ocrx_word' id='word_1_126' title='bbox 1340 2097 1376 2162; x_wconf 90' lang='lat' dir='ltr'>et</span> <span class='ocrx_word' id='word_1_127' title='bbox 1393 2099 1517 2163; x_wconf 87' lang='lat' dir='ltr'>contra</span> <span class='ocrx_word' id='word_1_128' title='bbox 1535 2111 1641 2162; x_wconf 79' lang='lat' dir='ltr'>cano</span> 
     </span>
     <span class='ocr_line' id='line_1_16' title="bbox 409 2197 1638 2298; baseline -0.002 -22"><span class='ocrx_word' id='word_1_129' title='bbox 409 2222 476 2276; x_wconf 86' lang='lat' dir='ltr'>nes</span> <span class='ocrx_word' id='word_1_130' title='bbox 493 2197 531 2272; x_wconf 91' lang='lat' dir='ltr'>in</span> <span class='ocrx_word' id='word_1_131' title='bbox 550 2199 703 2276; x_wconf 87' lang='lat' dir='ltr'>ecclesia</span> <span class='ocrx_word' id='word_1_132' title='bbox 720 2201 798 2275; x_wconf 89' lang='lat' dir='ltr'>eius</span> <span class='ocrx_word' id='word_1_133' title='bbox 823 2200 977 2276; x_wconf 88' lang='lat' dir='ltr'>ordinari</span> <span class='ocrx_word' id='word_1_134' title='bbox 996 2201 1236 2298; x_wconf 77' lang='lat' dir='ltr'>presumpsit,</span> <span class='ocrx_word' id='word_1_135' title='bbox 1254 2201 1448 2276; x_wconf 84' lang='lat' dir='ltr'>sacerdotio</span> <span class='ocrx_word' id='word_1_136' title='bbox 1465 2201 1638 2298; x_wconf 78' lang='lat' dir='ltr'>privatos,</span> 
     </span>
     <span class='ocr_line' id='line_1_17' title="bbox 414 2307 1636 2409; baseline 0.006 -29"><span class='ocrx_word' id='word_1_137' title='bbox 414 2307 459 2382; x_wconf 85' lang='lat' dir='ltr'>ab</span> <span class='ocrx_word' id='word_1_138' title='bbox 476 2311 573 2384; x_wconf 92' lang='lat' dir='ltr'>omni</span> <span class='ocrx_word' id='word_1_139' title='bbox 591 2313 844 2388; x_wconf 72' lang='lat' dir='ltr'>aecclesiastico</span> <span class='ocrx_word' id='word_1_140' title='bbox 861 2313 1060 2387; x_wconf 90' lang='lat' dir='ltr'>ministerio</span> <span class='ocrx_word' id='word_1_141' title='bbox 1085 2311 1287 2409; x_wconf 86' lang='lat' dir='ltr'>repellatur.</span> <span class='ocrx_word' id='word_1_142' title='bbox 1304 2313 1373 2401; x_wconf 80' lang='lat' dir='ltr'>Qui</span> <span class='ocrx_word' id='word_1_143' title='bbox 1392 2313 1500 2388; x_wconf 88' lang='lat' dir='ltr'>etiam</span> <span class='ocrx_word' id='word_1_144' title='bbox 1519 2313 1636 2389; x_wconf 90' lang='lat' dir='ltr'>eidem</span> 
     </span>
     <span class='ocr_line' id='line_1_18' title="bbox 411 2421 1636 2523; baseline 0.005 -28"><span class='ocrx_word' id='word_1_145' title='bbox 411 2421 641 2498; x_wconf 91' lang='lat' dir='ltr'>dilectissimo</span> <span class='ocrx_word' id='word_1_146' title='bbox 658 2425 825 2501; x_wconf 86' lang='lat' dir='ltr'>Ianuario</span> <span class='ocrx_word' id='word_1_147' title='bbox 838 2426 942 2501; x_wconf 86' lang='lat' dir='ltr'>fratri</span> <span class='ocrx_word' id='word_1_148' title='bbox 956 2435 992 2500; x_wconf 90' lang='lat' dir='ltr'>et</span> <span class='ocrx_word' id='word_1_149' title='bbox 1010 2425 1213 2523; x_wconf 83' lang='lat' dir='ltr'>coepiscopo</span> <span class='ocrx_word' id='word_1_150' title='bbox 1230 2436 1349 2500; x_wconf 88' lang='lat' dir='ltr'>nostro</span> <span class='ocrx_word' id='word_1_151' title='bbox 1361 2427 1556 2501; x_wconf 86' lang='lat' dir='ltr'>tradendus</span> <span class='ocrx_word' id='word_1_152' title='bbox 1568 2435 1636 2516; x_wconf 86' lang='lat' dir='ltr'>est,</span> 
     </span>
     <span class='ocr_line' id='line_1_19' title="bbox 410 2537 1635 2636; baseline 0.004 -29"><span class='ocrx_word' id='word_1_153' title='bbox 410 2543 453 2608; x_wconf 92' lang='lat' dir='ltr'>ut</span> <span class='ocrx_word' id='word_1_154' title='bbox 464 2545 529 2611; x_wconf 86' lang='lat' dir='ltr'>aut</span> <span class='ocrx_word' id='word_1_155' title='bbox 541 2537 584 2612; x_wconf 90' lang='lat' dir='ltr'>ab</span> <span class='ocrx_word' id='word_1_156' title='bbox 597 2537 672 2636; x_wconf 88' lang='lat' dir='ltr'>ipso</span> <span class='ocrx_word' id='word_1_157' title='bbox 686 2539 722 2612; x_wconf 90' lang='lat' dir='ltr'>in</span> <span class='ocrx_word' id='word_1_158' title='bbox 737 2539 896 2615; x_wconf 89' lang='lat' dir='ltr'>custodia</span> <span class='ocrx_word' id='word_1_159' title='bbox 910 2539 1095 2627; x_wconf 80' lang='lat' dir='ltr'>habeatur,</span> <span class='ocrx_word' id='word_1_160' title='bbox 1108 2547 1172 2612; x_wconf 88' lang='lat' dir='ltr'>aut</span> <span class='ocrx_word' id='word_1_161' title='bbox 1185 2547 1281 2614; x_wconf 89' lang='lat' dir='ltr'>certe</span> <span class='ocrx_word' id='word_1_162' title='bbox 1294 2538 1365 2613; x_wconf 89' lang='lat' dir='ltr'>hab</span> <span class='ocrx_word' id='word_1_163' title='bbox 1378 2562 1418 2613; x_wconf 90' lang='lat' dir='ltr'>eo</span> <span class='ocrx_word' id='word_1_164' title='bbox 1431 2539 1475 2612; x_wconf 89' lang='lat' dir='ltr'>ad</span> <span class='ocrx_word' id='word_1_165' title='bbox 1493 2563 1557 2613; x_wconf 92' lang='lat' dir='ltr'>nos</span> <span class='ocrx_word' id='word_1_166' title='bbox 1571 2564 1635 2636; x_wconf 86' lang='lat' dir='ltr'>per</span> 
     </span>
     <span class='ocr_line' id='line_1_20' title="bbox 409 2649 1634 2755; baseline 0.002 -33"><span class='ocrx_word' id='word_1_167' title='bbox 409 2651 529 2724; x_wconf 88' lang='lat' dir='ltr'>omnia</span> <span class='ocrx_word' id='word_1_168' title='bbox 546 2655 824 2729; x_wconf 88' lang='lat' dir='ltr'>transmittatur.</span> <span class='ocrx_word' id='word_1_169' title='bbox 841 2655 1006 2755; x_wconf 85' lang='lat' dir='ltr'>Episcopi</span> <span class='ocrx_word' id='word_1_170' title='bbox 1019 2675 1105 2726; x_wconf 89' lang='lat' dir='ltr'>vero</span> <span class='ocrx_word' id='word_1_171' title='bbox 1119 2650 1180 2748; x_wconf 92' lang='lat' dir='ltr'>qui</span> <span class='ocrx_word' id='word_1_172' title='bbox 1194 2673 1276 2725; x_wconf 91' lang='lat' dir='ltr'>eum</span> <span class='ocrx_word' id='word_1_173' title='bbox 1290 2651 1557 2740; x_wconf 80' lang='lat' dir='ltr'>ordinaverunt,</span> <span class='ocrx_word' id='word_1_174' title='bbox 1574 2649 1634 2725; x_wconf 81' lang='lat' dir='ltr'>rel</span> 
     </span>
     <span class='ocr_line' id='line_1_21' title="bbox 410 2761 1634 2849; baseline 0.002 -14"><span class='ocrx_word' id='word_1_175' title='bbox 410 2761 642 2840; x_wconf 86' lang='lat' dir='ltr'>ordinationis</span> <span class='ocrx_word' id='word_1_176' title='bbox 659 2765 1022 2842; x_wconf 84' lang='lat' dir='ltr'>eius&#39;consentientes</span> <span class='ocrx_word' id='word_1_177' title='bbox 1043 2763 1300 2849; x_wconf 83' lang='lat' dir='ltr'>interfuerunt,</span> <span class='ocrx_word' id='word_1_178' title='bbox 1321 2764 1359 2836; x_wconf 94' lang='lat' dir='ltr'>in</span> <span class='ocrx_word' id='word_1_179' title='bbox 1380 2767 1433 2838; x_wconf 89' lang='lat' dir='ltr'>VI</span> <span class='ocrx_word' id='word_1_180' title='bbox 1451 2763 1634 2838; x_wconf 89' lang='lat' dir='ltr'>mensibus</span> 
     </span>
     <span class='ocr_line' id='line_1_22' title="bbox 409 2875 1633 2976; baseline 0.003 -28"><span class='ocrx_word' id='word_1_181' title='bbox 409 2875 587 2952; x_wconf 90' lang='lat' dir='ltr'>Dominici</span> <span class='ocrx_word' id='word_1_182' title='bbox 603 2879 766 2976; x_wconf 84' lang='lat' dir='ltr'>Corporis</span> <span class='ocrx_word' id='word_1_183' title='bbox 780 2889 816 2955; x_wconf 88' lang='lat' dir='ltr'>ct</span> <span class='ocrx_word' id='word_1_184' title='bbox 834 2880 1032 2976; x_wconf 81' lang='lat' dir='ltr'>Sanguinis</span> <span class='ocrx_word' id='word_1_185' title='bbox 1045 2877 1294 2953; x_wconf 89' lang='lat' dir='ltr'>communione</span> <span class='ocrx_word' id='word_1_186' title='bbox 1307 2877 1440 2976; x_wconf 87' lang='lat' dir='ltr'>privati</span> <span class='ocrx_word' id='word_1_187' title='bbox 1453 2902 1562 2974; x_wconf 83' lang='lat' dir='ltr'>agere</span> <span class='ocrx_word' id='word_1_188' title='bbox 1575 2903 1633 2975; x_wconf 88' lang='lat' dir='ltr'>pe-</span> 
     </span>
     <span class='ocr_line' id='line_1_23' title="bbox 407 2987 1630 3090; baseline 0.003 -30"><span class='ocrx_word' id='word_1_189' title='bbox 407 2987 599 3064; x_wconf 88' lang='lat' dir='ltr'>nitentiam</span> <span class='ocrx_word' id='word_1_190' title='bbox 616 2991 653 3065; x_wconf 92' lang='lat' dir='ltr'>in</span> <span class='ocrx_word' id='word_1_191' title='bbox 667 2992 881 3068; x_wconf 88' lang='lat' dir='ltr'>monasterio</span> <span class='ocrx_word' id='word_1_192' title='bbox 894 2991 1164 3090; x_wconf 88' lang='lat' dir='ltr'>compellantur,</span> <span class='ocrx_word' id='word_1_193' title='bbox 1178 3000 1214 3066; x_wconf 93' lang='lat' dir='ltr'>et</span> <span class='ocrx_word' id='word_1_194' title='bbox 1226 2990 1492 3088; x_wconf 88' lang='lat' dir='ltr'>suprascriptus</span> <span class='ocrx_word' id='word_1_195' title='bbox 1504 2993 1630 3065; x_wconf 85' lang='lat' dir='ltr'>Ianua·</span> 
     </span>
     <span class='ocr_line' id='line_1_24' title="bbox 409 3099 1631 3180; baseline 0.002 -7"><span class='ocrx_word' id='word_1_196' title='bbox 409 3099 485 3174; x_wconf 88' lang='lat' dir='ltr'>rius</span> <span class='ocrx_word' id='word_1_197' title='bbox 499 3101 576 3177; x_wconf 91' lang='lat' dir='ltr'>loco</span> <span class='ocrx_word' id='word_1_198' title='bbox 588 3113 624 3179; x_wconf 91' lang='lat' dir='ltr'>et</span> <span class='ocrx_word' id='word_1_199' title='bbox 636 3105 752 3178; x_wconf 92' lang='lat' dir='ltr'>ordini</span> <span class='ocrx_word' id='word_1_200' title='bbox 770 3128 834 3179; x_wconf 88' lang='lat' dir='ltr'>suo</span> <span class='ocrx_word' id='word_1_201' title='bbox 847 3104 959 3180; x_wconf 90' lang='lat' dir='ltr'>modis</span> <span class='ocrx_word' id='word_1_202' title='bbox 972 3103 1138 3179; x_wconf 89' lang='lat' dir='ltr'>omnibus</span> <span class='ocrx_word' id='word_1_203' title='bbox 1154 3103 1374 3178; x_wconf 81' lang='lat' dir='ltr'>reformetur.</span> <span class='ocrx_word' id='word_1_204' title='bbox 1388 3103 1427 3176; x_wconf 89' lang='lat' dir='ltr'>Si</span> <span class='ocrx_word' id='word_1_205' title='bbox 1440 3127 1525 3178; x_wconf 86' lang='lat' dir='ltr'>vero</span> <span class='ocrx_word' id='word_1_206' title='bbox 1538 3127 1631 3179; x_wconf 87' lang='lat' dir='ltr'>com·</span> 
     </span>
     <span class='ocr_line' id='line_1_25' title="bbox 409 3213 1630 3313; baseline 0.002 -27"><span class='ocrx_word' id='word_1_207' title='bbox 409 3213 577 3290; x_wconf 90' lang='lat' dir='ltr'>munione</span> <span class='ocrx_word' id='word_1_208' title='bbox 603 3215 754 3313; x_wconf 86' lang='lat' dir='ltr'>privatis</span> <span class='ocrx_word' id='word_1_209' title='bbox 767 3218 891 3292; x_wconf 86' lang='lat' dir='ltr'>mortis</span> <span class='ocrx_word' id='word_1_210' title='bbox 908 3214 1127 3311; x_wconf 82' lang='lat' dir='ltr'>contingerit</span> <span class='ocrx_word' id='word_1_211' title='bbox 1144 3213 1332 3289; x_wconf 90' lang='lat' dir='ltr'>imminere</span> <span class='ocrx_word' id='word_1_212' title='bbox 1346 3213 1558 3312; x_wconf 86' lang='lat' dir='ltr'>periculum,</span> <span class='ocrx_word' id='word_1_213' title='bbox 1575 3213 1630 3289; x_wconf 80' lang='lat' dir='ltr'>be</span> 
     </span>
     <span class='ocr_line' id='line_1_26' title="bbox 407 3325 1631 3428; baseline 0.003 -32"><span class='ocrx_word' id='word_1_214' title='bbox 407 3325 561 3400; x_wconf 88' lang='lat' dir='ltr'>nedictio</span> <span class='ocrx_word' id='word_1_215' title='bbox 570 3327 603 3401; x_wconf 91' lang='lat' dir='ltr'>ei</span> <span class='ocrx_word' id='word_1_216' title='bbox 616 3325 742 3402; x_wconf 86' lang='lat' dir='ltr'>viatici</span> <span class='ocrx_word' id='word_1_217' title='bbox 756 3351 826 3402; x_wconf 91' lang='lat' dir='ltr'>uon</span> <span class='ocrx_word' id='word_1_218' title='bbox 839 3337 1002 3424; x_wconf 82' lang='lat' dir='ltr'>negetur.</span> <span class='ocrx_word' id='word_1_219' title='bbox 1012 3327 1051 3400; x_wconf 86' lang='lat' dir='ltr'>Si</span> <span class='ocrx_word' id='word_1_220' title='bbox 1064 3335 1184 3402; x_wconf 87' lang='lat' dir='ltr'>autern</span> <span class='ocrx_word' id='word_1_221' title='bbox 1195 3325 1360 3428; x_wconf 85' lang='lat' dir='ltr'>Episcopi</span> <span class='ocrx_word' id='word_1_222' title='bbox 1373 3327 1411 3401; x_wconf 93' lang='lat' dir='ltr'>in</span> <span class='ocrx_word' id='word_1_223' title='bbox 1426 3326 1631 3426; x_wconf 85' lang='lat' dir='ltr'>praeiudicio</span> 
     </span>
     <span class='ocr_line' id='line_1_27' title="bbox 407 3435 1624 3539; baseline 0.004 -30"><span class='ocrx_word' id='word_1_224' title='bbox 407 3435 747 3536; x_wconf 84' lang='lat' dir='ltr'>condempnationis,</span> <span class='ocrx_word' id='word_1_225' title='bbox 772 3439 831 3516; x_wconf 89' lang='lat' dir='ltr'>vel</span> <span class='ocrx_word' id='word_1_226' title='bbox 850 3440 1078 3539; x_wconf 88' lang='lat' dir='ltr'>depositionis</span> <span class='ocrx_word' id='word_1_227' title='bbox 1095 3439 1280 3515; x_wconf 88' lang='lat' dir='ltr'>memorati</span> <span class='ocrx_word' id='word_1_228' title='bbox 1294 3441 1458 3539; x_wconf 87' lang='lat' dir='ltr'>Episcopi</span> <span class='ocrx_word' id='word_1_229' title='bbox 1476 3467 1513 3516; x_wconf 91' lang='lat' dir='ltr'>se</span> <span class='ocrx_word' id='word_1_230' title='bbox 1527 3449 1624 3515; x_wconf 91' lang='lat' dir='ltr'>metu</span> 
     </span>
     <span class='ocr_line' id='line_1_28' title="bbox 407 3549 1628 3650; baseline 0.002 -28"><span class='ocrx_word' id='word_1_231' title='bbox 407 3549 537 3625; x_wconf 89' lang='lat' dir='ltr'>iudicis</span> <span class='ocrx_word' id='word_1_232' title='bbox 559 3551 782 3627; x_wconf 87' lang='lat' dir='ltr'>consensisse</span> <span class='ocrx_word' id='word_1_233' title='bbox 799 3577 842 3628; x_wconf 88' lang='lat' dir='ltr'>ac</span> <span class='ocrx_word' id='word_1_234' title='bbox 858 3551 946 3626; x_wconf 88' lang='lat' dir='ltr'>talia</span> <span class='ocrx_word' id='word_1_235' title='bbox 959 3552 1087 3628; x_wconf 86' lang='lat' dir='ltr'>fecisse</span> <span class='ocrx_word' id='word_1_236' title='bbox 1100 3578 1166 3627; x_wconf 83' lang='lat' dir='ltr'>sua</span> <span class='ocrx_word' id='word_1_237' title='bbox 1178 3562 1302 3650; x_wconf 86' lang='lat' dir='ltr'>sponte</span> <span class='ocrx_word' id='word_1_238' title='bbox 1317 3552 1471 3629; x_wconf 89' lang='lat' dir='ltr'>confessi</span> <span class='ocrx_word' id='word_1_239' title='bbox 1485 3553 1628 3642; x_wconf 76' lang='lat' dir='ltr'>fuerint,</span> 
     </span>
     <span class='ocr_line' id='line_1_29' title="bbox 406 3663 1629 3764; baseline 0.003 -30"><span class='ocrx_word' id='word_1_240' title='bbox 406 3669 548 3759; x_wconf 88' lang='lat' dir='ltr'>tempus</span> <span class='ocrx_word' id='word_1_241' title='bbox 561 3663 639 3738; x_wconf 88' lang='lat' dir='ltr'>eius</span> <span class='ocrx_word' id='word_1_242' title='bbox 651 3663 886 3740; x_wconf 85' lang='lat' dir='ltr'>breviandum</span> <span class='ocrx_word' id='word_1_243' title='bbox 901 3673 957 3740; x_wconf 91' lang='lat' dir='ltr'>est</span> <span class='ocrx_word' id='word_1_244' title='bbox 970 3675 1005 3742; x_wconf 90' lang='lat' dir='ltr'>et</span> <span class='ocrx_word' id='word_1_245' title='bbox 1019 3666 1144 3740; x_wconf 92' lang='lat' dir='ltr'>modus</span> <span class='ocrx_word' id='word_1_246' title='bbox 1153 3665 1359 3764; x_wconf 75' lang='lat' dir='ltr'>penitentiae</span> <span class='ocrx_word' id='word_1_247' title='bbox 1368 3666 1629 3764; x_wconf 86' lang='lat' dir='ltr'>temperandus.</span> 
     </span>
     <span class='ocr_line' id='line_1_30' title="bbox 407 3773 1629 3874; baseline 0.004 -28"><span class='ocrx_word' id='word_1_248' title='bbox 407 3773 1443 3874; x_wconf 81' lang='lat' dir='ltr'>Siveroillequilocumeiusinvasit,debaclucefortasse</span> <span class='ocrx_word' id='word_1_249' title='bbox 1453 3779 1629 3874; x_wconf 80' lang='lat' dir='ltr'>migrare·</span> 
     </span>
     <span class='ocr_line' id='line_1_31' title="bbox 407 3883 1627 3988; baseline 0.004 -32"><span class='ocrx_word' id='word_1_250' title='bbox 407 3883 465 3975; x_wconf 84' lang='lat' dir='ltr'>rit,</span> <span class='ocrx_word' id='word_1_251' title='bbox 475 3895 511 3961; x_wconf 88' lang='lat' dir='ltr'>et</span> <span class='ocrx_word' id='word_1_252' title='bbox 523 3885 615 3962; x_wconf 88' lang='lat' dir='ltr'>alter</span> <span class='ocrx_word' id='word_1_253' title='bbox 624 3897 678 3962; x_wconf 90' lang='lat' dir='ltr'>est</span> <span class='ocrx_word' id='word_1_254' title='bbox 686 3887 871 3964; x_wconf 89' lang='lat' dir='ltr'>ordinatus</span> <span class='ocrx_word' id='word_1_255' title='bbox 880 3889 965 3987; x_wconf 90' lang='lat' dir='ltr'>quia</span> <span class='ocrx_word' id='word_1_256' title='bbox 974 3888 1086 3965; x_wconf 85' lang='lat' dir='ltr'>levior</span> <span class='ocrx_word' id='word_1_257' title='bbox 1101 3889 1207 3988; x_wconf 89' lang='lat' dir='ltr'>culpa</span> <span class='ocrx_word' id='word_1_258' title='bbox 1216 3890 1358 3965; x_wconf 88' lang='lat' dir='ltr'>videtur</span> <span class='ocrx_word' id='word_1_259' title='bbox 1367 3912 1437 3964; x_wconf 91' lang='lat' dir='ltr'>non</span> <span class='ocrx_word' id='word_1_260' title='bbox 1446 3888 1548 3988; x_wconf 87' lang='lat' dir='ltr'>quasi</span> <span class='ocrx_word' id='word_1_261' title='bbox 1560 3888 1627 3986; x_wconf 87' lang='lat' dir='ltr'>ipsi</span> 
     </span>
     <span class='ocr_line' id='line_1_32' title="bbox 409 3999 1629 4100; baseline 0.002 -30"><span class='ocrx_word' id='word_1_262' title='bbox 409 3999 605 4096; x_wconf 83' lang='lat' dir='ltr'>superstiti,</span> <span class='ocrx_word' id='word_1_263' title='bbox 615 4001 676 4075; x_wconf 92' lang='lat' dir='ltr'>sed</span> <span class='ocrx_word' id='word_1_264' title='bbox 685 4001 900 4077; x_wconf 85' lang='lat' dir='ltr'>successisse</span> <span class='ocrx_word' id='word_1_265' title='bbox 909 4000 1378 4100; x_wconf 82' lang='lat' dir='ltr'>defuncto‚episcopetusilli</span> <span class='ocrx_word' id='word_1_266' title='bbox 1388 4001 1543 4076; x_wconf 89' lang='lat' dir='ltr'>officium</span> <span class='ocrx_word' id='word_1_267' title='bbox 1552 4011 1629 4075; x_wconf 86' lang='lat' dir='ltr'>tan·</span> 
     </span>
     <span class='ocr_line' id='line_1_33' title="bbox 407 4112 1628 4212; baseline 0.001 -27"><span class='ocrx_word' id='word_1_268' title='bbox 407 4112 1440 4212; x_wconf 75' lang='lat' dir='ltr'>tummodoaecclesiainterdicatur,utinaliaecclesiaquse</span> <span class='ocrx_word' id='word_1_269' title='bbox 1449 4114 1628 4189; x_wconf 80' lang='lat' dir='ltr'>sacerdote</span> 
     </span>
     <span class='ocr_line' id='line_1_34' title="bbox 406 4223 1625 4324; baseline 0.002 -27"><span class='ocrx_word' id='word_1_270' title='bbox 406 4225 600 4315; x_wconf 82' lang='lat' dir='ltr'>vacaverit,</span> <span class='ocrx_word' id='word_1_271' title='bbox 617 4223 649 4299; x_wconf 90' lang='lat' dir='ltr'>si</span> <span class='ocrx_word' id='word_1_272' title='bbox 665 4225 801 4302; x_wconf 87' lang='lat' dir='ltr'>clectus</span> <span class='ocrx_word' id='word_1_273' title='bbox 814 4225 924 4301; x_wconf 90' lang='lat' dir='ltr'>fuerit</span> <span class='ocrx_word' id='word_1_274' title='bbox 935 4226 1046 4324; x_wconf 88' lang='lat' dir='ltr'>possit</span> <span class='ocrx_word' id='word_1_275' title='bbox 1058 4251 1135 4302; x_wconf 87' lang='lat' dir='ltr'>esse</span> <span class='ocrx_word' id='word_1_276' title='bbox 1148 4226 1344 4324; x_wconf 83' lang='lat' dir='ltr'>episcopus,</span> <span class='ocrx_word' id='word_1_277' title='bbox 1358 4226 1400 4300; x_wconf 89' lang='lat' dir='ltr'>ad</span> <span class='ocrx_word' id='word_1_278' title='bbox 1418 4225 1625 4301; x_wconf 83' lang='lat' dir='ltr'>Malachita·</span> 
     </span>
     <span class='ocr_line' id='line_1_35' title="bbox 405 4337 1627 4440; baseline 0.003 -31"><span class='ocrx_word' id='word_1_279' title='bbox 405 4361 488 4410; x_wconf 89' lang='lat' dir='ltr'>nam</span> <span class='ocrx_word' id='word_1_280' title='bbox 501 4337 689 4414; x_wconf 88' lang='lat' dir='ltr'>ecclesiam</span> <span class='ocrx_word' id='word_1_281' title='bbox 700 4347 822 4415; x_wconf 84' lang='lat' dir='ltr'>tamen</span> <span class='ocrx_word' id='word_1_282' title='bbox 831 4363 1016 4438; x_wconf 88' lang='lat' dir='ltr'>nunquam</span> <span class='ocrx_word' id='word_1_283' title='bbox 1026 4341 1145 4440; x_wconf 83' lang='lat' dir='ltr'>abque</span> <span class='ocrx_word' id='word_1_284' title='bbox 1154 4340 1254 4416; x_wconf 92' lang='lat' dir='ltr'>modo</span> <span class='ocrx_word' id='word_1_285' title='bbox 1263 4365 1484 4416; x_wconf 83' lang='lat' dir='ltr'>reversurus</span> <span class='ocrx_word' id='word_1_286' title='bbox 1495 4339 1627 4416; x_wconf 82' lang='lat' dir='ltr'>Glorio</span> 
     </span>
     <span class='ocr_line' id='line_1_36' title="bbox 405 4451 1627 4553; baseline 0.002 -31"><span class='ocrx_word' id='word_1_287' title='bbox 405 4475 467 4526; x_wconf 90' lang='lat' dir='ltr'>sus</span> <span class='ocrx_word' id='word_1_288' title='bbox 479 4461 599 4527; x_wconf 86' lang='lat' dir='ltr'>autem</span> <span class='ocrx_word' id='word_1_289' title='bbox 614 4451 862 4552; x_wconf 81' lang='lat' dir='ltr'>Commitiolus</span> <span class='ocrx_word' id='word_1_290' title='bbox 875 4453 1048 4552; x_wconf 91' lang='lat' dir='ltr'>quidquid</span> <span class='ocrx_word' id='word_1_291' title='bbox 1066 4452 1258 4552; x_wconf 82' lang='lat' dir='ltr'>praedictus</span> <span class='ocrx_word' id='word_1_292' title='bbox 1275 4453 1460 4553; x_wconf 85' lang='lat' dir='ltr'>episcopus</span> <span class='ocrx_word' id='word_1_293' title='bbox 1478 4477 1539 4551; x_wconf 85' lang='lat' dir='ltr'>per</span> <span class='ocrx_word' id='word_1_294' title='bbox 1555 4451 1627 4526; x_wconf 85' lang='lat' dir='ltr'>vio-</span> 
     </span>
    </p>
   </div>
   <div class='ocr_carea' id='block_1_3' title="bbox 0 0 1814 5316">
    <p class='ocr_par' dir='ltr' id='par_1_3' title="bbox 0 0 1814 5316">
     <span class='ocr_line' id='line_1_37' title="bbox 0 0 1814 5316; baseline 0 6"><span class='ocrx_word' id='word_1_295' title='bbox 0 0 1814 5316; x_wconf 95' lang='lat' dir='ltr'> </span> 
     </span>
    </p>
   </div>
  </div>
 </body>
</html>
