3618 5316
906 405 1104 472 -298-

391 534 588 605 Precamur
604 535 726 604 autem
744 533 785 602 ut
802 507 977 628 optimum
994 550 1171 625 organum
1189 547 1274 604 cum
1299 523 1438 604 artifice
1462 526 1524 627 qui
1548 527 1618 604 hoc

393 639 568 718 moderari
586 649 623 717 et
639 641 756 718 facere
781 639 827 715 ad
843 664 983 716 omnem
1001 641 1252 718 modulationis
1276 641 1470 718 efficaciam
1496 643 1619 741 possit,

392 757 437 832 ad
450 754 722 832 instructionem
738 754 886 833 musicae
898 755 1087 854 discipline
1105 755 1205 831 nobis
1217 765 1281 830 aut
1294 755 1442 847 deferas,
1455 765 1520 832 aut
1531 782 1617 832 cum

391 869 523 946 eisdem
543 869 741 946 redditibus
757 869 881 946 mittas
901 870 1073 970 quatinus
1096 869 1182 944 dum
1208 868 1281 946 vile
1306 869 1490 946 metallum
1514 859 1620 946 beato

390 985 495 1058 Petro
511 983 672 1059 conlerre
689 982 851 1075 festinas,
867 983 912 1060 ab
929 1009 970 1060 eo
986 1009 1096 1061 aurea
1110 983 1215 1083 regni
1230 982 1384 1061 caelestis
1398 1009 1546 1062 munera
1560 1011 1620 1061 ca·

391 1119 522 1194 pessus.

920 1233 1095 1326 oxxss'ss.

487 1437 663 1520 Iohannes
680 1440 866 1540 episcopus
883 1467 1011 1517 servus
1028 1446 1213 1517 servorum
1232 1441 1309 1534 Dei,
1332 1441 1388 1518 Ill.
1405 1441 1622 1518 subdiacono

390 1561 520 1628 nostrae
537 1554 738 1651 apostolicae
755 1555 858 1630 sedis.
876 1554 1019 1630 Salubri
1038 1556 1238 1654 providenti
1256 1556 1428 1656 quicquid
1444 1556 1622 1633 aecclesia-

388 1667 479 1742 stica
496 1666 646 1766 requirit
663 1667 814 1760 utilitas,
830 1668 920 1744 illud
937 1669 1231 1746 committendum
1249 1669 1431 1746 credimus
1447 1695 1525 1746 esse
1542 1695 1622 1769 per·

388 1780 495 1874 sonis,
511 1805 600 1879 quas
613 1781 694 1858 fidei
707 1782 856 1881 puritas,
873 1783 932 1859 vel
950 1784 1080 1882 placite
1097 1783 1248 1860 actionis
1261 1785 1426 1860 studium
1445 1785 1618 1860 laudabili

388 1893 545 1992 opinioni
563 1897 797 1971 commendat.
816 1899 1037 1999 Quapropter
1052 1898 1120 1973 tibi
1141 1899 1193 1973 ill.
1220 1899 1437 1976 subdiacono
1454 1900 1546 1999 quod
1569 1901 1624 1974 di·

389 2007 476 2082 vina
489 2008 610 2105 gratia
623 2009 844 2106 suffragante
860 2010 997 2086 dictum
1011 2012 1071 2104 sit,
1080 2036 1183 2089 omne
1196 2013 1451 2113 patrimonium
1460 2014 1532 2088 iuri
1541 2039 1624 2089 san·

389 2131 456 2198 ctae
465 2126 632 2199 Romanae
645 2123 704 2199 cui
715 2127 788 2200 Deo
800 2135 945 2202 auctore
958 2126 1181 2203 deservimus
1193 2127 1375 2220 aecclesiae,
1389 2153 1451 2228 per
1463 2127 1621 2203 insulam

390 2235 441 2311 ill.
459 2237 694 2313 constitutum
710 2239 876 2336 praesenti
891 2241 1125 2340 praeceptione
1138 2241 1427 2340 peraequandum,
1440 2241 1518 2316 sive
1531 2240 1624 2315 ordi·

389 2351 548 2426 nandum
566 2351 824 2428 committimus
841 2353 1075 2452 iniungentes
1094 2365 1135 2430 ut
1147 2356 1352 2431 colonorum
1371 2355 1467 2431 vires
1485 2353 1623 2428 subdi·

390 2466 468 2540 vini
492 2466 618 2541 iudicii
637 2467 935 2566 contemplatione
952 2469 1168 2562 consideres,
1184 2479 1220 2546 et
1240 2479 1417 2568 quantum
1442 2466 1625 2566 pensionis

390 2581 533 2656 nomine
542 2581 587 2656 ab
595 2581 661 2657 hoo
671 2583 838 2680 praesenti
848 2583 1044 2659 Dominicae
1053 2581 1311 2658 incarnationis
1324 2605 1418 2657 anno
1431 2581 1622 2658 millesimo

391 2695 441 2770 ill.
458 2695 591 2772 inferre
608 2695 759 2772 debeant
776 2697 932 2773 sollicita
951 2696 1150 2795 provisione
1169 2695 1345 2794 disponas,
1370 2695 1623 2794 nequisquam

390 2833 513 2886 eorum
532 2810 627 2885 ultra
649 2835 756 2910 quam
775 2811 908 2887 sufficit
925 2812 1024 2909 exigi
1039 2819 1230 2902 coartetur,
1247 2817 1311 2884 aut
1323 2809 1479 2909 amplius
1492 2809 1623 2908 persol-

393 2933 467 2999 vat.
480 2927 528 3000 Et
540 2924 711 3024 quicquid
724 2925 789 3002 tibi
803 2951 887 3002 cum
902 2925 966 3002 Dei
978 2927 1105 3002 timore
1119 2925 1265 3024 provida
1278 2925 1528 3002 deliberatione
1541 2949 1620 3000 con·

393 3037 538 3129 stiterit,
551 3037 707 3114 eiusdem
724 3039 932 3138 protectoris
945 3039 1056 3117 nostri
1066 3041 1212 3116 dextera
1226 3049 1436 3138 protegente
1444 3041 1621 3138 disponas,

393 3161 434 3227 ut
450 3151 510 3226 oui
528 3152 734 3250 praevideris
750 3153 887 3253 aliquid
905 3155 1149 3245 relaxandum,
1162 3153 1342 3253 pensionis
1363 3153 1621 3250 levigationem

393 3265 567 3357 inveniat,
584 3277 621 3342 et
637 3266 696 3342 cui
710 3267 911 3343 addendum
925 3267 1129 3358 credideris,
1147 3268 1239 3367 qnod
1252 3267 1388 3343 iustum
1402 3276 1457 3347 est
1468 3275 1621 3364 cogatur

394 3380 586 3471 exsolvere,
599 3382 687 3480 quia
705 3382 741 3457 id
759 3383 851 3482 quod
869 3383 1086 3482 pauperibus
1104 3392 1286 3480 erogatur,
1308 3381 1417 3479 longe
1434 3383 1475 3456 fit
1491 3407 1511 3454 a
1531 3405 1621 3456 mer·

392 3495 488 3583 cede,
507 3494 539 3570 si
556 3521 577 3570 a
593 3496 723 3595 quibus
744 3497 899 3574 infertur
924 3523 994 3573 non
1020 3496 1130 3574 fuerit
1154 3497 1248 3573 iuste
1273 3523 1316 3573 ao
1341 3495 1620 3573 misericorditer

394 3607 647 3707 dispensatum.
1202 3615 1208 3622 “

877 3765 883 3772 ’
942 3755 1080 3841 CXXV.

490 3955 665 4032 Iohannes
689 3957 1019 4059 episcopusservus
1043 3980 1229 4034 servorum
1247 3956 1313 4032 Dei
1330 3955 1381 4030 ill.
1406 3954 1544 4032 notario
1560 3978 1621 4030 no

395 4077 477 4144 stro.
495 4072 538 4143 In
561 4069 755 4146 ordinando
776 4072 853 4148 sive
870 4072 1092 4150 discutiendo
1110 4070 1322 4171 patrimonio
1339 4079 1474 4146 sancta
1494 4073 1622 4145 Roma-

394 4211 452 4260 nae
468 4184 527 4260 oni
543 4187 615 4262 Deo
627 4197 772 4263 auctore
789 4187 1012 4264 deservimus
1024 4187 1205 4276 aeoclesiae,
1218 4185 1256 4259 in
1269 4184 1455 4286 provincia
1471 4184 1522 4258 ill.
1539 4209 1622 4261 oon·

398 4297 535 4390 stituto,
549 4298 594 4374 ab
611 4299 677 4376 hcc
695 4301 861 4401 praesenti
879 4325 973 4376 anno
992 4301 1187 4376 Dominicae
1200 4299 1458 4376 incarnationis
1476 4299 1622 4374 millesi-

399 4437 456 4488 mo
480 4423 516 4489 et
540 4413 591 4489 ill.
617 4413 783 4491 iubemus
800 4427 835 4492 te
862 4426 1032 4491 rectorem
1058 4415 1237 4490 accedere.
1262 4419 1311 4490 Te
1337 4413 1506 4490 videlicet
1529 4413 1620 4489 bene

398 4537 542 4628 agente,
555 4537 591 4607 et
607 4529 741 4634 absque
762 4531 966 4608 colonorum
984 4530 1198 4630 gravamine
1214 4539 1460 4622 conversante,
1476 4538 1518 4605 ut
1533 4527 1620 4604 dum
