3642 5294
893 403 932 420 ..
957 371 1001 436 24
1027 403 1067 418 ..

376 501 426 574 Ut
441 520 512 573 non
536 495 710 572 existente
735 493 909 569 Pontifice
933 491 1160 590 Presbyteris
1185 499 1222 566 et
1246 491 1412 567 Diaconis
1438 489 1596 566 redditus

448 610 707 705 persolvantur.
725 609 810 705 Cap.
825 607 916 682 CIII.
1271 631 1279 644 ·

377 724 477 810 Quod
495 721 625 798 Clerici
646 720 941 820 patrimoniorum
968 718 1154 816 pensiones
1179 719 1324 816 exigere
1349 717 1486 794 debent.
1512 717 1595 815 Cap.

376 949 567 1046 Exemplar
607 948 763 1045 epistolae
803 947 845 1020 ad
889 945 1166 1020 commitendum
1209 943 1472 1042 patrimonium.
1513 942 1597 1038 Cap.

448 1063 629 1138 CXXIIII.
648 1062 795 1136 CXXV.

377 1175 567 1273 Exemplar
580 1174 737 1272 epistolae
750 1174 795 1248 ad
808 1197 866 1249 eos
880 1174 941 1272 qui
959 1183 1045 1248 sunt
1058 1173 1096 1246 in
1109 1171 1330 1269 patrimonia.
1340 1170 1424 1267 Cap.
1435 1169 1597 1244 CXXVI.

377 1288 428 1361 De
446 1286 578 1362 libellis
596 1295 775 1361 rectorum
793 1285 1007 1383 patrimonii.
1025 1287 1110 1383 Cap.
1127 1286 1291 1359 LXXVI.

376 1401 429 1474 De
446 1399 728 1474 remuneratione
747 1422 868 1474 eorum
886 1401 949 1496 qui
975 1398 1125 1472 suntin
1149 1396 1314 1494 obsequio
1339 1404 1515 1472 rectorum
1542 1417 1598 1490 pa-

449 1511 708 1586 trimoniorum.
726 1513 811 1610 Cap.
828 1514 1046 1587 LXXXIIII.

377 1629 430 1701 De
446 1624 617 1700 beneficio
635 1633 812 1700 rectorum
831 1623 1047 1720 patrimonii.
1066 1625 1151 1721 Cap.
1168 1625 1332 1698 LXXVI.

378 1739 429 1813 De
447 1737 730 1814 remuneratione
747 1759 870 1811 eorum
887 1738 949 1835 qui
966 1738 1005 1811 in
1029 1737 1207 1834 obsequiis
1232 1735 1402 1812 ecclesiae
1428 1731 1600 1808 attentius

448 1849 595 1926 instant.
612 1851 696 1948 Cap.
721 1853 937 1925 LXXXIIII.

378 1967 431 2038 De
441 1963 646 2061 repetitione
655 1963 883 2061 possessionis
897 1963 1160 2040 ecclesiasticae.
1174 1963 1258 2060 Cap.
1268 1962 1431 2036 LXXXI.
1445 1959 1600 2034 CXLIII.

378 2077 430 2150 De
448 2075 655 2173 repetitione
672 2075 854 2173 pensionis
872 2077 1137 2152 ecclesiasticae.
1156 2079 1242 2175 Cap.
1260 2079 1341 2151 XII.

380 2191 431 2266 De
449 2189 655 2288 repetitione
671 2213 793 2264 eorum
814 2213 893 2287 quae
918 2189 1075 2288 quolibet
1100 2191 1200 2266 modo
1225 2190 1356 2264 tradita
1381 2196 1466 2264 sunt
1490 2185 1602 2264 eccle·

452 2302 523 2377 siae.
541 2303 626 2399 Cap.
644 2302 784 2377 CXLII.

380 2419 431 2492 De
450 2415 555 2491 rebus
572 2440 634 2514 per
652 2415 844 2513 privilegia
862 2416 1032 2514 possessis
1049 2438 1112 2512 per
1129 2418 1238 2489 XXX
1254 2439 1375 2489 annos.
1394 2416 1478 2510 Cap.
1494 2415 1558 2488 XI.

380 2531 433 2605 De
451 2528 715 2627 praescriptione
732 2529 1029 2627 quadragenaria.
1049 2529 1134 2626 Cap.
1153 2530 1352 2602 LXXXIII.
1370 2535 1406 2601 et
1423 2526 1567 2600 XLIIII.

381 2645 433 2718 De
450 2643 656 2718 centenaria
673 2644 938 2742 praescriptione
956 2645 1053 2718 Rom.
1072 2641 1252 2717 Ecclesiae.
1270 2641 1354 2738 Cap.
1373 2641 1547 2715 CXLIIII.
1564 2637 1603 2710 in

453 2756 514 2831 lib.
531 2759 564 2830 1⁰
583 2758 742 2834 CXCIII.

381 2873 434 2947 De
451 2894 491 2946 eo
507 2870 569 2969 qui
585 2871 718 2970 absque
736 2871 869 2949 iudicio
880 2871 1020 2946 invadit
1034 2894 1108 2945 rem
1123 2892 1230 2966 quam
1244 2875 1347 2965 putat
1359 2865 1518 2942 ecclesiae
1530 2888 1604 2938 suae

453 2994 659 3082 competere.
678 2985 762 3082 Cap.
781 2988 862 3060 XII.
880 2989 1008 3060 XLVI.

382 3099 435 3186 De
451 3097 592 3173 olivetis
609 3097 669 3172 vel
685 3097 837 3172 diversis
854 3100 1133 3196 possessionibus
1147 3099 1242 3174 beati
1256 3097 1354 3173 Petri
1367 3106 1403 3172 et
1419 3097 1460 3170 de
1474 3095 1530 3170 his
1543 3095 1605 3193 qui

454 3211 522 3284 sibi
539 3211 678 3288 easdem
696 3223 880 3310 usurpant.
907 3213 992 3311 Cap.
1016 3216 1162 3289 XLVII.
1187 3216 1259 3287 LII.
1284 3214 1374 3287 LIII.
1399 3212 1507 3284 LIIll.
1532 3213 1606 3283 LV.

384 3437 574 3511 Decedam
593 3461 630 3511 re
648 3437 685 3510 in
704 3441 736 3512 1⁰
754 3439 814 3513 lib.
833 3439 983 3514 CXXX.
1002 3439 1209 3514 CCXLVII.

386 3550 474 3623 Item
495 3549 536 3623 de
555 3551 765 3646 patrimonio
782 3553 951 3628 eiusdem.
970 3554 1054 3649 Cap.
1073 3552 1146 3624 LX.
1160 3550 1307 3624 CXXII.
1325 3549 1490 3622 CXXIII.
1503 3547 1606 3622 CLII.

457 3661 577 3736 CLIII.
595 3663 733 3738 CLIIII.

384 3776 437 3848 De
453 3774 663 3872 quibusdam
682 3777 805 3872 regnis
822 3778 916 3854 beati
935 3777 1032 3854 Petri
1050 3786 1223 3852 eteorum
1242 3776 1417 3873 pensione.
1436 3775 1520 3871 Cap.
1539 3773 1607 3848 CL.

458 3886 495 3958 in
513 3886 573 3961 lib.
590 3889 675 3962 IllI⁰
693 3913 769 3987 cap.
786 3893 824 3964 L.

386 4001 438 4073 De
455 4001 758 4082 commendatione
776 4003 1068 4100 patrimoniorum
1086 4005 1183 4077 Rom.
1201 4001 1381 4076 Ecclesia.
1396 4001 1480 4097 Cap.
1498 3999 1537 4074 C.

387 4116 439 4188 De
462 4115 764 4191 commendatione
783 4128 958 4192 rectorum
979 4114 1182 4191 eorumdem
1203 4113 1506 4211 patrimoniorum.
1525 4112 1609 4209 Cap.

459 4229 569 4301 LXII.
588 4227 771 4304 CXXVII.
789 4231 989 4306 CXXVIII.

388 4340 488 4427 Quod
505 4339 612 4415 etiam
631 4343 694 4415 uni
713 4365 869 4440 personae
887 4360 1009 4417 eorum
1027 4341 1228 4416 committat
1245 4341 1362 4415 vicem
1383 4365 1485 4416 suam
1511 4341 1609 4413 Rom.

460 4453 624 4529 Pontifex
639 4455 677 4528 in
694 4455 885 4553 provincia.
900 4457 984 4554 Cap.
1003 4455 1131 4532 CLXII
1149 4455 1187 4529 in
1205 4457 1238 4530 Ιο
1256 4455 1316 4530 lib.
