3618 5316
715 392 913 460 -285-

200 516 468 594 transmisimus
490 514 707 594 fraternitati
733 522 863 589 vestrae
887 513 1055 602 Crucem,
1078 513 1117 586 in
1134 512 1260 610 quade
1286 510 1423 587 catenis

200 641 402 706 amatorum
426 641 627 708 vestrorum
649 637 855 704 sanctorum
873 627 971 704 Petri
996 635 1031 704 et
1049 626 1154 702 Pauli
1172 626 1421 726 Apostolorum

201 742 336 820 inserta
352 745 549 823 benedictio
565 753 631 832 est,
647 742 732 841 quia
757 742 872 816 multa
888 765 951 840 per
968 741 1116 818 eandem
1131 739 1416 817 benedictionem

202 856 379 935 miracula
397 859 473 935 fieri
491 863 765 935 consueverunt.

754 1005 861 1090 loll.

296 1205 462 1280 Gelasius
480 1204 679 1296 cresconio,
691 1203 839 1278 Iohanni
856 1211 893 1278 at
910 1201 1043 1278 Mesala
1056 1200 1238 1300 episcopis.
1255 1202 1422 1275 Decesso-

200 1343 280 1392 rum
295 1329 431 1396 statuta
448 1319 544 1394 siout
556 1319 721 1415 legitima
734 1328 770 1393 et
786 1317 882 1390 iusta
894 1337 1136 1390 successorem
1149 1313 1328 1390 custodire
1340 1335 1421 1388 oon-

202 1431 313 1521 venit,
332 1432 383 1507 ita
399 1433 502 1510 debet
518 1432 627 1508 etiam
645 1430 836 1506 malefacta
853 1428 1042 1524 corrigere.

736 1595 859 1680 honr.

295 1768 460 1844 Gelasius
477 1769 627 1844 Iohanni
640 1767 802 1868 episcopo
816 1767 957 1840 Sorano.
972 1765 1121 1840 Certum
1134 1761 1346 1862 estquidam
1359 1785 1419 1836 no·

199 1882 283 1956 stris
309 1883 604 1981 praeoeptionibus
622 1881 869 1967 constitutum,
887 1903 932 1952 ne
950 1877 1030 1976 quis
1054 1878 1093 1951 in
1111 1876 1284 1966 aecclesia,
1300 1884 1365 1950 aut
1381 1875 1419 1948 in

199 1996 361 2086 oratorio,
388 1997 480 2093 quod
506 1995 599 2070 sedis
625 2005 754 2070 nostra
777 2015 849 2067 non
873 1991 1009 2087 legitur
1025 1990 1257 2087 permissione
1282 1989 1421 2064 dedica·

197 2118 287 2198 tum,
312 2109 571 2206 processionem
597 2108 778 2207 publicam
796 2115 940 2205 putaret
964 2104 1134 2203 impendi,
1152 2128 1197 2180 ne
1222 2103 1419 2179 conditores

198 2221 346 2297 furtivis
359 2223 644 2324 surreptionibus
657 2232 781 2298 contra
794 2220 958 2317 regulam
972 2228 1108 2294 statuta
1120 2217 1333 2316 prosilirent.
1350 2216 1419 2291 Sed
1433 2239 1437 2246 ·

198 2335 281 2432 quia
294 2336 332 2409 in
342 2338 472 2432 Egetia
486 2335 691 2435 spectabilis
704 2335 847 2424 femina,
861 2333 1016 2432 petitorii
1034 2332 1133 2407 nobis
1146 2331 1321 2407 oblatione
1334 2353 1419 2426 sug·

196 2448 323 2544 gessit,
339 2449 378 2522 in
392 2449 670 2547 possessionibus
687 2447 839 2546 propriis
852 2471 998 2522 suorum
1016 2446 1229 2545 corpuscula
1246 2444 1419 2520 condidis-

198 2584 247 2650 se,
272 2561 382 2637 sratcr
407 2562 599 2637 karissime
624 2561 835 2636 umanitatis
857 2561 1005 2651 intuitu,
1030 2560 1123 2659 quod
1139 2560 1256 2659 priora
1282 2566 1419 2633 statuta

196 2695 266 2746 non
284 2674 453 2763 maculet,
470 2674 659 2749 funeribus
675 2683 712 2749 et
728 2673 903 2771 sepulcris
927 2683 1082 2762 tantum,
1100 2675 1137 2747 in
1155 2669 1419 2770 comprehensis

199 2784 363 2882 petitorio
379 2785 468 2862 locis
486 2785 647 2861 misteria
664 2785 808 2862 noveris
820 2810 883 2884 pro
900 2787 1137 2863 sollemnitate
1150 2783 1360 2885 praestanda,
1377 2793 1420 2859 ut

196 2897 448 2974 defunctorum
465 2899 609 2975 nomine
624 2899 819 2974 sollumodo
837 2899 959 2973 divina
972 2899 1200 2975 celebrentur
1212 2896 1340 2986 officia,
1355 2922 1418 2996 pu-

195 3009 289 3086 blica
297 3011 583 3110 frequentatione
592 3021 629 3087 et
638 3013 860 3110 processione
869 3014 1138 3088 cessanteData
1146 3009 1264 3087 ibibus
1272 3008 1418 3107 Aprilis.

732 3235 874 3322 Xdllll.

291 3459 457 3535 Gelasius
475 3460 662 3536 Senecioni
679 3460 850 3558 episcopo.
864 3460 925 3535 Pie
944 3459 1075 3535 mentis
1093 3459 1342 3557 amplectenda
1359 3459 1417 3535 de

195 3571 290 3646 votio
302 3581 356 3647 est
368 3572 667 3671 quaseI-uliusrh
677 3572 749 3673 (vir
760 3573 1030 3672 titlestristlin
1040 3565 1323 3647 Reumanaiuris
1339 3572 1416 3647 suis

194 3683 363 3761 fundasse
386 3685 590 3784 perhibetur
606 3683 806 3775 ecclesiam,
824 3710 930 3784 quam
949 3687 988 3760 in
1008 3683 1177 3762 honorem
1202 3686 1318 3762 sancti
1339 3685 1417 3761 Viti

195 3797 405 3873 confessoris
417 3823 500 3875 cum
514 3799 730 3898 praenonime
740 3799 970 3876 consecraris.
984 3803 1087 3875 Hanc
1099 3799 1216 3896 igitur
1228 3801 1339 3876 frater
1355 3799 1419 3875 ka·

195 3909 335 3986 rissime
346 3911 376 3985 si
386 3913 431 3986 ad
440 3923 539 3986 tuam
554 3911 720 3988 diocesim
734 3911 991 4009 pcrtinercnon
1000 3913 1167 4010 ambigis,
1176 3939 1221 3990 ax
1233 3937 1328 3990 more
1338 3937 1419 3989 con-

196 4023 297 4097 venit
307 4023 471 4099 dedicari.
482 4023 618 4099 Collata
632 4023 997 4124 primitusdonatione
1010 4025 1185 4117 sollemni,
1198 4051 1305 4125 quam
1316 4026 1419 4100 mini·

194 4137 280 4211 stris
293 4136 454 4214 ecelesiae
466 4137 663 4213 destinasse
679 4139 820 4238 praeiati
837 4139 1009 4230 muneris,
1024 4147 1172 4214 testator
1188 4139 1333 4232 oblator,
1350 4139 1418 4215 soi·

193 4259 298 4325 turus
314 4251 391 4327 sine
405 4251 510 4328 dubio
523 4261 651 4350 praeter
664 4253 900 4350 processionis
912 4253 1050 4328 aditum
1064 4253 1127 4352 qui
1140 4253 1236 4328 omni
1253 4255 1418 4330 christia·

191 4365 398 4553 ilprapepetur
410 4366 524 4446 nichil
538 4365 665 4452 ibidem
680 4393 718 4443 se
732 4367 885 4467 propriis
898 4367 988 4444 iuris
1000 4365 1220 4443 habiturum.
1235 4369 1315 4444 Dat.
1327 4369 1417 4442 XIII

264 4533 273 4554 .
323 4501 386 4574 ug.
