3618 5316
714 396 912 460 -303-

198 524 336 617 queunt
353 517 492 593 victum
509 540 676 616 quaerere.
690 516 866 592 Similiter
882 526 919 593 et
935 517 1100 594 debilitas
1116 519 1284 617 corporis,
1301 528 1338 595 et
1354 519 1422 596 hoc

197 631 356 706 iuvando
380 630 590 730 promptius.
607 633 699 706 Tum
725 631 755 706 si
783 631 865 730 quis
890 657 934 707 ex
961 632 1073 708 divite
1098 632 1324 709 cecideritin
1341 657 1423 730 ege·

126 739 128 744 ’
198 753 339 836 statem,
368 753 405 819 et
438 743 592 820 maxime
621 741 699 820 sine
728 744 917 836 vitiosae,
946 747 1008 822 sed
1033 755 1098 822 aut
1122 745 1330 837 latrociniis,
1353 755 1423 822 aut

198 857 463 956 proscriptione,
480 865 544 932 aut
569 856 762 932 calumniis
788 883 867 958 quae
895 859 1048 938 habehat
1072 860 1243 936 amiserit.
1260 861 1358 935 Idem
1384 860 1423 934 in

196 971 327 1048 eodem.
349 969 547 1047 Pulchrum
573 993 712 1069 quoque
729 980 793 1060 est,
817 973 1036 1073 propensiori
1063 973 1141 1049 eius
1167 971 1290 1048 haberi
1316 973 1423 1048 ratio·

197 1111 292 1176 nem,
309 1085 373 1186 qui
398 1085 466 1161 tibi
489 1093 554 1160 aut
568 1083 782 1161 beneficium
802 1085 944 1185 aliquod
961 1095 1027 1161 aut
1051 1111 1184 1160 munus
1209 1084 1373 1174 contulit,
1392 1085 1422 1160 si

198 1199 273 1298 ipse
290 1197 540 1276 necessitatem
558 1197 695 1274 incidit.
710 1199 804 1286 Quid
821 1199 916 1275 enirn
931 1209 1003 1274 tam
1018 1200 1110 1276 eitra
1127 1199 1296 1290 officium,
1314 1224 1421 1299 quam

197 1337 269 1389 non
287 1313 431 1390 reddere
449 1313 542 1411 quod
558 1314 765 1414 acceperis?
788 1319 865 1392 Nec
883 1341 1050 1392 mensura
1067 1315 1172 1416 parit,
1189 1313 1250 1391 sed
1267 1313 1422 1390 uberiori

204 1427 422 1504 reddendum
439 1426 593 1502 arbitror
609 1436 645 1503 et
661 1453 769 1503 usum
787 1453 936 1528 pensare
957 1427 1150 1521 beneficiis,
1168 1438 1209 1505 ut
1233 1437 1270 1504 et
1285 1438 1327 1504 tu
1343 1429 1425 1505 sub

201 1541 327 1618 venies
344 1550 478 1641 quanto
495 1540 573 1618 eius
590 1566 779 1618 erumnam
805 1542 966 1642 repellas.
984 1544 1126 1620 Etenim
1154 1543 1337 1642 superiore
1352 1567 1423 1618 non

200 1679 278 1730 esse
296 1653 333 1728 in
351 1654 534 1730 referendo
551 1679 660 1753 quam
684 1655 723 1730 in
753 1655 928 1732 efferendo
953 1656 1133 1748 beneficio,
1149 1656 1218 1732 hoc
1243 1667 1298 1733 est
1314 1656 1425 1732 mino·

203 1792 278 1844 rem
304 1793 390 1844 esse.
408 1767 583 1856 Quoniam
609 1768 672 1867 qui
696 1769 792 1868 prior
818 1771 981 1862 contulit,
999 1781 1155 1870 tempore
1180 1771 1342 1870 superior
1360 1779 1425 1861 est,

202 1881 427 1957 humanitate
443 1881 548 1983 prior.
566 1883 663 1960 Idem
682 1882 721 1957 in
738 1884 869 1959 eodem.
887 1885 956 1972 Qui
974 1885 1069 1962 enirn
1087 1909 1158 1961 non
1176 1885 1318 1984 repellit
1334 1911 1356 1960 a
1373 1908 1426 1960 so·

202 1994 258 2070 cio
274 1994 444 2069 iniuriam
463 1994 493 2068 si
512 2003 636 2092 potest,
653 2004 775 2071 tamen
788 1996 827 2072 in
839 1999 940 2092 vitio,
958 2025 1065 2100 quam
1084 2001 1145 2077 ille
1163 2001 1226 2100 qni
1243 2001 1340 2076 facit.
1353 2003 1427 2076 Un-

200 2109 242 2184 de
267 2119 416 2186 sanctus
432 2112 577 2208 Moyses
601 2107 688 2185 hinc
705 2109 806 2208 prius
822 2136 924 2190 orsus
942 2124 998 2190 est
1013 2123 1271 2213 temptamenta
1287 2112 1426 2190 bellicae

202 2223 433 2299 fortitudinis,
445 2227 542 2300 Num
561 2248 645 2300 curn
664 2224 814 2300 vidisset
829 2225 1009 2302 Hebreum
1024 2227 1069 2301 ab
1078 2227 1238 2326 Egyptio
1255 2225 1426 2300 iniuriam

198 2337 447 2438 accipientem,
465 2337 633 2430 defendit,
649 2337 700 2414 ita
714 2347 756 2414 ut
772 2340 974 2440 Egyptium
988 2349 1165 2417 sterneret
1181 2349 1218 2414 et
1234 2336 1424 2414 absconde-

200 2460 255 2526 ret
284 2452 509 2528 in-arenam.
527 2450 691 2527 Salomon
724 2475 862 2551 quoque
887 2454 948 2528 ait.
965 2454 1072 2553 Eripe
1097 2479 1179 2530 eum
1210 2451 1351 2552 quidem
1382 2450 1427 2526 ad
1466 2550 1468 2554 .

200 2575 359 2642 mortem.
376 2566 473 2642 Idem
498 2565 537 2640 in
555 2569 589 2640 II
606 2567 813 2644 officiorum.
831 2568 965 2645 Pulcra
990 2569 1187 2645 liberalitas
1213 2592 1302 2665 erga
1328 2567 1423 2666 ipsos

203 2704 343 2779 quoque
360 2704 533 2778 pauperes
552 2705 755 2756 mensuram
774 2693 907 2773 tenere,
924 2691 966 2758 ut
986 2683 1146 2759 abundes
1162 2681 1337 2782 pluribus,
1355 2705 1426 2756 non

205 2793 421 2870 conciliandi
447 2791 580 2868 favoris
605 2793 725 2890 gratia
751 2795 847 2870 ultra
872 2799 1016 2874 modum
1041 2798 1164 2874 fluere.
1182 2795 1361 2895 Quicquid
1384 2820 1429 2871 ex

202 2908 334 2984 affectu
350 2907 408 3006 pio
424 2933 468 2982 ac
485 2907 624 2984 sincero
643 2909 830 3008 promitur,
847 2910 914 2986 hoc
931 2912 1097 2988 decorum
1122 2919 1185 2987 est.
1201 2914 1283 2987 Non
1308 2933 1428 3008 super·

201 3021 294 3096 duas
311 3021 555 3097 edificationes
567 3022 731 3119 aggredi,
740 3023 802 3099 scd
815 3047 885 3099 non
903 3025 1177 3123 praetermittere
1194 3021 1426 3100 necessarias

203 3135 249 3210 Et
267 3135 420 3210 maxime
444 3134 617 3211 sacerdoti
643 3135 710 3212 hoc
735 3138 915 3228 convenit,
932 3161 1058 3214 ornare
1076 3140 1149 3213 Deo
1173 3136 1347 3236 templum
1371 3135 1428 3210 de·

202 3272 282 3323 coro
312 3258 541 3344 congruant
570 3249 680 3324 etiam
709 3248 776 3325 hoc
802 3250 905 3325 cultu
923 3249 1007 3325 aula
1025 3250 1090 3326 Dei
1108 3249 1341 3352 resplendeat.
1358 3250 1428 3322 Im·

203 3388 330 3461 pensas
348 3361 600 3439 misericordia
616 3363 872 3439 convenientes
885 3363 1123 3462 frequentare.
1132 3367 1317 3450 Quantum
1330 3383 1427 3460 opor-

202 3487 276 3553 teat
305 3476 434 3573 largiri
460 3476 672 3576 peregrinis,
689 3499 760 3553 non
787 3476 971 3576 superflua
1000 3476 1060 3552 sed
1091 3475 1338 3574 competentia,
1354 3498 1426 3550 non

203 3591 450 3681 redundantia,
467 3589 529 3666 sed
559 3614 721 3687 congrua
749 3591 983 3680 humanitati,
1000 3615 1046 3666 ne
1064 3599 1211 3687 sumptu
1228 3613 1425 3688 pauperum

202 3703 357 3780 alienam
376 3703 444 3778 sibi
463 3713 590 3802 querat
615 3705 783 3800 gratiam.
801 3707 857 3780 Ne
883 3703 1144 3779 restrictionem
1162 3727 1250 3799 erga
1267 3703 1427 3792 clericos,

202 3829 265 3892 aut
289 3817 593 3914 indulgentiorem
619 3843 657 3893 se
682 3818 847 3916 praebeat.
868 3816 1033 3892 Alterum
1059 3815 1155 3891 enim
1175 3814 1428 3902 inhumanum,

202 3930 358 4006 alterum
382 3929 581 4032 prodigum.
600 3929 639 4004 Si
668 3940 733 4005 aut
750 3941 916 4030 sumptus
941 3930 1033 4006 desit
1057 3929 1274 4034 necessitati,
1291 3952 1379 4028 quos
1406 3953 1429 4002 a

202 4043 352 4120 sordidis
369 4043 623 4142 negotiationis
640 4043 807 4142 aucupiis
824 4044 1005 4120 retrahere
1022 4043 1161 4134 debeas,
1169 4052 1234 4118 aut
1251 4041 1428 4142 uoluptati

201 4157 407 4258 superfluat.
419 4157 515 4248 Quin
529 4159 638 4235 etiam
656 4158 845 4234 verborum
859 4157 1015 4257 ipsorum
1030 4169 1066 4234 et
1082 4165 1338 4256 preceptorum
1351 4181 1429 4232 esse

204 4297 408 4348 mensuram
426 4273 666 4362 convenitne
691 4283 756 4348 aut
780 4271 893 4347 nimia
910 4271 1071 4348 remissio
1089 4271 1267 4362 videatur,
1285 4280 1349 4345 aut
1374 4269 1427 4344 ni·

203 4385 274 4460 mia
291 4385 475 4462 severitas.
493 4385 658 4485 Plerique
675 4386 773 4462 enim
797 4384 1016 4462 remissiores
1041 4383 1183 4460 malunt
1207 4407 1284 4460 esse
1309 4391 1351 4458 ut
1375 4382 1429 4457 vi-

208 4500 361 4575 deantur
386 4498 479 4576 boni.
496 4499 566 4576 Sed
590 4499 702 4576 nichil
733 4499 942 4576 simulatum
973 4507 1010 4574 et
1038 4499 1160 4576 fictum
1179 4519 1265 4574 vere
1281 4495 1431 4572 virtutis
