3654 5302
879 391 1115 454 ·-4ao-

407 507 573 585 Romanae
585 510 880 585 cuiDeoauctore
894 510 1123 610 praesidemus
1136 511 1306 588 aeclesia
1319 535 1382 586 vos
1395 512 1488 588 relle
1502 514 1628 589 venire

407 624 672 720 significabant.
688 627 776 712 Quae
792 624 831 698 in
848 625 1124 720 ambiguitatem
1142 627 1236 723 apud
1253 650 1317 702 nos
1332 627 1376 702 ob
1392 626 1458 702 hoo
1478 627 1628 704 davene·

407 747 501 811 runt.
520 739 639 810 Primo
656 738 798 835 quidem
817 736 900 834 quia
918 763 1041 811 earum
1058 737 1192 812 delator
1209 739 1358 816 idoneus
1375 750 1505 815 vestrae
1522 741 1629 814 hono·

407 849 591 924 rificantiae
608 874 679 924 non
696 849 892 925 habebatur
909 872 1056 947 persona
1074 850 1242 927 videlicet
1261 853 1448 928 vilissima.
1463 854 1628 929 &cundo

406 963 490 1059 quia
506 987 622 1060 neque
638 962 781 1061 aliquod
798 963 897 1036 missi
916 962 1024 1058 dirigi
1040 963 1172 1038 muniti
1185 964 1409 1051 deberentur,
1422 991 1490 1041 nec
1503 967 1541 1039 in
1554 965 1628 1062 epi·

408 1059 497 1148 stola
514 1075 775 1166 continebatur,
787 1100 855 1150 nec
868 1076 942 1174 ipse
955 1075 1063 1150 verbo
1075 1087 1182 1151 tenus
1194 1077 1311 1153 dicere
1326 1079 1495 1176 sapiebat.
1507 1080 1627 1154 Tertio

405 1187 489 1285 quia
506 1198 582 1262 tam
601 1188 709 1264 celeri
727 1199 883 1287 tempore
901 1215 967 1265 nec
985 1189 1085 1263 missi
1100 1213 1288 1268 occurrere
1303 1201 1477 1289 poterent,
1489 1217 1557 1266 nec
1569 1216 1629 1289 pa·

405 1301 477 1374 rari
494 1301 539 1374 ad
556 1302 862 1398 proficiscendum.
879 1305 1013 1389 Quarto
1031 1303 1116 1401 quie
1133 1304 1193 1402 qui
1212 1329 1270 1379 eos
1287 1307 1485 1403 susciperet
1501 1307 1546 1380 ad
1569 1306 1629 1380 de·

404 1413 606 1488 ducendum
625 1437 720 1489 more
737 1415 849 1503 solito,
866 1415 1062 1492 secundum
1082 1417 1175 1492 beati
1194 1417 1290 1492 Petri
1317 1429 1545 1517 vestramque
1569 1421 1628 1494 de·

405 1526 561 1601 centiam
578 1527 707 1602 deerat.
725 1529 901 1604 Novimus
918 1529 1038 1626 itaque
1056 1541 1214 1629 vestram
1228 1529 1381 1624 gloriam
1394 1530 1439 1606 ad
1451 1530 1559 1605 huius
1571 1555 1627 1606 eo-

404 1639 521 1714 olesiae
538 1639 735 1715 decentiam
755 1651 790 1716 et
807 1640 1056 1716 exaltationem
1076 1667 1299 1741 summopere
1317 1643 1496 1734 anhelare,
1520 1657 1626 1743 prout

404 1751 489 1826 talis
507 1751 604 1826 lilius
621 1761 731 1827 tantae
755 1753 880 1827 matris
905 1753 1183 1842 honorificentia,
1208 1781 1230 1828 a
1255 1781 1325 1854 qua
1350 1758 1461 1832 totius
1485 1758 1625 1856 imperii

369 1943 373 1950 ,
403 1864 567 1939 diadema
579 1867 744 1962 suscepit.
757 1869 882 1964 Itaque
895 1891 977 1942 cum
993 1867 1197 1964 praeliahata
1211 1871 1281 1943 IIII
1295 1870 1413 1970 capita
1426 1883 1551 1947 neutra
1568 1873 1627 1946 de·

403 1977 531 2052 cantiae
548 2000 709 2073 congrua
725 1979 954 2067 haberentur,
967 1980 1189 2076 ambiguitas
1202 2007 1248 2055 an
1262 1994 1392 2059 restrae
1405 1995 1523 2060 essent
1534 1984 1628 2058 litte·

375 2109 379 2116 “
404 2117 453 2166 rae
465 2091 623 2166 inolevit.
637 2100 805 2167 Attamen
819 2092 849 2166 si
863 2103 992 2166 vestrae
1005 2094 1147 2192 expedit
1160 2094 1331 2171 decentiae
1344 2107 1451 2194 atque
1464 2096 1625 2184 utilitati,

405 2202 536 2278 mittite
553 2203 614 2300 qui
632 2227 778 2278 causam
796 2204 966 2292 indicent,
990 2216 1026 2280 et
1051 2209 1190 2284 eosdem
1217 2210 1355 2305 legatos
1379 2210 1566 2298 deducant,
1590 2219 1626 2284 et

403 2339 467 2390 nos
484 2339 643 2412 congruo
660 2326 815 2414 tempore
833 2316 991 2414 proprios
1008 2344 1046 2394 se
1064 2321 1107 2394 ad
1125 2331 1286 2395 vestrum
1312 2321 1519 2418 obsequium
1544 2345 1625 2417 gra·

403 2439 522 2504 tenter
540 2430 733 2505 mittemus.
751 2431 844 2518 Quia
862 2442 898 2505 et
915 2434 1133 2507 consuetudo
1150 2434 1307 2508 eiusdem
1332 2433 1484 2508 habetur
1508 2443 1545 2508 et
1568 2434 1624 2507 de-

403 2565 583 2616 cessorum
606 2554 806 2616 vestrorum
832 2542 916 2616 talis
941 2543 1071 2634 extitit,
1088 2557 1124 2619 et
1141 2556 1269 2619 vestrae
1294 2545 1465 2622 decentis
1491 2545 1520 2619 si
1546 2569 1625 2620 con-

403 2679 536 2751 gruum
555 2656 698 2730 videtur
714 2664 750 2730 et
766 2656 925 2730 creditur
938 2655 1005 2752 ipsi
1019 2658 1223 2755 perpendite
1236 2659 1341 2734 cuius
1355 2658 1403 2732 sit
1415 2659 1626 2732 indecentia

402 2769 433 2842 si
450 2771 646 2843 secundum
664 2769 816 2844 dedecus
833 2770 1102 2845 matris'vestrae
1115 2771 1193 2844 eius
1206 2771 1319 2867 legati
1333 2771 1567 2845 destinantur.
1581 2775 1627 2844 Et

403 2883 434 2956 si
452 2879 551 2957 vobis
568 2883 762 2959 necessitas
779 2883 947 2981 qualibet
964 2883 1153 2972 incumbit,
1170 2907 1240 2981 qua
1257 2884 1470 2958 auctoritate
1488 2884 1625 2980 prodes·

403 3019 441 3067 se
458 2995 604 3091 possint,
623 3007 701 3070 uta
726 2997 915 3072 contrariis
939 2996 1156 3071 honorentur
1181 3005 1217 3070 et
1241 2995 1434 3070 audiuntur
1460 2995 1490 3070 si
1519 2995 1622 3091 vulgi

403 3129 500 3182 more
517 3109 749 3204 gradiuntur.

697 3409 745 3459 Ex
764 3409 895 3474 regesto
914 3409 975 3460 VH
995 3407 1144 3472 Gregorii
1162 3407 1218 3460 lib.
1238 3408 1325 3459 vm.

500 3559 698 3654 Gregorius
711 3560 905 3659 Episcopus
919 3585 1045 3635 servus
1057 3583 1242 3634 serrorum
1257 3560 1319 3635 Dei
1334 3560 1463 3636 dilecto
1475 3561 1513 3634 in
1524 3560 1627 3636 Chri-

404 3679 458 3743 sto
476 3669 578 3743 sratri
599 3673 818 3747 Herimanno
835 3674 987 3748 Metensi
1004 3673 1164 3770 episcopo
1182 3673 1276 3748 inter
1293 3683 1421 3750 cetera.
1440 3676 1540 3762 Quod
1564 3701 1627 3748 au·

403 3794 476 3858 tem
493 3785 681 3882 postulasti
699 3795 732 3860 te
750 3787 850 3884 quasi
869 3785 1012 3884 scriptis
1039 3786 1169 3859 nostris
1194 3785 1325 3876 iuvari,
1350 3811 1393 3862 ac
1418 3787 1626 3885 praemuniri

404 3905 526 3988 contra
537 3895 679 3970 illorum
693 3897 869 3971 insaniam
884 3897 945 3995 qui
959 3897 1111 3972 nefando
1124 3921 1182 3972 ore
1195 3897 1421 3992 garriuntur,
1431 3923 1495 3973 nos
1507 3907 1626 3972 aucto

405 4007 510 4083 ritate
526 4019 660 4084 sanctae
678 4010 779 4084 Sedis
797 4010 1009 4106 Apostolioae
1021 4032 1092 4082 non
1106 4011 1261 4106 potuisse
1277 4033 1399 4106 regem
1413 4011 1627 4086 Heinricum

403 4117 582 4194 hominem
596 4119 811 4196 Christiana
825 4121 1010 4218 religionis
1023 4130 1312 4218 contemptorem,
1321 4121 1564 4197 aeclesiarum
1574 4125 1629 4195 ri·

403 4231 533 4307 delicet
549 4241 585 4306 et
602 4233 743 4330 imperii
761 4233 1028 4323 destructorem,
1045 4245 1152 4332 atque
1178 4235 1417 4312 hereticorum
1443 4247 1629 4310 consenta-

404 4369 512 4418 neum
526 4346 847 4434 excommunicare,
860 4370 926 4421 nec
939 4371 1154 4446 quemquam
1168 4373 1189 4422 a
1203 4363 1426 4423 sacramento
1443 4347 1627 4423 fidelitatis

404 4457 757 4539 eiusabsolve1·e.Et
782 4468 859 4556 post
885 4484 1007 4556 pauca.
1033 4463 1083 4534 Ut
1107 4458 1150 4534 dc
1176 4460 1301 4534 multis
1326 4485 1439 4557 pauca
1464 4459 1629 4534 dicamus
