3638 5294
701 385 932 450 .-481-

216 503 317 600 legas
342 505 467 581 saeculi
494 514 721 580 summovent
747 516 782 581 et
806 529 871 582 nos
895 531 1173 599 summovemus,
1198 508 1441 608 suprascripta

216 619 318 693 nulla
342 621 524 696 accusatio
551 621 778 718 suscipiatur.
808 625 877 695 Eos
905 621 1225 704 anathematizatos
1250 647 1326 698 esse
1352 644 1440 720 quos

214 733 377 834 Episcopi
403 734 460 808 sui
486 735 630 832 scriptis
658 735 1066 823 anathematizaverunt,
1083 745 1147 810 aut
1164 759 1286 810 eorum
1304 744 1440 810 statuta

214 847 528 924 anathematizant.
555 850 694 925 Absens
724 875 789 924 uec
817 850 1016 924 accusatori
1038 875 1104 925 nee
1129 849 1291 925 accusari
1317 857 1440 946 potest.

216 965 417 1036 Accusatus
434 961 633 1038 accusatori
648 986 718 1036 non
735 962 944 1059 respondeat
964 963 1171 1061 priusquam
1192 988 1214 1036 a
1234 985 1299 1042 suo
1319 961 1439 1037 iudice

216 1073 431 1170 regulariter
447 1085 606 1165 vocetur,
623 1075 812 1172 locumque
832 1075 1041 1152 defendendi
1066 1077 1220 1176 accipiat
1232 1075 1277 1150 ad
1293 1075 1438 1151 abluen-

215 1188 258 1262 da
276 1189 437 1264 crimina.
455 1189 565 1264 Felix.
578 1194 679 1264 Intra
695 1191 765 1264 IIII
782 1187 841 1272 vel
860 1189 891 1259 V
909 1196 974 1262 aut
990 1190 1060 1262 VII
1083 1213 1223 1262 menses
1244 1188 1345 1261 iuxta
1365 1211 1439 1286 pos·

214 1302 421 1388 sibilitatem
443 1312 637 1380 accusatus
663 1303 773 1378 fuerit
797 1302 928 1376 dentur
951 1301 1099 1385 indutie.
1125 1302 1162 1374 Si
1188 1310 1438 1377 accusatorum

216 1438 363 1514 persone
379 1415 417 1488 iu
435 1415 567 1492 iudicio
584 1417 826 1515 episcoporum
844 1413 1040 1512 culpabiles
1056 1415 1360 1512 apparuerint,'ad
1384 1440 1441 1488 ar·

214 1527 397 1623 guendum
415 1551 486 1603 non
503 1529 751 1618 admittantur,
767 1527 838 1602 nisi
855 1527 1013 1624 proprias
1030 1551 1158 1602 causas
1182 1551 1342 1603 asserere
1367 1549 1439 1602 nou

212 1651 334 1716 tamen
352 1641 558 1717 criminales
574 1642 633 1716 vel
650 1641 912 1718 ecclesiasticas
926 1640 1113 1716 volueriut.
1126 1640 1276 1716 lufamis
1290 1663 1438 1738 persona

213 1779 280 1830 nec
298 1767 514 1852 procurator,
533 1756 636 1832 debet
653 1781 729 1832 esse
743 1756 802 1832 vel
815 1757 988 1851 cognitor.
1002 1754 1250 1829 Eutichianus.
1265 1755 1437 1853 Quisquis

213 1866 274 1940 ille
292 1879 346 1941 est
363 1869 425 1966 qui
446 1869 582 1944 crimen
600 1869 767 1957 intendis,
784 1868 823 1941 in
840 1868 1014 1943 iudicium
1028 1867 1160 1956 veniat,
1174 1892 1302 1944 nomen
1320 1869 1371 1943 rei
1386 1869 1440 1941 in·

216 1981 515 2070 dicet,vinculum
532 1982 775 2080 inscriptionis
788 1981 1115 2080 arripiat,custodie
1129 1981 1364 2057 similitudine
1377 1982 1443 2056 ha·

214 2093 287 2168 bita
303 2103 423 2170 tamen
438 2096 629 2193 dignitatis
642 2096 867 2172 estimatione
884 2095 1050 2192 patiatur.
1070 2099 1146 2172 Nec
1163 2096 1237 2172 fore
1250 2095 1318 2170 sibi
1331 2095 1443 2172 licen·

214 2210 264 2283 tia
278 2210 419 2285 noverit
433 2211 640 2300 mentiendi,
657 2237 738 2287 cum
754 2209 1040 2307 calumpniantes
1052 2208 1096 2283 ad
1108 2208 1305 2284 vindictam
1320 2218 1441 2306 poscat

213 2321 409 2399 similitudo
431 2324 608 2422 supplicii.
625 2325 781 2400 Infames
794 2333 891 2408 sunt,
904 2321 965 2419 qui
984 2321 1028 2396 ad
1046 2343 1170 2416 magos
1183 2320 1440 2420 sortilegosque

216 2438 454 2513 cucurrerint.
470 2437 575 2512 Nulli
593 2438 718 2512 infami
739 2446 804 2511 aut
827 2436 1004 2532 sacrilego
1028 2436 1135 2511 liceat
1159 2435 1341 2510 adversus
1358 2437 1439 2511 reli·

214 2549 356 2645 giosum
375 2550 622 2626 Christianum
639 2549 881 2627 testimonium
900 2550 1028 2637 dicere,
1045 2549 1104 2624 vel
1121 2549 1280 2647 qualibet
1296 2549 1438 2625 actione

212 2661 392 2760 impetere,
409 2662 467 2738 vel
486 2663 727 2762 inscriptione.
746 2663 868 2737 Gaius.
885 2661 1082 2760 Expoliatis
1098 2661 1217 2736 omnia
1234 2671 1321 2736 sunt
1345 2661 1437 2759 legi·

211 2774 278 2848 bus
296 2776 585 2872 redintegranda,
602 2802 680 2874 quae
697 2777 748 2852 eis
761 2776 879 2850 ablata
897 2785 991 2850 snut.
1009 2775 1180 2873 Alioquin
1206 2774 1348 2848 nullum
1367 2775 1438 2850 cri-

214 2913 296 2963 men
313 2890 365 2963 eis
382 2889 473 2973 obici
491 2900 614 2988 potest.
631 2895 678 2966 nt
699 2889 838 2964 indutie
855 2887 929 2961 illis
954 2897 1031 2985 post
1055 2887 1234 2983 integram
1262 2896 1440 2961 restaura-

214 3001 344 3077 tionem
362 3003 619 3079 anuiversariae
635 3013 713 3102 post
725 3007 777 3078 VI
793 3027 931 3078 menses
944 3028 1028 3078 cum
1040 3001 1271 3097 indulgendae
1284 3010 1381 3092 sunt,
1394 3011 1436 3076 ut

214 3139 278 3188 sua
291 3117 410 3190 omnia
427 3117 559 3214 absque
576 3117 828 3215 impedimento
844 3115 989 3190 distant.
1002 3114 1245 3190 Marcellinus.
1257 3117 1339 3189 Non
1352 3113 1440 3190 licet

215 3227 431 3324 imperatori,
448 3229 507 3304 vel
525 3229 693 3327 cuiquam
714 3231 884 3329 pietatem
909 3227 1135 3317 custodienti,
1160 3227 1297 3326 aliquid
1314 3237 1439 3302 contra

214 3340 417 3416 divinitatis
433 3343 601 3416 mandata
614 3367 837 3440 praesumere.
850 3345 976 3429 Quaere
993 3366 1100 3440 supra
1118 3340 1156 3414 in
1173 3339 1240 3414 hoc
1257 3340 1378 3414 eodem
1397 3338 1439 3411 li·

215 3451 277 3527 bro
294 3478 369 3551 cap.
386 3457 505 3532 XXX.
523 3455 727 3530 Marcellus.
741 3456 809 3542 Qui
828 3463 951 3554 sponte
965 3457 1159 3528 Romanam
1178 3453 1296 3528 sedem
1310 3474 1436 3526 couve-

214 3565 321 3640 niuut
337 3567 520 3664 Episcopis
541 3567 673 3665 absque
691 3567 766 3640 ulla
785 3566 957 3658 custodia,
974 3577 1039 3642 aut
1056 3563 1439 3652 excommunicatione,

214 3677 272 3750 vel
285 3678 533 3776 dampnatione
547 3679 656 3754 libere
674 3679 726 3754 irc
740 3680 966 3756 concedatur.
981 3679 1112 3754 Omnia
1125 3675 1439 3776 comprovincialia

214 3791 358 3885 negotia
372 3815 433 3888 per
446 3801 607 3867 sanctam
617 3795 812 3866 Romanam
827 3792 1044 3869 AEcclesiam
1057 3801 1143 3867 sunt
1156 3789 1394 3879 retractanda,
1407 3789 1438 3862 si

212 3901 320 3978 huius
336 3904 505 3980 Ecclesiae
531 3904 695 3981 Pontifex
719 3904 935 4003 preceperit.
961 3903 1148 3979 Eusebius.
1172 3901 1359 4002 Episcopis
1382 3923 1440 3998 op·

214 4017 345 4115 pressis
362 4017 461 4116 prius
478 4027 612 4116 oportet
624 4018 743 4093 omnia
760 4017 903 4113 legibus
916 4016 1162 4114 redintegrari.
1176 4019 1332 4089 Tantum
1346 4023 1435 4089 tem·

213 4132 308 4229 poris
324 4133 479 4230 spatium
497 4133 681 4231 Episcopis
697 4131 941 4228 indulgeatur,
955 4139 1088 4227 quanto
1104 4127 1290 4227 exspoliati
1303 4124 1363 4201 vel
1380 4150 1438 4201 ex·

213 4245 308 4342 pulsi
324 4269 402 4320 esse
418 4245 595 4335 videntur,
613 4257 804 4344 antequam
822 4243 867 4317 ad
880 4243 1057 4340 synodum
1071 4251 1297 4316 vocarentur.
1314 4238 1386 4328 Qui
1399 4263 1434 4312 a·

214 4359 309 4433 liena
326 4358 468 4434 invadis
481 4381 551 4433 non
565 4368 666 4434 exeat
682 4348 972 4456 impunitus,'sed
988 4380 1070 4430 cum
1089 4353 1385 4452 multiplicatione
1402 4375 1437 4425 o-

217 4470 313 4544 mnia
331 4472 506 4546 restituat.
525 4469 707 4546 Silvester.
725 4469 826 4544 Nulli
843 4467 986 4542 omnino
1003 4465 1134 4540 clerico
1159 4464 1266 4540 licere
1292 4488 1437 4539 causam

1222 4577 1253 4631 ar
