3618 5316
726 392 924 460 -281-

215 513 298 588 sirni
312 514 470 590 Ianuarii
483 523 608 592 contra
620 523 825 592 sanctorum
839 537 1017 592 canonum
1030 522 1165 590 statuta
1173 513 1338 614 nequiter'
1349 506 1436 618 pra*

215 629 368 726 sumpsit
384 629 566 721 invadere,
579 631 667 706 item
686 631 959 728 condempnans,
976 629 1111 727 privari
1123 629 1328 719 sacerdotio,
1341 641 1377 707 et
1389 631 1435 706 ab

215 742 313 816 omni
330 743 574 820 ecclesiastico
590 745 711 820 ordine
725 743 899 820 removeri
912 751 1042 832 statuo,
1054 751 1096 818 ut
1107 751 1144 818 et
1155 743 1222 819 hoc
1236 745 1327 842 quod
1341 744 1435 820 mals

216 865 271 932 est
286 857 435 955 adeptus
452 859 606 949 amittat,
623 883 690 934 neo
706 857 751 932 ad
768 856 924 932 officium
941 857 1033 954 quod
1050 865 1134 932 ante
1157 857 1330 954 indignus
1355 869 1435 955 ge's-

217 979 315 1045 serat
333 980 547 1047 revertatur.
564 972 793 1071 Sepedictnm
810 981 931 1047 antem
944 969 1212 1046 sanctissimum
1224 973 1433 1050 Ianuarium

216 1082 429 1182 Episcopum
448 1084 662 1176 absolutum,
675 1085 750 1160 Ioco
763 1107 827 1159 suo
839 1085 876 1157 in
895 1083 1129 1183 Episcopatus
1139 1084 1261 1180 gradu
1280 1087 1353 1160 Deo
1372 1110 1434 1159 au·

217 1205 313 1274 ctore
331 1197 475 1291 reverti,
491 1198 664 1276 acmodis
680 1197 845 1275 omnibus
863 1198 1048 1275 reformari
1065 1199 1252 1275 constituo,
1416 1206 1418 1212 ’

715 1427 939 1564 LXXXVIII.

314 1655 513 1752 Gregorius
538 1654 731 1730 Sabiniano
756 1655 979 1732 subdiacono.
1003 1659 1103 1732 Inter
1131 1665 1260 1733 cetera.
1286 1656 1435 1732 Sacrile-

217 1769 318 1865 gium
338 1777 375 1845 et
392 1779 515 1845 contra
534 1768 635 1864 leges
651 1777 716 1859 est,
733 1770 764 1843 si
789 1769 869 1867 quis
886 1769 978 1867 quod
996 1767 1260 1844 venerabilibus
1276 1768 1364 1844 locis
1383 1793 1435 1844 re·

219 1882 406 1981 linquitur,
415 1907 534 1981 pravae
542 1883 740 1958 voluntatis
752 1881 965 1957 studiissuis
974 1881 1205 1978 temptaverit
1217 1881 1436 1978 compendiis

219 1995 382 2072 retinere.
398 1997 496 2072 Idem
516 1996 709 2071 Anthemio
725 1997 948 2072 subdiacono.
963 1995 1066 2070 Ratio
1078 1995 1179 2069 nulla
1193 1995 1378 2093 permittit,
1390 2004 1433 2069 ut

219 2109 368 2209 propriis
385 2109 560 2208 cuiusque
580 2109 704 2184 usibus
720 2109 932 2208 applicetur,
949 2108 1041 2206 quod
1059 2129 1120 2206 pro
1137 2105 1319 2182 communi
1336 2105 1435 2180 utili·

219 2231 292 2297 tate
321 2223 443 2297 datum
473 2246 550 2298 esse
576 2223 816 2318 cognoscitur.
833 2222 929 2297 Idem
948 2221 1084 2296 Italicae
1101 2219 1276 2296 Patricia.
1293 2219 1435 2295 Scimus

218 2335 459 2434 nosmedipsos
472 2335 640 2412 iuvantes
649 2336 799 2411 Domino
811 2362 832 2411 a
845 2361 1036 2412 causarum
1048 2335 1180 2431 litigiis
1193 2333 1435 2410 ecclesiastica

220 2449 459 2524 moderatione
476 2461 699 2548 compescere
717 2457 825 2547 atque
850 2449 1048 2524 secundum
1073 2447 1176 2522 illum
1202 2445 1456 2546 apostolicum-

222 2586 383 2652 sensum,
402 2563 563 2661 rapinam
581 2563 974 2638 bonorum-nostrornm
991 2586 1073 2636 cum
1091 2560 1223 2657 gaudio
1247 2559 1435 2636 sustinere.
1452 2589 1464 2614 ··

221 2675 291 2750 Sed
307 2674 397 2750 illud
415 2675 507 2752 scire
523 2698 587 2750 vos
604 2675 782 2752 credimus
800 2673 1083 2749 taciturnitatem
1100 2682 1208 2770 atque
1225 2671 1435 2770 patientiam

222 2795 378 2862 nostram
396 2788 531 2863 futuris
549 2798 627 2886 post
644 2813 700 2863 me
717 2788 943 2887 pontificibus
956 2787 994 2861 in
1012 2787 1118 2862 rebus
1135 2811 1330 2885 pauperum
1348 2809 1435 2883 prae·

223 2900 396 2976 iudicium
422 2924 492 2976 non
526 2901 715 2976 facturam.
741 2901 840 2976 idem
865 2899 977 2975 Felici
1004 2899 1217 2974 subdiacono
1242 2906 1278 2974 et
1306 2894 1435 2972 rectori

224 3012 427 3111 patrimonii
448 3012 581 3110 Appiae.
595 3013 723 3088 Omnia
741 3037 820 3111 quae
836 3011 914 3087 haec
930 3011 1121 3110 apostolica
1137 3011 1322 3087 beatorum
1336 3007 1435 3084 Petri

222 3135 258 3200 et
272 3124 375 3198 Pauli
393 3148 543 3224 quorum
560 3126 693 3202 honore
707 3135 745 3201 et
756 3126 940 3204 beneficiis
956 3127 1134 3224 acquisita
1151 3135 1247 3215 sunt,
1260 3128 1332 3199 Deo
1349 3131 1436 3197 sunt

220 3248 365 3314 auctore
381 3241 595 3313 communia.
612 3243 746 3314 Tamen
771 3239 873 3314 beato
891 3239 1002 3313 Paulo
1026 3239 1088 3338 qui
1117 3248 1231 3314 totum
1261 3237 1436 3311 mundum

222 3351 358 3425 lumine
375 3351 636 3449 praedicationis
653 3351 829 3449 implevit,
846 3353 1018 3450 possessio
1031 3377 1142 3450 aquas
1159 3350 1292 3426 salvias
1309 3351 1347 3422 in
1364 3372 1452 3447 qua-

221 3464 298 3560 Ipse
316 3463 430 3564 capite
447 3473 639 3540 truncatus
655 3474 720 3555 est,
734 3464 937 3562 specialiter
953 3490 1035 3540 cum
1053 3465 1218 3539 omnibus
1235 3463 1345 3539 eidem
1360 3485 1437 3558 per·

226 3577 425 3654 timentibus
442 3579 587 3653 serviat.

704 3716 949 3802 LXXXVIIII.

225 3947 231 3958 ·
320 3913 519 4010 Gregorius
532 3916 636 3989 Petro
652 3915 865 3992 subdiacono
878 3913 1093 4016 Campania.
1106 3915 1218 4003 Quale
1235 3916 1273 3990 in
1290 3913 1437 3991 castello

223 4027 421 4103 Lucullano
438 4027 486 4102 sit
503 4029 621 4103 scelus
633 4029 671 4102 in
681 4029 793 4104 Paulo
810 4029 920 4104 fratre
937 4040 974 4104 et
990 4029 1193 4128 coepiscopo
1210 4039 1329 4105 nostro
1345 4051 1439 4104 com·

225 4141 389 4230 missum,
405 4140 540 4216 directa
565 4141 665 4216 nobis
682 4142 807 4218 relatio
825 4143 911 4218 lecit
933 4141 1173 4218 manifestum.
1191 4142 1341 4218 Proinde
1358 4143 1439 4217 Sco

224 4253 350 4329 lastico
367 4253 477 4328 iudici
497 4256 702 4353 Campaniae
719 4266 755 4331 et
771 4255 951 4354 Epyfanio
968 4255 1182 4330 subdiacono
1199 4265 1318 4330 nostro
1335 4255 1439 4328 inun·
1559 4298 1560 4301 =

226 4367 357 4458 ximus,
374 4377 416 4442 ut
432 4376 571 4442 tantam
593 4369 769 4442 insaniam
788 4369 952 4445 districta
976 4369 1161 4466 corrigant
1185 4367 1440 4445 emendatione.

224 4483 271 4558 Et
288 4480 456 4584 quoniam
475 4481 653 4590 mancipia
669 4482 833 4586 gloriosae
851 4481 1086 4566 Clementiana
1110 4483 1147 4561 in
1166 4482 1286 4562 eodem
1303 4479 1436 4560 scelere
