3582 5288
877 389 1070 450 -106-

367 513 482 602 dibus
507 512 703 588 secundum
730 511 836 585 istam
863 509 958 584 beati
984 508 1183 605 Augustini
1209 507 1435 597 sententiam,
1460 508 1499 580 in
1524 507 1592 582 sci·

366 636 480 704 amate
505 651 587 701 curn
613 650 689 701 esse
714 648 785 700 non
811 622 959 698 dubium
978 631 1041 698 est.
1059 627 1106 697 Et
1122 631 1247 697 contra
1265 621 1504 696 universalem
1525 646 1592 698 aec·

367 741 514 818 alesiam
540 739 654 815 altare
679 738 848 838 probatur
865 737 1016 834 erigere.
1034 737 1103 810 Sed
1121 736 1206 833 quid
1223 736 1265 810 de
1283 735 1416 809 talibus
1434 735 1591 808 insertus

366 855 619 932 Calcedonensi
646 853 781 951 synodo
805 875 920 928 canon
945 859 1092 938 statuat,
1109 849 1225 946 gloria
1242 859 1363 924 vestra
1381 848 1589 924 consideret.

367 969 436 1044 Ubi
453 977 531 1066 post
546 967 618 1040 alia
636 967 688 1043 sic
706 965 803 1042 dicit.
822 965 913 1052 Quia
932 963 1180 1039 commuuione
1198 961 1429 1058 semetipsum
1446 985 1592 1059 suspen·

367 1081 420 1156 dit
444 1080 615 1156 aecclesia
640 1089 676 1154 et
700 1079 885 1155 collectam
912 1077 998 1154 fecit
1022 1089 1058 1152 et
1082 1077 1197 1153 altare
1218 1076 1405 1152 constituit
1421 1084 1458 1150 et
1474 1077 1590 1150 noluit

366 1195 509 1269 vocanti
523 1195 696 1292 Episcopo
713 1191 925 1280 consentire,
942 1201 979 1267 et
997 1193 1112 1266 noluit
1128 1193 1368 1291 acquiescere,
1381 1215 1496 1288 neque
1512 1191 1587 1266 obe

365 1307 451 1397 dire,
469 1317 506 1382 et
530 1308 629 1405 prius
647 1316 682 1380 et
700 1306 855 1388 secundo
872 1306 1016 1380 vocanti
1034 1331 1071 1380 se
1089 1307 1232 1380 omnino
1249 1304 1424 1394 damnari,
1441 1328 1508 1379 nec
1525 1329 1590 1377 un·

365 1446 473 1519 quam
490 1422 550 1496 rel
567 1422 761 1496 orationem
780 1419 906 1496 mereri
924 1445 992 1496 uec
1011 1421 1169 1518 recipere
1186 1445 1268 1494 eum
1295 1443 1395 1516 posse
1411 1417 1589 1493 honorem.

365 1534 514 1609 sienim
530 1534 766 1631 permanserit
783 1534 907 1609 turbas
924 1533 1073 1622 faciens,
1091 1542 1127 1608 ot
1143 1531 1334 1608 seditiones
1351 1531 1511 1606 ecclesia
1528 1555 1589 1628 per

261 1637 264 1644 ³
317 1696 320 1702 ·
365 1658 570 1746 extraneam
589 1658 798 1747 potestatem
817 1647 1225 1746 tamquam-seditiosum
1243 1645 1440 1744 comprimi.

902 1875 1050 1960 OXLVL

461 2102 634 2199 Pelagius
652 2103 844 2178 Valeriano
869 2101 1018 2200 patricio
1035 2103 1130 2182 inter
1155 2111 1283 2178 cetera.
1302 2102 1372 2177 Sed
1396 2127 1463 2178 nec
1485 2101 1590 2176 licuit

366 2213 557 2313 aliquando
573 2241 639 2292 nec
656 2216 786 2292 licebit
796 2215 1051 2314 particularem
1070 2216 1235 2291 sinodum
1257 2216 1300 2290 ad
1319 2214 1588 2290 diiudicandum

365 2327 571 2424 generalem
598 2329 776 2426 synodum
793 2331 1019 2424 congregari.
1037 2331 1105 2406 Sed
1123 2330 1290 2428 quotiens
1307 2329 1428 2427 aliqua
1445 2331 1487 2404 de
1504 2329 1590 2422 'uni-

367 2441 500 2517 versali
526 2443 648 2517 sinodo
672 2443 853 2540 aliquibus
878 2443 1052 2518 dubitatio
1078 2443 1252 2530 nascitur,
1277 2443 1321 2517 ad
1343 2441 1587 2539 recipiendum

365 2555 499 2634 dehoc
529 2557 624 2654 quod
656 2579 725 2630 non
752 2556 966 2652 intelligunt
991 2557 1176 2644 rationem,
1208 2563 1273 2628 aut
1304 2563 1428 2652 sponte
1452 2553 1491 2627 hi
1524 2549 1589 2652 qui

366 2672 520 2746 salutem
546 2671 675 2746 animae
700 2697 775 2746 suae
791 2672 1005 2761 desiderant,
1022 2671 1067 2744 ad
1084 2669 1295 2768 apostolicas
1313 2669 1413 2744 sedes
1434 2692 1496 2766 pro
1513 2693 1589 2766 per-

365 2786 530 2883 cipienda
555 2787 691 2861 ratione
723 2787 955 2876 conveniunt,
987 2795 1052 2859 aut
1076 2785 1107 2858 si
1140 2785 1230 2858 forte
1260 2783 1355 2858 sicut
1387 2777 1438 2858 de
1455 2781 1588 2856 talibus

366 2897 504 2972 dictum
529 2907 593 2988 est,
618 2908 782 2996 peccator
807 2923 890 2974 cum
924 2899 1065 2974 venerit
1096 2899 1134 2970 in
1160 2897 1375 2995 profundum
1411 2896 1585 2970 malorum

365 3012 596 3109 contempnit,
620 3011 671 3085 ita
688 3011 854 3086 obstinati
880 3012 917 3086 hi
944 3021 980 3086 et
995 3023 1225 3089 contumaces
1251 3011 1450 3100 extiterint,
1472 3021 1514 3086 ut
1531 3011 1587 3086 do-

366 3127 437 3199 ceri
458 3149 527 3198 non
553 3125 667 3199 velint
683 3149 741 3199 eos
758 3125 803 3199 ab
828 3125 960 3200 eisdem
981 3127 1194 3225 Apostolicis
1212 3126 1355 3201 sedibus
1372 3134 1436 3199 aut
1452 3124 1586 3198 attrahi

363 3239 408 3312 ad
433 3239 585 3314 salutem
611 3241 855 3339 quoquomodo
872 3264 1017 3316 necesse
1042 3250 1107 3330 est,
1124 3250 1187 3313 aut
1205 3264 1250 3314 ne
1268 3239 1419 3313 aliorum
1438 3237 1586 3336 perditio

362 3353 498 3448 possint
522 3377 610 3444 esse,
643 3355 839 3429 secundnm
866 3379 1019 3430 canones
1054 3377 1114 3452 per
1141 3353 1321 3428 seculares
1354 3343 1504 3451 opprimi
1530 3375 1587 3450 po·

362 3474 519 3541 testatas.

894 3695 1060 3779 oraru.
1131 3747 1135 3757 ι
1218 3659 1228 3816 J

363 3969 364 3972 =
458 3922 644 4018 Gregorio,
659 3923 793 4018 Aregio
818 3921 991 4020 Episcopo
1014 3921 1190 3998 Franciis.
1216 3925 1314 3997 Inter
1343 3936 1472 3997 cetera.
1503 3926 1585 3998 Pre-

362 4043 458 4109 terea
485 4036 685 4110 communis
711 4035 807 4108 filius
831 4035 1001 4111 diaconus
1024 4039 1153 4110 Petrus
1178 4035 1279 4110 nobis
1298 4035 1465 4110 innotuit.
1483 4035 1584 4122 Quod

360 4147 567 4222 fraternitas
596 4157 716 4222 vestra
747 4157 902 4245 tempore
932 4171 1000 4245 quo
1030 4147 1090 4223 hic
1115 4148 1186 4222 fuit
1215 4149 1412 4246 poposcerit
1445 4158 1486 4222 ut
1515 4147 1584 4222 sibi

361 4269 398 4334 et
422 4259 682 4336 Archidiacono
707 4284 771 4334 suo
795 4259 919 4336 utendi
941 4261 1143 4339 dalmaticis
1166 4263 1313 4338 licentia
1335 4263 1583 4361 praeberemus.

361 4374 430 4447 Sed
455 4383 490 4448 et
515 4375 601 4472 quia
625 4375 676 4447 ita
700 4375 884 4448 hominum
910 4397 1057 4450 suorum
1085 4376 1296 4450 infirmitate
1326 4375 1511 4474 compulsa
1535 4376 1584 4449 f-

359 4487 537 4565 stinanter
561 4489 784 4577 abscesserit,
810 4499 850 4562 ut
881 4514 947 4565 uec
973 4488 1086 4588 ipsam
1123 4513 1238 4565 moror
1264 4489 1485 4580 incumbens,
1509 4489 1582 4577 diu,
