3646 5292
685 390 688 395 ⁴
737 479 777 494 -
802 403 934 511 aco-4

743 599 921 686 vallll.

662 777 754 832 Idem
774 777 818 831 ad
836 777 998 832 eumdem.

316 914 384 988 Sed
401 915 486 1012 quia
502 922 566 988 tua
583 913 790 990 fraternitas
808 915 1013 990 monasterii
1029 914 1167 1011 regulis
1185 913 1337 1003 erudita,
1355 937 1448 988 seor-

219 1052 299 1101 sum
318 1027 396 1102 fieri
410 1052 480 1102 non
495 1028 598 1103 debet
614 1055 636 1102 a
653 1027 795 1104 clericis
812 1029 898 1118 suis,
916 1027 951 1101 in
966 1025 1138 1104 oecolesiis
1153 1028 1354 1124 Anglorum
1368 1051 1447 1125 qum

221 1150 368 1217 auctore
385 1144 458 1218 Deo
475 1168 589 1240 nuper
605 1143 650 1216 ad
667 1143 772 1218 fidem
786 1139 957 1241 perducta
969 1152 1034 1232 est,
1047 1141 1141 1217 hanc
1155 1141 1255 1227 debet
1269 1143 1446 1216 instruere

222 1255 528 1331 conversationem
546 1281 625 1355 quae
642 1258 680 1330 in
698 1255 888 1331 initio'fnit
905 1256 1067 1354 patribus
1092 1253 1235 1346 nostris,
1260 1255 1447 1354 inquibus

218 1368 342 1443 nullus
358 1393 478 1444 eorum
497 1396 541 1444 ox
558 1371 614 1445 his
632 1396 711 1470 qnae
729 1370 955 1470 possidebant
976 1367 1114 1469 aliquid
1132 1396 1238 1444 sunm
1260 1394 1338 1445 csse
1354 1369 1448 1444 dice·

218 1481 289 1572 bat,
306 1483 368 1558 sad
384 1494 488 1559 erant
504 1483 556 1559 eis
573 1485 692 1558 omnia
709 1481 925 1561 communia.
943 1485 981 1558 si
999 1485 1080 1583 quis
1104 1509 1190 1560 voro
1210 1494 1309 1581 sunt¹
1322 1482 1447 1559 clerici

219 1605 319 1671 extra
335 1621 455 1672 sacros
471 1598 612 1673 ordines
628 1598 815 1674 constituti
833 1599 896 1696 qui
918 1623 956 1673 se
982 1599 1166 1674 continere
1191 1623 1261 1673 non
1286 1607 1446 1698 possunt,

218 1710 337 1785 sortiri
355 1733 481 1787 uxores
498 1712 637 1803 debent,
649 1713 869 1809 exstipendia
882 1739 948 1787 sua
961 1713 1120 1788 exterius
1133 1713 1293 1810 accipere
1314 1711 1399 1809 quia
1412 1721 1448 1786 et

219 1825 262 1900 de
279 1826 411 1902 eisdem
428 1853 449 1901 a
465 1827 627 1926 patribus
645 1829 811 1902 novimus
828 1827 1013 1927 scripturn.
1039 1827 1139 1915 Quod
1166 1825 1356 1901 videbatur
1378 1825 1449 1899 sin·

219 1939 318 2035 gulis
335 1950 439 2040 prout
456 1941 587 2040 cuique
604 1966 692 2041 opus
709 1952 795 2016 erat.
814 1944 865 2016 De
884 1965 1003 2016 eorum
1031 1965 1170 2039 quoque
1195 1939 1369 2039 stipendio
1393 1963 1449 2014 co·

221 2054 411 2150 gitandum
430 2063 538 2152 atque
555 2055 811 2155 providendum
825 2065 890 2142 est,
904 2065 940 2130 et
958 2055 1023 2130 sub
1041 2054 1295 2131 aecclesiastica
1321 2051 1449 2148 regula

221 2177 307 2242 sunt
323 2168 480 2243 tenendi.
497 2171 547 2243 Ut
562 2169 663 2262 bonis
681 2169 838 2243 moribus
855 2169 985 2244 vivant
1001 2179 1037 2244 et
1053 2168 1224 2244 canendis
1237 2167 1384 2270 psalmis
1397 2168 1452 2240 in·

221 2281 388 2376 vigilent,
405 2290 441 2357 et
457 2283 501 2356 ab
513 2282 679 2358 omnibus
692 2283 831 2357 illicitis
844 2308 903 2359 cor
917 2295 952 2359 et
964 2284 1092 2378 lingua
1106 2293 1142 2358 et
1155 2307 1283 2383 corpus
1302 2285 1375 2356 Deo
1387 2307 1450 2355 au·

222 2404 318 2469 ctorc
336 2407 557 2472 conservent.
576 2398 765 2473 Communi
782 2408 903 2473 autem
922 2399 998 2471 vita
1016 2391 1313 2473 viventibusiam
1331 2396 1374 2471 dc
1398 2395 1416 2469 f
1435 2437 1450 2450 -

223 2508 358 2584 ciendis
376 2510 595 2607 portionibus
613 2513 671 2587 vel
689 2511 885 2587 exhibendo
902 2512 1146 2610 hospitalitate
1164 2522 1200 2587 et
1225 2511 1450 2608 adimplenda

224 2621 325 2697 nobis
343 2622 584 2698 misericordia
601 2625 692 2722 quod
710 2625 778 2700 erit
795 2624 1010 2723 loquendum
1029 2651 1111 2702 cum
1126 2649 1229 2701 omne
1246 2625 1338 2723 quod
1350 2649 1452 2723 supo-

224 2745 296 2811 rest
311 2735 349 2810 in
367 2739 486 2812 causis
503 2737 573 2836 piis
589 2763 633 2812 ac
650 2738 829 2834 religiosis
850 2738 1071 2834 erogandum
1089 2749 1152 2814 est.
1169 2741 1319 2814 Domino
1337 2738 1451 2835 magi-

222 2859 296 2925 stro
321 2851 483 2926 omniurn
509 2852 667 2927 docente.
688 2851 789 2939 Quod
814 2861 988 2950 superest,
1013 2851 1094 2926 date
1119 2851 1389 2951 helemosynam
1415 2862 1451 2930 et

223 2987 306 3038 ecce
323 2964 441 3037 omnia
459 2963 592 3038 munda
610 2973 697 3038 sunt
713 2962 823 3037 vobis.

781 3129 883 3214 LXX.

320 3305 519 3400 Gregorius
531 3307 689 3379 Romano
702 3303 875 3377 defensori
892 3303 1035 3378 Siciliae.
1045 3304 1273 3379 Pervenitad
1286 3327 1349 3378 nos
1358 3305 1451 3402 qnod

224 3419 254 3491 si
277 3417 359 3516 quis
376 3427 499 3494 contra
518 3416 692 3515 quoslibet
708 3415 857 3491 clericos
881 3413 1023 3500 babeat,
1042 3417 1217 3517 despectis
1235 3440 1357 3492 eorum
1379 3417 1450 3516 epi-

224 3533 350 3630 scopis,
367 3533 506 3608 eosdem
524 3531 674 3608 clericos
691 3531 730 3604 in
747 3540 808 3605 tuo
826 3531 939 3604 facias
957 3531 1093 3606 iudicio
1111 3531 1280 3606 exhiberi.
1301 3532 1402 3618 Quod
1420 3530 1452 3604 si
1521 3593 1522 3596 ,

226 3645 278 3720 ita
302 3657 367 3736 est,
385 3646 475 3721 vade
500 3670 576 3721 esse
594 3655 734 3720 constat
751 3645 1005 3740 incongruum.
1022 3648 1070 3720 Et
1082 3645 1160 3719 ideo
1172 3643 1241 3718 hac
1254 3644 1319 3718 tibi
1333 3653 1451 3719 aucto·

227 3761 333 3835 ritate
358 3761 596 3860 praecipimuS,
613 3762 738 3834 uohoo
755 3759 870 3833 denuo
887 3759 1006 3835 lacere
1022 3784 1093 3834 non
1111 3785 1316 3859 praesumas.
1335 3759 1403 3832 Sed
1420 3757 1451 3831 si

224 3874 304 3971 quis
327 3885 451 3949 contra
473 3871 667 3972 quemlibet
688 3871 861 3948 clericum
879 3895 1025 3946 causam
1047 3871 1226 3962 habuerit,
1246 3871 1451 3969 episcopum

224 3987 338 4085 ipsius
354 3986 469 4076 adeat,
486 3997 527 4061 ut
543 3995 607 4061 aut
624 3985 699 4084 ipse
717 3994 1003 4080 cognoscebant
1025 3995 1121 4061 certe
1147 3985 1191 4059 ab
1215 3985 1291 4083 ipso
1316 3985 1452 4058 iudices

224 4100 449 4198 deputentur.
468 4105 542 4174 Aut
559 4099 590 4172 si
608 4099 757 4173 fortasse
773 4097 817 4171 ad
836 4097 988 4173 arbitros
1006 4097 1165 4172 eundum
1182 4108 1248 4188 est,
1264 4107 1384 4196 partes
1408 4097 1453 4172 ad

225 4213 433 4309 eligendum
447 4211 492 4287 ab
506 4213 581 4311 ipso
594 4211 739 4286 excutio
752 4209 920 4308 deputata
933 4211 1131 4312 compellat.
1141 4211 1180 4284 Si
1193 4211 1274 4309 quis
1288 4233 1371 4286 vero
1384 4210 1453 4284 olc-

226 4325 324 4402 ricus
351 4325 410 4401 vel
429 4325 544 4400 laicus
562 4335 685 4400 contra
707 4323 912 4422 episcopum
937 4349 1085 4400 cansam
1109 4323 1286 4414 habuerit,
1312 4335 1400 4398 tunc
1417 4331 1454 4398 tc

225 4441 449 4538 interponere
466 4440 582 4528 debes,
600 4448 641 4515 ut
654 4437 749 4513 inter
766 4461 825 4513 eos
841 4446 906 4512 aut
923 4437 998 4538 ipse
1012 4460 1218 4532 cognoscas,
1231 4447 1295 4512 aut
1308 4445 1404 4512 certe
1417 4446 1453 4512 te

224 4551 447 4640 admonente,
464 4551 531 4626 sibi
549 4551 687 4626 iudices
703 4549 853 4646 eligant.
870 4552 964 4624 Nam
982 4549 1053 4623 nisi
1071 4575 1136 4623 suo
1160 4549 1356 4646 unicuique
1381 4549 1453 4647 epi·
