3638 5294
908 371 1107 436 -452·-

394 491 658 569 ecclesiasticis
676 491 943 590 praepositorum
962 503 1001 568 et
1016 492 1260 566 ministrorum
1278 514 1349 567 non
1373 501 1618 588 congruenter

394 608 518 682 iuuere
540 606 763 681 sermonibus
780 617 816 680 et
841 607 1075 682 sacramentis
1093 631 1172 704 quae
1190 591 1251 703 per
1269 629 1327 681 eos
1348 605 1487 704 populis
1511 605 1618 678 mini·

394 725 581 796 strantur‘?
595 723 624 794 Ο
638 720 786 796 miseros
802 709 963 796 homines
980 720 1040 818 qui
1059 718 1123 793 hos
1140 718 1310 794 intuendo
1328 718 1513 794 Christum
1530 717 1619 792 obli·

391 835 595 925 viscuntur,
607 833 669 934 qui
683 843 718 910 00
730 843 813 911 ante
825 843 926 911 tanto
939 831 1104 934 praedixit
1121 841 1162 906 00
1179 831 1254 928 legi
1274 831 1338 906 Dei
1351 831 1469 931 potius
1481 831 1616 906 obtem·

273 969 276 976 ·
392 959 536 1044 peretur
560 971 667 1046 quam
693 947 857 1021 imitandi
883 946 1075 1022 videantur
1092 944 1147 1018 illi
1161 945 1223 1042 qui
1241 969 1280 1020 ea
1299 969 1379 1042 quae
1396 939 1522 1018 dicrurt
1538 967 1615 1017 non

391 1061 540 1150 faciunt,
553 1071 590 1138 et
606 1061 811 1136 traditorem
831 1087 938 1134 suum
956 1059 1113 1135 tolerans
1131 1057 1299 1156 usquein
1313 1059 1433 1147 finem,
1445 1057 1552 1132 etiam
1566 1057 1615 1131 ad

391 1173 716 1270 evangelizandum
742 1196 824 1248 cum
851 1173 981 1248 ceteris
1005 1171 1114 1245 misit.
1140 1171 1209 1247 Sed
1233 1181 1353 1244 tamen
1375 1169 1615 1245 concedamus

391 1309 490 1361 nnnc
507 1309 578 1361 non
595 1311 763 1384 apparere
789 1285 950 1360 homines
969 1285 1097 1380 dignos
1123 1283 1331 1358 imitatione.
1348 1282 1521 1380 Quisquis
1544 1282 1614 1360 hoc

390 1408 506 1495 putas,
531 1409 649 1476 mente
666 1403 780 1475 Deum
805 1399 947 1474 intuere
964 1407 1000 1472 et
1017 1396 1201 1472 recordare
1218 1395 1309 1470 illud
1326 1395 1419 1493 quod
1436 1394 1612 1470 Iohannes

389 1512 450 1586 ait.
468 1513 536 1600 oui
555 1538 593 1588 se
606 1512 694 1588 dicit
706 1513 744 1587 in
759 1513 902 1589 Christo
920 1534 1075 1592 manere,
1092 1509 1195 1583 debet
1212 1509 1308 1583 sicut
1325 1507 1386 1584 ille
1398 1507 1612 1597 ambulavit,

388 1633 424 1699 et
440 1625 514 1723 ipse
527 1625 720 1700 ambulare.
736 1625 890 1701 Attende
902 1624 1022 1698 animo
1039 1631 1091 1698 tot
1110 1627 1314 1720 Martyrum
1328 1621 1531 1695 animarum
1547 1621 1613 1694 mi·

389 1735 448 1810 110.
462 1738 554 1813 Cum
569 1737 664 1826 enim
678 1737 849 1812 natalicia
862 1759 984 1811 eorum
1000 1735 1177 1810 conviviis
1190 1733 1447 1832 temporalibus
1459 1732 1615 1808 0010111οψ

390 1874 428 1924 10
441 1849 595 1926 delectat
606 1861 643 1926 et
655 1874 778 1926 eorum
791 1850 902 1924 vitam
917 1849 1017 1947 sequi
1031 1849 1190 1925 honestis
1204 1847 1359 1924 moribus
1368 1871 1438 1922 non
1448 1846 1614 1922 delectat.

905 2050 1095 2135 cxxvlss.

673 2232 764 2308 Idem
783 2255 815 2306 in
831 2253 915 2308 libro
934 2253 1049 2306 contra
1066 2235 1327 2306 Parmenlanum.

483 2417 522 2488 Si
536 2415 617 2514 quis
631 2415 741 2490 frater
754 2415 962 2489 nominatur
975 2422 1011 2488 et
1024 2413 1227 2503 fornicator,
1239 2423 1303 2491 aut
1317 2413 1535 2514 immundus,
1547 2421 1610 2488 aut

386 2549 531 2616 avarus,
543 2537 607 2602 aut
626 2528 833 2616 maledicae,
850 2537 914 2601 aut
930 2526 1101 2615 ebriosus,
1117 2537 1182 2600 aut
1199 2552 1319 2626 rapax,
1333 2551 1416 2602 cum
1434 2526 1607 2602 eiusmodi

387 2665 453 2717 neo
480 2640 598 2716 cibum
627 2665 777 2716 sumere.
799 2641 903 2728 Quod
927 2639 971 2716 de
996 2639 1058 2715 illo
1079 2640 1178 2726 dicit,
1200 2640 1305 2715 ouius
1329 2641 1401 2722 iam
1428 2641 1609 2716 fedissima

386 2753 483 2827 fama
508 2755 720 2854 percrebuit.
741 2759 834 2830 Nam
860 2755 927 2831 hoc
948 2753 1070 2850 ipsum
1096 2753 1201 2827 multi
1228 2753 1310 2828 boni
1336 2753 1535 2830 Christiani
1559 2754 1609 2827 f-

304 2871 307 2877 '
386 2867 499 2972 ciunt,
512 2869 555 2943 dc
569 2869 625 2943 his
638 2878 773 2966 oportet
790 2867 1006 2944 familiarius
1018 2891 1106 2940 cura
1119 2888 1256 2961 gerere,
1269 2875 1306 2939 et
1317 2891 1338 2938 a
1351 2889 1420 2963 quo
1433 2865 1606 2941 consortio

384 2981 565 3076 potuerint
581 2982 752 3080 separari,
765 3005 852 3081 quos
865 2981 930 3055 0011
944 2978 1161 3056 correctione
1175 2978 1310 3074 corrigi
1322 3002 1422 3076 posse
1436 2979 1606 3068 sentiunt,

384 3093 443 3167 vel
467 3117 555 3192 quos
579 3093 723 3168 omnino
748 3094 883 3190 corrigi
909 3115 1010 3192 posse
1035 3091 1235 3189 desperant,
1259 3113 1326 3165 000
1351 3091 1606 3188 colloquiorum

384 3206 558 3289 malorum
576 3207 743 3303 contagio
761 3216 1003 3305 corrumpant.
1021 3202 1089 3276 His
1104 3200 1440 3278 enimadhibendus
1460 3213 1516 3276 est
1538 3225 1608 3275 mo-

383 3318 468 3393 dum
485 3329 521 3396 et
537 3330 697 3417 tempora
713 3320 899 3409 servanda,
927 3344 972 3395 ne
997 3339 1067 3414 pax
1091 3316 1244 3390 violetur
1268 3315 1450 3405 ecelesiae,
1474 3316 1514 3389 in
1538 3339 1608 3413 qua

383 3431 537 3506 maxime
554 3431 673 3507 tritico
691 3433 910 3529 parcendum
928 3443 993 3520 est,
1010 3455 1054 3505 ne
1073 3431 1183 3504 simul
1208 3455 1291 3505 cum
1321 3431 1470 3505 zizaniis
1495 3431 1608 3505 eradi-

382 3555 496 3633 cetur,
513 3544 597 3621 hino
615 3546 778 3642 estquod
796 3544 881 3619 alibi
899 3544 996 3620 dicit.
1012 3547 1094 3619 Non
1112 3552 1153 3617 ut
1170 3569 1252 3618 eum
1274 3543 1462 3626 inimicum
1488 3543 1608 3618 existi-

365 3655 498 3744 metis,
514 3657 575 3732 sed
592 3657 758 3756 corripite
777 3667 817 3731 ut
835 3657 993 3732 fratrem.
1011 3659 1087 3731 Hoc
1105 3656 1200 3731 enim
1218 3655 1260 3732 de
1278 3678 1318 3731 00
1336 3655 1608 3754 (11010ου10110-

382 3771 586 3868 rem-*patris
603 3770 740 3860 habuit,
758 3757 1043 3870 quemsathanae
1059 3769 1151 3842 tradi
1177 3769 1342 3844 iusserat.
1362 3769 1463 3855 Quod
1485 3779 1606 3843 autem

381 3905 465 3955 cum
480 3881 687 3958 winfidelibus
705 3883 945 3956 manducandi
961 3906 1175 3956 consensum
1193 3881 1356 3979 praebuit,
1373 3881 1442 3956 hoo
1466 3881 1576 3957 ideos
1595 3901 1597 3906 ’

382 3994 474 4068 cisse
492 3994 721 4091 intelligitur,
735 3995 818 4093 quia
831 3995 902 4069 iam
916 3996 1064 4070 dixerat.
1079 3997 1130 4068 De
1144 3994 1199 4068 bis
1211 4003 1332 4070 autem
1347 3996 1407 4092 qui
1423 3995 1509 4070 foris
1522 4005 1608 4070 sunt

380 4106 553 4180 Dominus
567 4107 748 4182 iudicabit.
758 4109 809 4182 De
822 4106 879 4181 his
893 4131 977 4183 vero
990 4107 1051 4206 qui
1065 4107 1165 4182 intus
1178 4119 1276 4198 sunt,
1286 4131 1350 4182 vos
1363 4108 1529 4182 iudicate.
1544 4111 1609 4182 Re-

380 4241 466 4290 vera
483 4217 579 4293 enim
597 4217 634 4310 hi
652 4219 714 4316 qui
731 4244 752 4291 a
769 4219 948 4292 societatis
965 4219 1141 4294 consortio
1159 4219 1284 4294 remoti
1307 4218 1441 4314 corrigi
1468 4219 1605 4308 nolunt,

379 4355 445 4402 sua
461 4342 584 4429 sponte
601 4331 646 4406 ab
663 4331 825 4406 aecclesia
841 4339 983 4406 exeunt.
1001 4337 1047 4407 110
1062 4332 1148 4408 011111
1173 4333 1268 4408 idem
1295 4331 1496 4430 Apostolus.
1524 4337 1609 4408 Pec-

379 4445 759 4541 cantesinquitcoram
774 4445 1076 4538 omnibus-argue,
1090 4445 1251 4520 utoeteri
1262 4447 1425 4520 timorem
1440 4444 1607 4534 habeant,
