3618 5316
719 460 759 476 -
784 425 850 492 nor
875 461 916 476 .-

749 601 887 688 oxxll.
917 693 920 699 ,

302 775 479 852 Iohannes
508 777 694 878 episeopus
718 776 919 855 Hludovico
947 777 1151 876 imperatori
1177 779 1271 856 inter
1300 789 1430 856 cetera.
1532 809 1537 820 ·

206 895 299 966 Nam
315 893 568 969 monasterium
582 903 717 968 sanctae
730 897 863 988 Merum
875 893 913 966 in
924 893 1102 970 Comacho
1111 893 1273 994 quodque
1284 897 1429 992 Pompo·

206 1007 260 1082 sia
277 1006 421 1097 dicitur,
442 1017 478 1084 et
495 1007 751 1084 monasterium
765 1007 890 1082 Sancti
908 1007 1104 1082 Salvatoris
1124 1007 1163 1082 in
1189 1017 1308 1084 monte
1329 1012 1432 1085 Ferc-

208 1121 266 1211 tri,
295 1121 464 1220 aliudque
490 1123 746 1198 monasterium
765 1121 856 1221 quod
881 1131 1032 1196 vocetur
1053 1125 1185 1197 Sancto
1211 1123 1430 1222 presbytera,

208 1245 316 1333 atque
334 1234 474 1312 colonos
491 1236 528 1310 in
554 1236 733 1313 territorio
751 1235 989 1328 Ferrariense,
1001 1245 1038 1313 et
1056 1236 1242 1326 Adriense,
1260 1247 1296 1313 et
1318 1237 1431 1314 Galli-

210 1359 290 1426 eata
308 1359 343 1425 et
356 1351 596 1426 Faventillam
611 1351 811 1426 Ravennati
831 1351 1104 1451 Archiepiscopo
1117 1376 1187 1426 non
1204 1351 1432 1440 abstulimus,

207 1463 266 1539 sed
281 1489 322 1540 ea
337 1465 551 1541 monasteria
564 1473 600 1541 et
617 1465 694 1540 loca
707 1465 751 1540 ab
766 1465 1049 1541 antecessoribus
1062 1466 1193 1540 nostris
1206 1463 1366 1564 possessa
1380 1491 1433 1541 re-

206 1577 396 1676 perientes,
409 1579 639 1676 possedimus
652 1589 873 1679 actenusque
886 1579 964 1656 iure
977 1582 1115 1680 proprio
1130 1581 1336 1657 retinemus
1350 1579 1433 1654 Alia

208 1715 349 1792 quoque
366 1691 443 1768 loca
460 1703 497 1768 et
514 1693 620 1769 villas
638 1703 675 1769 et
687 1694 808 1792 predia
825 1695 868 1770 de
885 1695 1015 1793 quibus
1031 1695 1189 1794 aliquam
1208 1695 1429 1770 functionem

210 1831 272 1905 per
290 1841 309 1878 s
333 1807 404 1882 ianr
422 1831 534 1882 annos
547 1807 698 1883 eeclesia
712 1811 902 1884 Ravennae
916 1809 1060 1908 recepit,
1078 1808 1248 1884 volumus
1261 1817 1303 1883 ut
1316 1807 1434 1908 pristi-

209 1946 292 1995 nam
307 1919 525 1997 functionem
540 1930 576 1997 et
588 1920 764 1996 datianam
779 1923 898 1998 eadem
913 1921 1075 1998 aecclesia
1089 1922 1256 2021 deinceps
1273 1921 1433 2020 recipiat.

208 2039 256 2110 Et
273 2035 358 2136 quia
380 2034 494 2110 eidem
513 2033 685 2110 aecclesiae
709 2034 781 2108 alia
806 2035 882 2110 loca
899 2061 967 2112 nec
988 2036 1150 2127 tulimus,
1175 2060 1242 2112 nec
1266 2035 1433 2134 occupari

210 2149 375 2238 fecimus,
399 2148 529 2224 habeat
553 2173 631 2248 quse
656 2158 806 2223 actenus
830 2149 966 2238 habuit,
983 2149 1115 2248 absque
1133 2149 1311 2248 praedictis
1335 2148 1434 2240 loeis,

208 2263 300 2338 idest
318 2262 508 2352 Gallicam,
526 2273 561 2338 et
575 2288 692 2337 massa
710 2263 923 2352 Faventilla,
941 2273 976 2338 et
990 2263 1124 2361 absque
1140 2261 1298 2361 praefatis
1315 2286 1434 2336 mona·

206 2377 336 2468 steriis,
349 2401 532 2476 quousque
546 2377 583 2450 in
602 2377 794 2475 presentia
809 2386 928 2452 vestra
948 2386 984 2452 et
1002 2376 1079 2477 ipsa
1092 2376 1169 2454 loca
1183 2401 1262 2474 quae
1274 2401 1340 2450 sua
1357 2401 1433 2451 esse

208 2501 322 2590 putat,
339 2500 469 2565 nostrae
481 2491 599 2588 potius
617 2489 789 2566 aecclesiae
806 2490 886 2587 lege
904 2499 940 2565 et
954 2491 1090 2565 ratione
1108 2490 1298 2588 pertinere,
1320 2489 1431 2565 omni·

208 2606 320 2682 modis
339 2605 576 2702 cognoscetis.
595 2607 674 2680 Dat.
692 2608 763 2679 1111
780 2604 852 2680 kal.
870 2603 972 2680 Febr.
989 2604 1112 2680 indict.
1130 2607 1209 2679 VII.

743 2773 899 2856 cxxlll.

304 2946 479 3023 Iohannes
492 2945 831 3046 episeopnsAnnoni
842 2942 1433 3043 Frisinguensisaecclesiaeepiseo

210 3087 263 3162 po.
276 3063 481 3139 Efficaciam
495 3072 567 3137 tuae
581 3060 763 3137 fidelitatis
777 3060 875 3137 circa
889 3069 1051 3138 sanctam
1066 3059 1183 3135 sedem
1203 3058 1433 3156 apostolicam

205 3203 312 3277 quam
332 3176 503 3251 nimirum
521 3175 652 3252 litteris
672 3175 748 3250 tuis
772 3175 964 3266 extuleras
989 3174 1154 3275 operibus
1179 3181 1215 3249 te
1240 3171 1435 3271 approbare

205 3291 299 3368 velle
310 3291 632 3367 satisdevotissimc
646 3290 911 3390 promittentem
927 3297 1159 3385 etgratanter
1169 3286 1386 3385 accepimus,
1398 3295 1435 3362 et

207 3430 268 3508 pro
285 3405 588 3482 commendatione
602 3429 722 3480 rernm
741 3407 909 3479 Romana
927 3401 1089 3479 ccclesiae
1102 3399 1295 3501 provisioni
1309 3409 1382 3474 tuae
1394 3409 1436 3474 ut

208 3519 337 3596 asseris
355 3520 636 3595 commissarum.
653 3519 804 3594 Noveris
829 3518 952 3615 itaque
976 3515 1180 3614 nuperrime
1203 3537 1268 3589 nos
1284 3515 1435 3604 litteras,

208 3634 336 3710 dilecto
353 3633 425 3708 filio
443 3643 563 3708 nostin
581 3631 808 3708 Hludovvico
823 3633 901 3728 regi
920 3631 982 3708 sed
1000 3630 1184 3730 Episcopis
1197 3639 1233 3706 et
1246 3629 1436 3705 comitibus

207 3747 325 3824 Italici
345 3749 447 3844 regni
466 3747 526 3846 qui
546 3772 668 3822 earnm
689 3747 848 3821 redditus
869 3746 969 3820 nobis
986 3744 1117 3821 deferri
1145 3743 1263 3818 salvos
1288 3743 1436 3834 faciant,

207 3861 458 3950 transmisisse,
476 3860 659 3959 nichilque
681 3860 775 3935 alius
801 3885 986 3960 superesse
1010 3859 1273 3956 cognoscimus,
1298 3859 1369 3933 nisi
1394 3868 1437 3935 ut

208 4002 349 4063 aurum,
365 3975 525 4073 aliasque
543 3976 680 4074 speeies
698 4000 788 4074 qnos
804 3983 840 4050 te
858 3973 1046 4071 collegisse
1070 3972 1204 4063 fateris,
1217 3971 1326 4047 simul
1352 3998 1436 4047 cum

209 4090 397 4192 praeteritae
414 4088 620 4165 indictionis
637 4089 829 4188 quominus
851 4089 1000 4163 fuerunt
1026 4087 1222 4164 redditibus
1248 4086 1314 4162 sub
1339 4087 1436 4161 omni

208 4204 428 4303 plenitudine
444 4204 545 4278 nobis
564 4228 624 4301 per
641 4213 755 4278 toturn
774 4203 1018 4302 Septembrem
1037 4202 1170 4278 futnrae
1188 4205 1257 4275 Vll
1275 4200 1442 4296 indictio--

209 4319 277 4407 nis,
294 4327 357 4391 aut
374 4343 436 4417 per
453 4317 681 4415 temetipsum
702 4317 847 4407 referas
864 4326 928 4391 aut
945 4316 1181 4405 transmittas,
1202 4315 1320 4389 sciens
1333 4315 1436 4412 qnasi

210 4429 277 4506 hou
294 4430 455 4505 condicto
472 4441 629 4531 tempore
647 4429 807 4504 redditus
824 4429 924 4506 nobis
942 4455 1011 4505 non
1029 4429 1206 4519 uenerint,
1231 4427 1370 4503 nullius
1386 4429 1436 4502 al·

211 4544 324 4624 terius
342 4543 411 4623 nisi
431 4553 502 4624 tue
519 4568 663 4624 morosae
686 4544 921 4649 negligentiae
946 4542 1149 4652 specialiter
1175 4541 1437 4648 imputandum.
