3618 5316
716 413 915 478 -351-

204 535 480 612 dilectissimum
496 542 659 611 nostrum
682 531 1058 635 Archipresbyterum,
1070 559 1134 610 000
1152 537 1299 612 Petrum
1315 535 1429 612 Abba-

204 659 277 726 tem
289 658 397 747 atque
411 649 669 748 Presbyterum
683 649 898 724 venerabilis
912 650 1117 724 monasterii
1131 652 1247 727 sancti
1261 651 1352 727 Sabe
1361 650 1429 750 hy·

205 762 273 836 lari
290 771 409 837 mente
426 772 462 837 et
478 761 585 837 vultu
603 760 847 859 placidissimo
863 761 1079 859 suscipiatis.
1092 764 1140 836 Et
1156 771 1283 839 cetera.
1327 767 1331 774 ’

778 925 840 1010 Xl.

563 1093 613 1144 ltx
630 1089 748 1146 eedem
766 1088 891 1158 synodo
911 1101 983 1156 cap.
1004 1091 1060 1144 111.

268 1225 271 1230 ’
301 1225 560 1302 Omniselectio
573 1225 750 1324 Episcopi,
762 1224 820 1301 vel
834 1224 1054 1324 Presbyteri,
1067 1227 1428 1326 autDiaconiaprin·

205 1335 345 1439 cipibus
361 1339 468 1430 facta,
485 1337 588 1414 irrita
606 1348 762 1428 maneat,
779 1337 978 1414 secundum
1001 1339 1165 1435 regulam
1184 1364 1264 1438 quae
1281 1329 1426 1416 dicitur.

206 1453 245 1527 Si
262 1451 344 1551 quis
360 1451 546 1551 episcopus
563 1450 785 1528 secularibus
798 1448 1030 1548 potestatibus
1042 1451 1232 1527 ecclesiam
1250 1477 1313 1554 per
1329 1453 1426 1552 ipsas

207 1567 377 1664 optineat,
393 1566 590 1666 deponatur
605 1573 642 1640 et
658 1572 885 1662 segregetur,
901 1585 1094 1664 omnesque
1118 1565 1179 1663 qui
1198 1563 1252 1638 illi
1270 1557 1428 1641 commu·

211 1678 345 1754 nicant.

780 1792 860 1878 ΧΗ.

641 1967 826 2023 Excedam
845 1979 917 2034 cap.
937 1970 991 2022 VI.

303 2123 534 2199 Diffinierunt
561 2125 687 2198 Patres
713 2131 846 2197 sanctae
865 2124 917 2196 VI
942 2121 1082 2221 synodi,
1100 2123 1211 2200 semel
1236 2121 1363 2199 saltem
1389 2124 1427 2198 in

208 2261 303 2312 anno
319 2237 397 2313 ficri
415 2236 592 2335 synodum
610 2246 647 2312 et
662 2236 856 2332 depravata
874 2235 1018 2331 corrigi.
1028 2238 1137 2313 Hunc
1153 2260 1239 2333 ergo
1256 2261 1429 2312 canonem

208 2359 323 2427 atnoe
340 2351 603 2426 confirmamus.
620 2353 667 2424 Et
691 2349 722 2423 si
740 2349 929 2447 quisquam
947 2349 1114 2448 princeps
1131 2351 1302 2426 inventus
1319 2351 1430 2426 fuerit

209 2463 277 2540 hoc
301 2463 498 2564 probibere,
514 2463 763 2539 communione
781 2463 955 2561 privetur.
974 2463 1013 2538 Si
1031 2464 1213 2562 quievero
1230 2463 1431 2562 Metropoli·

212 2587 377 2653 tanorum
402 2577 471 2653 hoc
496 2575 699 2673 neglexerit
715 2599 824 2672 agere
849 2575 983 2674 absque
1007 2578 1232 2670 necessitate,
1248 2577 1431 2653 canonicis

207 2691 309 2792 penis
326 2690 519 2768 subiaceat.

768 2812 866 2901 Xlll.

716 2991 766 3041 Ex
785 2987 910 3042 eadem.

304 3147 373 3220 Per
397 3144 517 3220 omnia
541 3141 767 3218 sanctissimo
783 3149 819 3216 et
836 3139 1041 3216 beatissimo
1058 3140 1162 3216 fratri
1183 3152 1220 3218 et
1244 3141 1430 3217 commini-

208 3267 283 3332 stro
299 3259 436 3330 Domno
454 3255 610 3330 Adriano
623 3256 729 3351 Papae
746 3254 898 3328 senioris
910 3258 1030 3329 Romae
1043 3254 1240 3330 Therasiae
1256 3253 1430 3351 indignus

211 3369 407 3468 Episcopus
420 3365 773 3464 Constantinopoleos
790 3367 829 3439 in
842 3365 992 3441 Domino
1009 3366 1431 3442 salutem.1otiufra.uos

209 3483 271 3582 qui
288 3508 352 3582 per
367 3481 538 3581 pecunias
551 3483 681 3555 marrus
693 3480 942 3578 imposuerunt
954 3477 1013 3553 vel
1026 3477 1224 3576 imponunt,
1233 3479 1361 3553 Petrus
1371 3478 1432 3552 Di·

210 3595 320 3670 vinus
338 3593 529 3693 Apostolus
545 3593 650 3669 cuius
667 3591 873 3668 cathedram
892 3590 1017 3665 sortite
1033 3599 1088 3665 000
1105 3589 1279 3665 sanctitas
1296 3599 1428 3680 vestra,

207 3719 391 3806 tamquam
403 3709 596 3806 Symonem
610 3709 760 3802 megum
777 3703 930 3802 deponit.
939 3702 1168 3780 Tolerabilior
1181 3702 1277 3778 enim
1291 3712 1347 3778 000
1356 3705 1432 3777 Ma·

209 3821 347 3896 cedouii
364 3829 400 3897 et
417 3843 539 3895 eorum
557 3819 619 3918 qui
637 3819 734 3894 circa
751 3816 868 3915 ipsum
886 3827 975 3893 sunt
998 3817 1116 3892 sancti
1134 3815 1292 3914 Spiritus
1316 3817 1432 3914 impu-

208 3943 402 4028 gnatorum
420 3931 529 4030 impia
554 3931 700 4007 heresis
717 3929 777 4006 Illi
802 3929 898 4006 enim
919 3939 1122 4006 creaturam
1139 3938 1176 4004 00
1200 3953 1346 4005 servum
1364 3927 1430 4003 Dei

208 4045 329 4119 Patris
345 4053 384 4121 et
394 4044 479 4119 Filii
490 4043 665 4143 Spiritum
682 4051 848 4118 sanctum
866 4041 1049 4118 delirando
1064 4041 1235 4130 fatentur,
1244 4041 1306 4116 isti
1323 4066 1430 4116 suum

209 4157 374 4232 eumdem
389 4157 564 4255 Spiritum
582 4164 747 4230 sanctum
765 4155 928 4232 efficiunt
944 4181 1100 4232 servum.
1114 4153 1241 4230 Omnis
1259 4153 1355 4228 enim
1372 4153 1430 4228 do

210 4271 332 4348 minus
349 4269 410 4369 qui
428 4269 537 4345 hebet
553 4268 582 4342 si
601 4267 683 4342 vult
706 4268 842 4356 vendit,
858 4267 935 4343 eive
960 4291 1106 4342 servum
1132 4267 1209 4342 sive
1227 4265 1326 4340 aliud
1343 4264 1431 4363 quid

208 4407 332 4458 eorum
357 4406 437 4481 quae
460 4382 625 4480 possidet.
650 4379 825 4457 Similiter·
849 4391 885 4455 00
909 4380 970 4477 qui
995 4378 1093 4466 emit,
1117 4378 1283 4453 dominus
1307 4376 1433 4452 volens

209 4519 287 4571 0000
303 4495 381 4571 eius
397 4495 489 4594 quod
506 4493 645 4583 emerit,
657 4517 720 4593 per
733 4492 887 4590 pretium
905 4491 1067 4590 pecuniae
1083 4489 1174 4566 illud
1190 4489 1357 4589 acquirit.
1374 4491 1430 4565 Ita
