3638 5294
887 371 1088 432 -5oo-

373 488 498 587 scopis,
514 487 558 560 ad
576 485 760 560 sinistram
783 511 866 563 vero
878 487 1004 562 multis
1024 512 1067 563 ex
1083 489 1303 586 amplissimo
1319 501 1495 564 senatum.
1520 493 1591 564 Im·

375 611 513 700 perator
533 599 633 674 dixit.
654 602 867 698 Oportuerat
887 601 1030 698 quidem
1051 602 1094 675 de
1114 602 1258 697 Ignatio
1271 603 1409 675 nullam
1427 603 1497 676 iam
1512 603 1590 678 ficri

373 713 605 812 questionem,
621 715 681 811 qui
701 739 763 812 pro
781 715 979 788 manifestis
995 715 1112 813 culpis
1128 716 1308 814 depositus
1325 727 1390 804 est,
1408 717 1467 792 sed
1485 702 1592 791 hono¹

374 836 494 903 rantes
507 838 666 903 sanctam
683 850 906 901 romanorum
920 827 1117 902 aecclesiam
1132 837 1168 902 et
1180 829 1447 904 sanctissimum
1461 853 1588 928 papam

376 942 590 1017 Nicholaum
604 943 641 1015 iu
656 941 803 1018 vicariis
816 942 902 1032 suis,
916 940 1157 1039 permittimus
1170 965 1249 1038 quae
1258 941 1300 1016 de
1312 964 1352 1017 eo
1364 952 1450 1016 suut
1458 943 1589 1017 iterum
1668 958 1671 964 “

377 1055 564 1130 ventilare.
589 1057 689 1129 Item.
707 1053 842 1128 Paulus
863 1055 1048 1152 episcopus
1072 1053 1227 1128 Cesariae
1244 1054 1474 1150 Cappadociae
1489 1055 1592 1129 dixit

376 1167 561 1242 Sententia
579 1167 707 1265 synodi
724 1166 806 1240 data
819 1177 874 1241 est
889 1178 1012 1242 contra
1029 1165 1225 1262 Ignatinm
1242 1166 1333 1241 etin
1358 1167 1509 1242 ecclesia
1534 1192 1593 1240 uo

375 1290 450 1354 stra
469 1280 528 1354 ille
546 1279 617 1352 iam
635 1305 779 1355 causam
800 1279 994 1354 nonhabet
1018 1290 1055 1354 et
1071 1280 1290 1376 questionem
1308 1304 1378 1354 non
1396 1280 1507 1369 venit,
1531 1282 1593 1356 sed

373 1403 514 1494 propter
526 1392 694 1467 honorem
703 1393 820 1468 sancti
831 1393 927 1468 Petri
936 1401 972 1468 et
980 1392 1198 1466 sanctissimi
1212 1401 1248 1467 et
1260 1393 1477 1468 universalis
1487 1395 1593 1491 Papae

378 1507 533 1605 Nycolai
544 1508 707 1582 renovari
716 1533 862 1583 causam
871 1508 960 1596 eius,
969 1514 1004 1582 et
1017 1505 1166 1580 iudicari
1176 1505 1293 1602 placet
1304 1505 1469 1580 omuibus
1482 1506 1592 1580 nobis.

374 1620 592 1718 Apoorisarii
610 1624 714 1719 Papa
731 1621 907 1697 dixerunt.
923 1625 996 1696 Nos
1013 1619 1130 1694 Iocum
1143 1628 1304 1695 tenentes
1318 1619 1460 1696 Domini
1477 1621 1590 1695 nostri

371 1733 511 1808 Nicolai
524 1736 640 1832 Papae,
657 1734 853 1809 secuudum
871 1733 1122 1809 auctoritatem
1135 1745 1339 1808 sauctorum
1355 1743 1495 1831 patrum
1509 1737 1593 1807 Sar·

371 1845 526 1920 dioensis
543 1845 686 1922 concilii
703 1846 871 1921 volumus
888 1845 1011 1922 venire
1029 1845 1212 1941 Ignatium
1237 1855 1321 1919 ante
1338 1869 1411 1934 nos,
1434 1854 1469 1920 et
1494 1869 1593 1920 reno-

370 1983 456 2034 vare
474 1959 647 2034 iudicium
666 1959 754 2035 eius.
770 1964 871 2037 Item.
888 1960 1022 2035 Paulus
1039 1959 1224 2056 episcopus
1241 1957 1398 2033 Cesariae
1415 1958 1593 2057 Cappadc

373 2072 441 2145 xire
454 2071 554 2146 dixit.
575 2073 629 2146 Ab
646 2073 807 2149 aeeclesia
825 2083 945 2149 nostra
957 2095 1027 2148 non
1039 2071 1143 2146 debet
1159 2071 1280 2146 vocari
1298 2072 1494 2167 Ignatium.
1512 2072 1592 2146 Pla-

371 2195 429 2260 cet
446 2193 566 2260 autem
585 2185 756 2261 aecclesiae
772 2197 901 2261 nostrae
917 2198 1057 2286 propter
1073 2187 1241 2260 honorem
1263 2185 1434 2282 principis
1458 2195 1594 2283 aposto·

371 2296 485 2371 lorum
500 2307 536 2373 et
548 2298 681 2372 domini
696 2302 800 2398 Papae
813 2301 977 2397 Nycolai,
989 2300 1105 2374 fecere
1118 2300 1208 2398 quod
1222 2298 1323 2373 vobis
1337 2300 1487 2374 videtur.
1501 2306 1592 2397 Apo·

368 2410 510 2485 crisarii
524 2415 629 2509 Papae
642 2412 819 2488 dixerunt.
831 2417 904 2488 Nos
917 2438 1003 2512 quos
1016 2413 1180 2501 facimus,
1193 2411 1406 2486 auctoritate
1419 2413 1592 2488 canonica

375 2523 539 2597 facimus.
556 2525 752 2622 Nequando
769 2536 950 2624 quaeratur
966 2551 1004 2602 se
1028 2527 1154 2600 bonam
1180 2549 1326 2599 causam
1353 2524 1492 2614 habere,
1516 2550 1593 2624 pro

371 2649 492 2736 pterea
509 2637 677 2713 volumus
695 2665 865 2716 renovare
878 2641 1062 2718 iudicium.
1079 2641 1179 2712 Item.
1197 2637 1367 2734 Ignatius
1383 2638 1590 2734 apocrisarii

368 2752 472 2826 dixit.
492 2757 585 2827 Ante
597 2753 918 2851 interrogationem
937 2752 1197 2853 praeiudicastis
1214 2777 1279 2826 me.
1298 2752 1516 2849 Apocrisarii
1540 2753 1592 2826 di-

370 2875 510 2940 xerunt.
527 2867 734 2953 Quomodo?
750 2869 916 2964 Ignatius
932 2868 1031 2942 dixit.
1049 2867 1141 2954 Quia
1158 2891 1320 2941 vescum
1338 2866 1419 2940 sitis
1435 2866 1591 2964 episcopi

370 2977 510 3068 sedetis,
529 2988 646 3054 stante
664 3005 730 3074 me,
748 2983 810 3078 qui
828 3009 908 3055 sum
930 2979 1143 3080 patriarcha.
1169 2979 1386 3076 Apoorisarii
1411 2978 1588 3054 dixerunt.

370 3090 545 3177 Quoniam
560 3091 598 3164 in
612 3093 744 3168 iudicio
756 3119 804 3182 es
818 3105 853 3170 et
866 3119 929 3168 nos
942 3094 1083 3193 quidem
1098 3095 1263 3192 quamvis
1276 3093 1451 3191 episcopis
1463 3092 1589 3181 simus

369 3203 486 3280 Iocum
505 3214 625 3279 tamen
643 3207 824 3303 apostolici
842 3207 961 3282 throni
978 3217 1151 3282 tenemus.
1168 3206 1335 3301 Ignatius
1348 3206 1446 3280 dixit.
1462 3209 1508 3280 Et
1520 3229 1589 3301 ego

348 3363 350 3370 ι
368 3317 538 3392 thronum
555 3317 666 3393 habeo
684 3319 851 3394 Iohannis
871 3320 1026 3417 Apostoli
1045 3329 1081 3394 ct
1099 3320 1250 3394 Andreae
1271 3319 1333 3417 qui
1358 3318 1514 3417 primum
1532 3343 1591 3393 vo

368 3441 471 3506 cetus
489 3441 543 3507 est
560 3432 759 3532 discipulus
777 3433 922 3508 Christi.
942 3433 1157 3531 Apoorisarii
1175 3433 1350 3507 dixerunt.
1369 3433 1437 3506 Sed
1454 3455 1523 3506 uon
1538 3433 1591 3504 in-

369 3543 534 3618 venimus
552 3545 735 3620 resedente
753 3545 789 3618 in
808 3545 942 3622 throno.
960 3547 1126 3642 Ignatius
1151 3545 1251 3620 dixit.
1276 3546 1314 3619 Si
1340 3544 1427 3619 iusti
1452 3545 1590 3620 iudices

368 3655 465 3744 estis,
480 3655 720 3730 redderemihi
731 3655 898 3730 thronum
915 3683 1032 3734 meum
1045 3659 1189 3746 debetis,
1202 3669 1238 3733 et
1251 3659 1302 3734 sic
1315 3660 1485 3734 iudicare.
1497 3663 1589 3733 Item

369 3767 578 3866 apocrisarii
596 3769 772 3845 dixerunt.
798 3777 999 3847 Accusatus
1023 3797 1061 3847 es
1086 3773 1182 3869 apud
1206 3771 1434 3870 apostolicam
1460 3771 1589 3846 sedem.

368 3881 536 3978 Ignatius
553 3881 652 3956 dixit.
670 3885 728 3957 Me
746 3893 945 3980 presentem
962 3897 1226 3962 accusaverunt
1244 3890 1361 3961 Romae
1382 3885 1442 3960 vel
1465 3885 1588 3960 absen-

368 4006 441 4070 tem
451 4000 468 4070 ‘3
480 3996 696 4093 Apoorisarii
706 3996 882 4071 dixerunt.
892 4000 967 4073 Hoc
982 3999 1116 4072 malum
1128 4008 1183 4074 est
1195 3999 1271 4088 tibi,
1283 3998 1368 4096 quia
1381 4023 1465 4072 cum
1477 4023 1584 4074 accu-

371 4108 497 4183 satoris
515 4119 570 4184 est
584 4113 713 4198 Romae,
725 4111 869 4208 scripsit
882 4111 946 4184 tibi
959 4113 1173 4188 Benedictus
1187 4115 1282 4210 Papa
1297 4123 1336 4186 ut
1349 4112 1586 4208 responderes.

368 4227 422 4298 Tu
441 4246 526 4298 vero
543 4248 656 4321 neque
682 4249 743 4321 per
767 4234 802 4299 te
827 4224 956 4323 ipsum,
981 4251 1095 4323 neque
1120 4251 1182 4323 per
1207 4225 1316 4298 alium
1342 4224 1515 4319 dignatus
1545 4248 1584 4298 es

365 4337 584 4437 respondere.
598 4337 774 4413 Venimus
787 4362 872 4434 erga
886 4340 1103 4437 perscrutari
1117 4365 1264 4414 causam
1277 4348 1389 4427 tuam,
1403 4337 1504 4412 iuxta
1517 4349 1588 4410 tra-

365 4450 533 4530 ditionem
548 4461 752 4530 sauotorum
767 4461 909 4553 patrum
924 4463 960 4532 et
973 4477 1160 4530 canonum.
1173 4456 1261 4530 Item
1276 4449 1588 4554 apocrisariidixe·
