3646 5292
887 327 1083 442 -26G-

368 521 407 571 re
424 495 575 570 nimium
593 495 815 572 admiramur
832 522 898 573 eur
923 496 962 572 in
987 499 1040 574 eis
1064 499 1319 575 ecclesiastiea
1343 521 1414 576 non
1439 502 1594 576 teneatis

368 611 533 707 regulam
551 610 760 709 disciplina,
782 637 850 688 nee
866 635 926 688 eos
949 612 1121 687 dissolute
1146 621 1324 709 vagantes
1348 613 1386 686 in
1411 613 1527 688 deviis
1550 613 1594 688 ad

368 741 529 798 normam
544 726 678 822 sumpti
691 725 798 801 officii
811 726 968 802 districti
982 725 1235 802 moderaminis
1246 726 1347 801 freno
1357 725 1594 823 restringatis.

373 837 516 914 Dicitur
533 838 640 912 etiarn
658 839 751 936 quod
767 839 879 937 aliqui
898 864 942 914 ex
958 839 1011 914 eis
1036 839 1079 915 de
1100 839 1374 914 contumacibus
1395 839 1538 916 clericis
1555 849 1595 915 ut

370 951 511 1026 defendi
521 962 645 1027 contra
659 976 722 1027 ros
735 952 892 1043 valeant,
901 955 945 1028 ad
955 954 1087 1028 Vitalis
1102 953 1307 1030 Defensoris
1321 953 1433 1028 nostri
1448 955 1596 1052 patroci-

371 1067 432 1141 nia
442 1068 749 1145 convolareUnde
764 1068 809 1143 ad
824 1093 905 1143 eum
921 1068 1185 1165 scriptanostra
1194 1067 1405 1156 direximus,
1416 1091 1463 1143 ne
1476 1091 1596 1164 quern-

369 1207 478 1280 quam
491 1181 706 1259 clericorum
716 1191 919 1259 vestrorum
933 1190 1057 1258 contra
1070 1205 1134 1256 ros
1147 1181 1292 1257 valeant
1305 1180 1596 1257 irrationabiliter

373 1295 489 1370 denuo
506 1296 637 1371 audeat
653 1295 847 1372 defensare.
865 1296 935 1372 Sed
952 1295 983 1370 si
1000 1295 1115 1394 culpa
1133 1320 1238 1371 casus
1255 1295 1451 1384 emerserit,
1463 1303 1500 1372 et
1515 1319 1596 1393 gra-

372 1409 430 1482 vis
456 1431 527 1484 non
550 1419 615 1498 est,
633 1410 692 1485 sed
710 1434 789 1506 quae
806 1410 949 1485 veniam
975 1419 1154 1487 mereatur
1178 1411 1392 1485 intercessor
1416 1410 1510 1507 apud
1534 1434 1596 1486 vos

371 1524 491 1620 magis
505 1524 673 1600 accedere
686 1523 927 1622 debeatquarn
941 1523 1113 1600 defensor.
1122 1529 1177 1600 Ne
1190 1547 1275 1620 ergo
1284 1533 1358 1598 tarn
1367 1524 1412 1599 ad
1424 1547 1489 1598 nos
1501 1524 1596 1599 dein-

368 1638 502 1736 cepsde
515 1629 757 1714 subiectoruin
767 1650 968 1715 vestrorum
979 1649 1185 1737 contemptu
1198 1639 1390 1737 quicquam
1401 1638 1596 1737 perveniat,

368 1777 579 1852 praecavere.
599 1756 644 1827 Et
660 1753 766 1850 paulo
783 1765 870 1851 post.
887 1757 1004 1841 Quam
1018 1753 1263 1828 verecundum
1280 1752 1328 1826 sit
1343 1761 1382 1825 ut
1395 1751 1596 1826 fraternita-

366 1877 439 1942 tem
456 1877 613 1942 vestram
631 1867 819 1942 admonere
836 1868 1033 1956 videamur,
1054 1875 1234 1964 quatenus
1249 1865 1388 1941 elerum
1406 1891 1514 1940 suum
1531 1865 1595 1942 sub

368 1979 567 2078 disciplina
585 1981 711 2076 rigore
730 1982 939 2077 restringat,
963 1981 1068 2056 eredo
1086 1979 1178 2078 quod
1197 1979 1317 2054 eadem
1337 1987 1457 2054 vestra
1475 1980 1598 2056 frater·

369 2093 465 2169 nitas
491 2095 600 2170 tacite
617 2105 653 2169 et
670 2094 747 2196 ipsa
763 2095 972 2182 considerat.

915 2260 1038 2346 LXVI.
1126 2263 1128 2266 ’

467 2434 665 2532 Gregorius
682 2434 876 2512 Deusdedit
892 2435 1053 2532 episeopo
1066 2433 1333 2509 Mediolanensi.
1348 2433 1449 2509 Nulli
1463 2445 1518 2511 est
1534 2437 1596 2510 du·

373 2547 472 2622 bium
488 2548 571 2646 quia
586 2549 681 2624 sicut
694 2549 936 2625 sacerdotibus
950 2547 1057 2623 resin
1071 2548 1274 2647 episcopatu
1288 2547 1484 2646 acquisitas
1497 2549 1596 2623 nulla

374 2672 430 2737 est
446 2663 627 2738 alienandi
644 2662 802 2753 licentia,
819 2665 870 2738 itu
887 2657 924 2738 et
948 2663 990 2738 de
1008 2664 1059 2737 eis
1077 2686 1167 2760 quas
1184 2673 1268 2738 ante
1283 2662 1477 2738 habuerint
1501 2663 1597 2762 quic·

371 2799 477 2872 quarn
498 2775 658 2851 iudicare
675 2775 857 2852 voluerint
873 2800 941 2850 non
960 2785 1140 2852 vetantur.

911 2951 1051 3037 LXVII.

463 3127 661 3222 Gregorius
678 3125 864 3202 Dominico
882 3127 1135 3222 Cartaginensi
1154 3126 1322 3226 episeopo.
1348 3127 1451 3205 Sicut
1475 3137 1596 3202 nostra

371 3238 565 3336 privilegia
582 3239 816 3330 defendimus,
830 3239 880 3313 ita
906 3240 1062 3336 singulis
1086 3241 1248 3316 eeclesiis
1272 3266 1338 3314 sua
1363 3241 1595 3316 defendimus,

372 3356 406 3426 N
409 3379 450 3429 ec
467 3353 617 3428 cuilibet
631 3353 774 3429 favente
788 3355 907 3450 gratia
920 3353 1016 3427 ultra
1030 3377 1136 3452 quam
1150 3363 1308 3429 meretur
1320 3354 1516 3452 imperti0r,
1528 3377 1594 3430 neo

371 3465 439 3539 ulli
457 3467 549 3564 quod
567 3470 623 3542 sui
640 3467 731 3542 iuris
749 3479 803 3543 est
821 3468 1008 3564 derogabo,
1028 3466 1090 3541 sed
1114 3465 1244 3542 fratres
1269 3490 1365 3542 meos
1390 3491 1452 3565 per
1476 3467 1593 3542 omnia

367 3579 542 3678 honorare
556 3581 670 3678 cupio.
685 3580 815 3678 Sieque
829 3580 993 3677 singulos
1006 3580 1137 3654 honore
1150 3580 1511 3672 subvehi,dummodo
1522 3604 1591 3658 non

366 3695 414 3769 sit
430 3694 522 3792 quod
540 3693 645 3770 alteri
662 3694 740 3770 inre
756 3694 801 3799 ab
818 3693 930 3770 altero
947 3695 1057 3792 pessit
1073 3693 1210 3792 opponi.

898 3869 1057 3954 LXVIII.

464 4046 664 4142 Gregorius
680 4044 886 4141 Augustino
899 4043 1059 4142 episeopo
1072 4046 1435 4142 Anglorum.Mosest
1448 4048 1589 4142 Aposto-

366 4159 447 4236 licae
467 4160 560 4235 sedis
578 4158 739 4234 ordinate
756 4159 927 4256 Episcopo
944 4169 1119 4257 praecepta
1136 4159 1287 4248 tradere,
1304 4167 1346 4232 ut
1361 4159 1403 4232 de
1421 4157 1517 4232 omni
1530 4156 1589 4231 sti-

367 4273 492 4372 pendio
510 4273 601 4372 quod
614 4273 763 4363 accedit,
776 4275 845 4346 IIII
863 4272 1013 4346 debeant
1030 4273 1107 4347 fieri
1125 4273 1310 4372 portiones.
1323 4276 1404 4348 Una
1423 4271 1588 4347 videlieet

367 4389 539 4488 Episcopo
557 4399 593 4464 et
605 4388 753 4462 familiae
765 4388 843 4462 eius
856 4395 997 4486 propter
1013 4386 1265 4484 ospitalitatem
1279 4395 1386 4484 atque
1399 4386 1588 4486 susceptio

366 4528 460 4582 nem.
470 4501 552 4581 Alia
561 4503 674 4580 Clero.
688 4501 808 4578 Tertia
821 4500 1046 4604 pauperibus.
1056 4503 1191 4592 Quarta
1202 4499 1363 4579 ecelesiis
1374 4498 1588 4600 reparandis
