3618 5316
898 399 1094 465 -354-

390 538 476 594 vero
484 517 566 618 quis
574 517 747 596 laicorum
760 519 804 594 ed
817 519 1095 596 concertandum
1109 528 1146 596 ct
1159 523 1416 621 cooperandum
1430 521 1609 598 invitatur

390 633 436 710 ab
449 633 622 724 eeclesia,
630 633 717 710 licet
724 633 929 710 huiusmodi
938 659 1022 710 cum
1032 637 1234 710 reverentia
1246 636 1277 710 si
1290 637 1380 712 forte
1389 636 1541 712 voluerit
1549 659 1608 734 op

390 755 587 846 temperare
601 770 638 822 se
647 748 916 823 asciscentibus,
928 746 1063 822 Taliter
1075 748 1171 823 enirn
1185 748 1337 845 dignum
1351 758 1525 847 pastorem
1538 749 1606 823 sibi

390 860 607 956 regulariter
630 861 686 936 ad¹
699 887 801 936 suam
823 862 1020 938 eeclesiam
1046 860 1200 940 salutem
1222 871 1413 960 promovet.
1435 863 1606 960 Quisquis

391 981 513 1046 autem
531 973 759 1048 secularium
774 975 976 1073 principum
990 987 1027 1052 et
1040 977 1237 1075 potentium
1251 975 1310 1052 vel
1328 976 1477 1051 alterius
1492 975 1608 1072 digni·

389 1085 475 1160 tetis
492 1085 608 1162 laicus
624 1088 797 1164 adversus
813 1113 1039 1165 communem
1056 1113 1099 1164 ac
1115 1085 1367 1165 consonantem
1385 1097 1492 1186 atque
1504 1111 1606 1163 ceno

390 1199 510 1274 uicum
528 1200 735 1277 electionem
753 1201 988 1280 ecclesiastIci
1005 1202 1139 1278 ordinis
1151 1225 1260 1299 agere
1272 1203 1514 1301 temptaverit,
1525 1226 1608 1275 ana-

390 1309 512 1386 thema
527 1313 585 1402 sit,
597 1313 708 1391 donec
720 1315 858 1390 obediat
871 1326 908 1392 et
919 1318 1120 1394 consentiat
1131 1317 1224 1416 quod
1237 1318 1400 1396 aecclesia
1412 1317 1455 1393 de
1468 1317 1608 1393 electio

390 1447 435 1498 ne
451 1433 488 1499 et
503 1425 723 1505 ordinatione
741 1430 874 1530 proprii
892 1431 1057 1528 presulis
1073 1455 1111 1508 se
1129 1431 1224 1509 velle
1241 1431 1505 1508 monstraverit.

940 1603 1054 1720 xvu.

767 1835 996 1902 Apostolorum
1016 1850 1088 1904 cap.
1108 1837 1225 1889 XXXI.

489 1995 528 2068 Sr
549 2021 627 2079 ovis
648 1997 833 2097 episcopus
858 1973 1093 2074 secularibus
1119 1997 1353 2097 potestatibus
1378 2023 1466 2075 usus
1490 1997 1612 2073 aeccle·

390 2104 482 2180 siam
495 2130 557 2206 per
569 2107 664 2206 ipses
676 2110 844 2208 optineat
856 2111 1101 2210 deponaturet
1113 2121 1339 2210 segregetur,
1350 2133 1544 2210 omnesque
1556 2111 1611 2183 illi

391 2222 663 2300 commonicant.

935 2412 1066 2498 XVIII.

695 2617 745 2667 Ex
763 2617 898 2669 concilio
917 2615 1100 2668 Laodicenc
1121 2626 1195 2678 cap.
1214 2615 1302 2666 XIII.

486 2779 566 2851 Non
583 2785 639 2852 est
655 2776 933 2874 permittendum
951 2775 1055 2852 turbe
1067 2775 1258 2851 electiones
1271 2797 1392 2850 eorum
1406 2773 1534 2864 facere,
1548 2773 1611 2871 qui

391 2892 537 2966 suntad
555 2891 792 2968 sacerdotium
811 2892 1049 2990 promovendi.

925 3083 1076 3169 xvuu.
1123 3065 1127 3074 '
1238 3205 1243 3212 Ι

706 3288 755 3339 Ex
773 3288 902 3340 concilii
920 3285 1110 3339 Antiochum
1128 3297 1199 3350 eep.
1219 3284 1290 3335 ΧΗ.

381 3503 395 3524 .·
489 3461 528 3532 Sr
547 3484 626 3542 ov1s
642 3483 664 3531 e
680 3458 819 3558 proprio
837 3458 1008 3556 Episcopo
1021 3454 1214 3552 Presbyter
1230 3463 1294 3527 aut
1307 3453 1498 3541 Diaconus,
1509 3463 1612 3524 aute

393 3573 514 3648 sinodo
530 3573 639 3648 suerit
656 3572 841 3670 episcopus
857 3573 948 3647 forte
965 3571 1191 3666 dampnatus,
1208 3577 1244 3643 et
1267 3570 1494 3666 Imperatoris
1518 3569 1611 3640 auri·

391 3687 459 3762 bus
478 3687 648 3762 molestus
664 3685 834 3775 extiterit,
850 3693 987 3784 oportet
1002 3681 1048 3756 ed
1066 3705 1194 3754 manus
1207 3679 1450 3778 episcoporum
1467 3701 1614 3754 conver·

391 3802 421 3876 ti
433 3800 644 3890 concilium,
660 3810 698 3875 et
714 3824 794 3897 quae
811 3799 1021 3898 putaverint
1037 3795 1168 3871 hebere
1185 3794 1283 3868 iusta
1299 3792 1465 3891 plurimis
1481 3793 1614 3890 episco-

391 3915 446 4011 pis
459 3922 672 4009 suggerant,
684 3935 880 4010 eorumque
893 3909 1131 3988 discussiones
1143 3934 1186 3984 ec
1202 3907 1337 3983 iudicia
1353 3905 1613 4006 prestolentur.

393 4025 431 4100 Si
449 4049 533 4100 vero
550 4024 616 4099 hoc
633 4023 734 4122 parvi
753 4025 957 4123 pendentes,
982 4023 1120 4098 molesti
1146 4023 1283 4097 fuerint
1307 4020 1524 4120 imperatori,
1549 4019 1613 4094 hos

392 4137 493 4212 nulla
511 4137 617 4212 venia
634 4137 762 4233 dignos
780 4161 866 4226 esse,
884 4161 949 4212 nec
966 4137 1083 4212 locum
1104 4130 1359 4210 satisfactionis
1376 4132 1519 4222 habere,
1543 4157 1614 4208 nec

390 4275 489 4348 spem
508 4249 641 4324 future
657 4245 895 4324 restitutionis
912 4249 1055 4347 penitus
1071 4248 1234 4347 optineri.
