3646 5292
763 421 802 436 -
826 391 893 456 209
916 423 959 438 -

250 515 287 582 et
303 506 399 584 dicet
414 533 524 584 unam
541 509 735 584 orationem
753 508 791 583 in
809 509 952 584 modum
969 507 1135 585 collectae.
1154 507 1315 584 Alteram
1332 531 1372 583 eo
1396 529 1468 582 mo-

247 621 427 698 dulamine
445 647 514 722 quo
531 624 619 698 solet
635 624 845 698 contestatio
862 622 960 697 dicit.
979 626 1025 696 Et
1041 622 1139 696 sedet
1157 621 1320 695 Pontifex
1332 622 1371 694 in
1384 621 1464 696 sede

247 761 312 811 sua
329 745 366 811 et
382 745 568 811 consecrat
583 760 676 811 eum.
694 739 773 834 Ipsa
789 759 875 810 vero
887 737 1070 810 osculatur
1086 737 1191 835 pedes
1204 735 1294 824 eius,
1306 745 1343 810 et
1355 735 1467 809 susei-

246 851 344 948 pitur
359 851 405 925 ad
421 874 544 949 paoem
558 859 594 924 et
607 849 659 924 sie
672 858 905 924 consumatur
918 851 1138 926 consecratio
1151 850 1238 925 eius.
1252 853 1299 924 Et
1315 849 1466 923 domnus

245 964 458 1061 apostolicus
483 963 629 1038 missam
647 963 803 1066 celebrat
819 971 855 1038 et
871 963 1055 1039 ordinatus
1080 964 1264 1064 episcopus
1290 962 1333 1038 de
1354 987 1465 1036 manu

246 1078 323 1152 eius
339 1078 624 1153 communionem
641 1078 805 1178 accipiat.

753 1281 957 1367 lxxxxii.

371 1487 423 1540 Ex
440 1485 523 1542 libro
543 1487 759 1540 Romanorum
777 1487 970 1540 Pontificum
988 1487 1045 1551 qut
1063 1484 1182 1538 dicitur
1201 1481 1345 1552 diurnus.

339 1647 592 1724 Dilectissimis
608 1649 781 1724 fratribus
798 1648 959 1722 Dominis
976 1646 1170 1746 Episcopis
1187 1645 1239 1719 ill.
1256 1644 1317 1718 ille
1336 1641 1464 1718 Archi·

246 1760 434 1858 presbyter
451 1771 486 1836 et
503 1761 565 1836 ille
579 1761 865 1837 Archidiaconus
877 1773 912 1836 et
924 1761 986 1836 ille
1000 1760 1232 1835 Primieerius
1245 1755 1463 1831 notariorum

245 1884 431 1949 servantes
448 1873 567 1948 locum
595 1875 697 1950 Sedis
723 1873 943 1972 Apostolicae.
960 1871 1238 1946 Dilectissimam
1263 1867 1465 1943 fraternita-

244 1993 318 2059 tem
336 1995 493 2060 vestram
512 1987 639 2061 Domni
658 1987 708 2060 ill.
725 1986 909 2061 Pontificis
925 1986 1060 2061 obitum
1077 1984 1268 2081 agnovisse
1280 2005 1351 2056 non
1363 1980 1463 2054 dubi·

244 2106 374 2172 temus.
392 2101 444 2174 De
462 2100 566 2175 cuius
583 2110 704 2176 tamen
722 2101 901 2198 insperato
917 2099 1014 2174 obitu
1041 2097 1196 2172 maxima
1221 2119 1285 2170 nos
1304 2092 1462 2168 tristitiae

243 2209 354 2285 moles
370 2210 618 2302 obstrinxerat,
637 2221 677 2286 ut
695 2221 773 2310 pote
790 2222 890 2288 tanto
906 2223 1052 2310 tamque
1069 2215 1141 2287 Deo
1158 2211 1268 2306 digno
1283 2216 1383 2306 patro
1403 2207 1461 2281 de·

242 2325 395 2402 stitutos.
413 2328 482 2402 Sed
499 2328 561 2402 diu
579 2328 618 2402 in
634 2327 824 2404 afflictione
850 2329 1039 2425 persistere
1063 2335 1232 2402 consueta
1257 2323 1321 2398 Dei
1346 2321 1459 2398 nostri

239 2438 446 2536 benignitas
463 2449 646 2540 sperantes
663 2441 701 2514 in
719 2467 757 2517 se
774 2465 844 2517 non
862 2441 1033 2540 permisit.
1045 2440 1156 2515 Nobis
1168 2439 1265 2514 enim
1279 2440 1317 2511 in
1330 2436 1458 2512 oratio

240 2576 285 2627 ne
303 2553 541 2642 manentibus,
558 2563 599 2628 ut
616 2553 717 2629 nobis
734 2554 878 2630 celestis
895 2554 1059 2650 dignatio
1071 2553 1340 2642 demonstraret,
1352 2575 1458 2650 quem

238 2664 389 2760 dignum
408 2666 452 2740 ad
470 2667 731 2741 successionem
753 2668 960 2764 Apostolicae
977 2668 1069 2742 vicis
1086 2667 1226 2742 iuberet
1238 2666 1458 2762 eligendum,

239 2779 317 2852 eius
334 2779 454 2872 gratia
472 2777 705 2874 suffragante,
718 2788 753 2854 et
770 2781 930 2853 omnium
943 2781 1075 2852 animis
1088 2780 1296 2878 inspirante,
1315 2779 1372 2853 die
1390 2785 1458 2852 ter·

235 2889 287 2962 tia
300 2897 341 2962 ut
353 2889 462 2963 moris
475 2897 529 2964 est
545 2889 647 2963 nobis
664 2892 701 2963 in
715 2916 829 2964 unum
844 2890 1150 2978 convenientibus,
1164 2891 1255 2966 idest
1268 2891 1457 2965 sacerdoti·

237 3000 313 3090 bus,
331 3012 367 3076 et
382 3002 518 3091 levitis,
535 3012 571 3078 et
589 3003 726 3102 reliquo
751 3003 846 3079 clero
871 3004 1097 3079 axiomaticis
1113 3004 1221 3088 etiam
1239 3011 1276 3078 et
1291 3003 1454 3100 generali

236 3113 376 3204 militia,
392 3137 436 3189 ac
452 3115 588 3190 civium
616 3116 862 3204 universitate,
879 3126 916 3192 et
938 3126 1070 3192 cuneta
1087 3117 1323 3213 generalitate
1348 3118 1454 3192 istius

235 3250 256 3299 a
273 3229 345 3301 Deo
358 3228 608 3302 conservanda
620 3231 787 3303 Romanae
799 3231 898 3304 urbis
911 3230 949 3302 in
963 3252 1111 3329 persona
1125 3229 1266 3303 Domini
1280 3230 1331 3304 ill.
1344 3230 1454 3304 huius

233 3341 431 3437 apostolieae
448 3341 542 3416 sedis
558 3344 726 3417 Romenae
750 3342 909 3418 ecelesiae
934 3341 1136 3416 Cardinalis
1161 3342 1368 3440 Presbyteri
1393 3341 1454 3416 vel

234 3453 391 3540 Diaconi‚
408 3457 481 3528 Deo
499 3465 717 3552 cooperante,
734 3455 919 3530 beatorum
933 3455 1181 3552 Apostolorum
1195 3453 1451 3529 intercessione

232 3565 415 3640 concurrit
432 3574 539 3662 atque
556 3566 737 3642 consensit
753 3565 887 3644 electio.
906 3567 1020 3642 Cuius
1033 3567 1217 3643 decretum
1231 3567 1452 3643 sollemniter

231 3679 413 3768 facientes,
426 3689 462 3753 et
474 3679 647 3753 desideria
660 3681 820 3754 cordium
839 3682 935 3757 eirca
953 3682 1031 3757 eius
1051 3682 1259 3758 electionem
1273 3707 1449 3756 manuum

231 3791 550 3889 subscriptionibus
559 3793 809 3867 confirmantes
823 3795 1028 3890 profitemur
1041 3795 1159 3892 ipsum
1173 3798 1245 3869 Deo
1257 3793 1448 3870 amabilem

230 3913 391 3978 nostrum
409 3903 578 3992 electum,
595 3917 749 3994 castum,
763 3906 945 4002 pudicum,
959 3905 1126 3994 sobrium,
1138 3931 1181 3980 ao
1193 3907 1402 4002 benignum,
1414 3917 1450 3980 et

231 4015 268 4088 in
278 4017 443 4092 omnibus
456 4017 524 4116 piis
534 4015 698 4114 operibus
708 4027 1020 4116 assuetum,atque
1033 4018 1231 4093 orthodoxae
1240 4019 1320 4095 fidei
1328 4031 1450 4096 etsen-

230 4139 368 4203 ntorum
386 4139 527 4227 patrum
541 4129 772 4204 traditionum
787 4131 1018 4218 defensorem,
1031 4141 1067 4205 et
1079 4131 1314 4206 fortissimum
1332 4133 1458 4213 obser.¹

229 4251 397 4316 vaterem.
411 4245 518 4317 Hunc
531 4243 651 4340 itaque
665 4267 787 4316 omnes
804 4253 942 4339 utpote
958 4253 1033 4317 tam
1052 4244 1286 4319 mitissimum
1303 4255 1447 4342 tamque

229 4356 301 4428 Deo
309 4355 473 4450 dignum,
482 4355 702 4430 unanimiter
715 4355 815 4430 nobis
828 4355 1000 4450 eligimus
1014 4357 1050 4429 in
1065 4367 1238 4454 pastorem
1249 4367 1355 4455 atque
1365 4382 1448 4455 pon·

226 4467 369 4542 tificem.
378 4467 482 4544 Unde
493 4467 537 4541 ob
548 4467 627 4542 eius
640 4468 695 4564 pie
703 4471 985 4567 conversationis
999 4471 1285 4566 magnitudinem
1298 4469 1458 4546 immen·.

1230 4585 1262 4636 14
