3618 5316
883 336 1016 400 -300
1041 371 1082 387 -

372 453 566 532 utilitatem
583 453 811 531 commissam
828 455 1021 554 peregerit,
1032 463 1116 532 ante
1128 453 1383 554 omnipotentis
1392 454 1458 530 Dei
1470 456 1593 532 oculos

373 568 618 646 intercedente
637 568 740 646 beato
758 573 864 646 Petro
882 570 1129 669 Apostolorum
1148 569 1316 668 Principe
1331 568 1515 645 actionum
1533 593 1593 645 ve·

370 693 528 760 strarum
546 683 746 762 mercedem
763 685 939 776 invenire,
951 695 988 760 et
1000 684 1079 760 cius
1091 707 1231 782 semper
1243 681 1452 758 debitricem
1470 683 1593 760 recole·

371 799 462 874 siam
480 798 611 876 habere
636 799 797 874 veleatis.
813 803 891 877 Nec
914 799 1011 876 enim
1039 822 1172 874 novum
1202 797 1304 873 robis
1332 808 1397 887 est,
1413 797 1484 872 ista
1512 823 1593 897 qum

371 912 552 1012 poscimus
575 936 694 1010 agere.
711 915 804 988 Nam
831 913 936 988 multi
953 914 1079 990 exinde
1097 913 1295 1003 venientes
1312 921 1414 988 tanta
1430 912 1474 988 de
1491 914 1592 990 robis

373 1025 495 1101 testati
518 1035 616 1115 sunt,
632 1035 673 1100 ut
688 1026 856 1102 maiorem
874 1027 917 1102 dc
934 1027 1168 1104 sublimitatis
1185 1037 1314 1104 rcstrae
1330 1028 1487 1103 bonitate
1504 1029 1592 1103 fidu·

375 1139 468 1216 ciam
488 1163 615 1239 capere
633 1167 739 1241 quam
757 1141 841 1217 olim
858 1141 1052 1217 habuimus
1068 1142 1268 1218 debeamus.
1282 1141 1458 1229 Quoniam
1476 1151 1594 1240 postu·

375 1253 494 1330 lamus
520 1255 683 1354 petitiora
708 1255 785 1331 sine
810 1255 916 1332 dubio
939 1259 1098 1334 creditur
1122 1257 1301 1346 exhibere,
1318 1255 1379 1354 qui
1406 1257 1594 1331 consuerit

372 1369 481 1444 etiarn
499 1393 568 1443 non
586 1370 763 1467 postulata
778 1382 960 1470 prestare.
970 1372 1203 1469 Omnipotens
1213 1373 1311 1445 Deus
1323 1370 1368 1444 ab
1385 1370 1481 1444 omni
1499 1371 1594 1446 malo

371 1505 436 1557 vos
453 1493 618 1581 protegat
633 1493 670 1560 et
686 1483 728 1560 de
742 1495 862 1561 vostra
876 1509 940 1561 nos
953 1485 1155 1562 diutissime
1168 1485 1285 1561 solute
1299 1484 1409 1560 faciat
1420 1485 1591 1582 gaudere.

891 1687 1082 1772 oxxrssr.

689 1867 693 1882 ¹
759 1893 796 1943 ln
815 1891 931 1946 eodem
951 1891 995 1944 ad
1013 1893 1209 1959 Episcopus.

467 2055 643 2131 Iohannes
660 2055 846 2158 episcopus
863 2080 990 2130 servus
1007 2079 1192 2130 servorum
1211 2053 1276 2130 Dei
1302 2052 1353 2128 ill.
1371 2053 1555 2152 Episcopis
1572 2081 1597 2128 a

374 2167 529 2266 paribus.
547 2167 601 2244 Ill.
619 2169 781 2244 notarius
795 2179 929 2246 sanctie
946 2179 1075 2243 nostrae
1094 2168 1265 2244 aecclcsiae
1282 2167 1538 2266 patrimonium
1556 2169 1597 2242 in

378 2281 495 2356 insula
513 2281 564 2357 ill.
581 2284 705 2374 situm,
722 2283 767 2357 ab
782 2283 849 2359 hoc
871 2283 1037 2382 praescnti
1050 2306 1144 2358 anno
1161 2281 1357 2357 Dominicae
1381 2281 1597 2357 incarnatio-

375 2395 435 2470 nis
445 2399 483 2471 M
500 2395 551 2471 ill.
569 2397 641 2472 Deo
654 2396 851 2472 auxiliante
865 2397 1140 2493 gubernandum
1156 2396 1329 2472 noveritis
1342 2421 1418 2471 esse
1432 2395 1599 2471 commis-

374 2535 466 2584 sum.
485 2513 563 2598 Qua
588 2510 630 2586 dc
656 2537 693 2587 ro
714 2511 857 2586 dilectio
874 2521 996 2586 vestra
1014 2523 1206 2586 memorato
1222 2511 1360 2586 notario
1377 2509 1598 2608 ubicumque

371 2647 517 2698 neccsse
530 2622 708 2715 hebuerit,
721 2623 854 2699 solacia
871 2624 1016 2701 festinet
1033 2623 1438 2723 impendereQuatinus
1450 2624 1598 2699 adiutus

372 2745 493 2813 vestro
509 2737 657 2826 auxilie,
670 2763 712 2813 ca
725 2761 805 2837 quoe
821 2738 856 2814 ei
869 2739 1095 2814 iniunximus
1112 2737 1189 2813 sine
1206 2737 1459 2836 impedimento
1475 2736 1599 2812 valeat

372 2851 562 2950 explicare,
579 2861 620 2927 ut
645 2853 730 2928 dum
757 2853 858 2929 nobis
876 2852 918 2928 de
935 2851 1135 2929 obedientia
1160 2861 1282 2927 vestra
1308 2850 1483 2940 retulerit,
1499 2850 1596 2950 apud

369 2973 508 3041 nostros
524 2966 662 3043 animos
680 2967 822 3065 possitis
839 2969 912 3044 Deo
929 2965 1079 3065 propitio
1096 2965 1225 3041 melius
1243 2965 1495 3043 commendari.

833 3169 1141 3254 oxxvlrrr.

895 3375 931 3425 In
949 3371 1075 3426 eodem.

466 3537 601 3610 Domno
619 3546 742 3611 sancto
759 3545 796 3611 ct
812 3534 1015 3612 beatissimo
1028 3533 1120 3634 patri
1140 3543 1281 3634 patrum
1296 3536 1401 3632 Papae
1413 3533 1465 3608 ill.
1482 3535 1596 3609 samu·

369 3649 427 3724 lus
445 3659 562 3725 vester
580 3649 630 3724 ill.
649 3654 691 3725 In
712 3651 842 3749 praedio
864 3674 940 3726 meo
957 3649 1007 3724 ill.
1034 3649 1123 3723 iuris
1147 3649 1227 3740 mci,
1243 3648 1428 3725 basilicam
1448 3659 1595 3748 sumptu

369 3763 509 3861 proprio
528 3789 583 3840 mc
604 3789 763 3862 suggero
788 3765 1041 3852 construxisse,
1067 3788 1174 3861 quam
1200 3764 1237 3837 in
1262 3763 1432 3839 honorem
1457 3774 1596 3840 sancto

371 3901 452 3951 rum
475 3877 526 3952 ill.
549 3887 752 3978 martyrum
779 3879 937 3954 desidero
962 3876 1173 3954 consecrari.
1199 3877 1268 3953 Cui
1293 3876 1451 3953 basilicae
1476 3878 1521 3954 ad
1542 3878 1596 3953 lu·

373 3989 528 4064 minaria
557 3991 616 4067 vel
646 3991 691 4066 ad
716 3991 954 4067 helemosiuas
979 3991 1109 4066 ibidem
1139 3991 1382 4068 servientibus
1410 3993 1517 4068 offero
1544 3993 1596 4067 ill.

368 4113 405 4179 et
421 4103 472 4177 ill.
486 4107 706 4203 Quapropter
718 4129 836 4202 quaeso
854 4106 1100 4203 Apostolorum
1118 4117 1292 4197 vestrum,
1305 4115 1347 4181 ut
1360 4106 1451 4182 detis
1465 4131 1596 4206 praece·

368 4217 506 4315 ptiones
516 4225 654 4292 rostras
666 4217 710 4294 ad
723 4217 774 4292 ill.
788 4218 1029 4294 venerabilem
1044 4219 1093 4294 ill.
1107 4219 1268 4295 civitatis
1282 4221 1594 4320 episcopumque·

368 4331 467 4407 tinus
496 4343 838 4430 supramemoratam
864 4334 989 4409 debeat
1012 4333 1248 4409 sacrosanctis
1279 4333 1449 4409 misteriis
1474 4358 1593 4410 conse

367 4443 1594 4550 ermentheofacto‚sancta1·eligi0vestristemporibussumataugf
