3638 5294
722 461 761 476 -
787 423 851 489 513
878 451 925 476 ---1

208 639 296 704 Actio
311 642 335 690 1.
348 639 472 705 synodi
487 621 783 703 Constantinopolis
800 639 937 704 habitae,
950 639 1035 700 000.
1050 639 1216 706 octoginta
1234 642 1280 696 111
1299 639 1431 704 patrum

254 741 313 793 pro
327 727 446 780 Photio'
462 725 669 795 patriarchae.
684 730 752 782 Sub
771 730 847 781 VIII
864 729 1015 780 Iohannis
1034 740 1133 794 pape,
1148 729 1353 794 temporibus
1365 731 1429 782 Ba-

257 816 317 868 silii
330 817 446 887 Leonis
460 817 493 868 et
507 817 682 868 Alexandri
696 818 917 880 augustorum.

305 986 494 1064 Residente
511 987 646 1084 synodo
663 1011 745 1060 curn
761 985 885 1060 Photis
899 979 1246 1085 patriarchaPetrus
1258 987 1430 1062 diaconus

210 1108 245 1173 et
263 1099 400 1173 Probus
417 1102 578 1174 notarius
595 1099 685 1173 dixit
702 1102 832 1174 Petrus
850 1098 1145 1193 religiosissimus
1161 1101 1336 1196 presbiter
1353 1125 1430 1176 car-

209 1212 340 1284 dinalis
357 1221 393 1286 et
409 1212 525 1287 locum
541 1222 667 1288 tenens
680 1210 898 1286 sanctissimi
910 1213 1015 1308 Papae
1024 1211 1192 1285 Iohannis
1205 1212 1356 1286 senioris
1365 1217 1431 1287 Ro

208 1351 276 1398 mse
293 1335 328 1399 ct
345 1351 429 1399 cum
448 1349 488 1400 eo
507 1325 641 1398 Paulus
660 1323 906 1400 Anconitanus
924 1325 1109 1422 episcopus
1126 1335 1162 1400 et
1179 1327 1367 1427 Eugenins
1385 1329 1429 1400 0-

207 1437 352 1512 stiensis
379 1439 564 1537 episcopus
588 1439 719 1512 adsunt
744 1435 941 1511 deferentes
970 1437 1179 1511 ebdomadas
1205 1439 1430 1513 Sanctissimi

208 1553 315 1650 Papoe
340 1553 508 1626 Iohannis
533 1551 616 1625 totis
641 1551 811 1650 patribus.
830 1552 902 1622 Deo
928 1551 1076 1646 gratias.
1101 1551 1365 1646 ingrediantur.
1384 1557 1431 1626 Et
1514 1585 1516 1591 ’

205 1687 291 1736 cunr
313 1663 468 1760 ingressi
485 1672 604 1739 essent
621 1664 716 1736 facta
736 1689 780 1737 ex
805 1684 900 1736 more
917 1663 1087 1750 oratione,
1106 1664 1264 1752 Plotius,
1282 1665 1431 1761 patriar-

204 1776 275 1850 cba
293 1777 515 1876 amplexatus
540 1787 594 1853 est
619 1787 655 1851 ct
679 1775 861 1870 osculatus
880 1779 1028 1850 Petrum
1054 1776 1291 1872 presbiterum
1317 1787 1355 1852 et
1371 1801 1430 1851 eos
1514 1787 1518 1806 ⁸

204 1891 267 1987 qui
286 1913 428 1966 cum-eo
445 1900 556 1964 erant.
569 1894 658 1964 Item
673 1893 802 1964 Petrus
819 1888 992 1987 presbiter
1005 1887 1105 1963 dixit.
1115 1889 1251 1963 Visitat
1264 1907 1327 1963 vos
1341 1894 1431 1987 Apo-

203 2002 458 2078 stolusPetrus
470 2015 506 2078 et
523 2004 675 2078 inclinat
692 2029 729 2077 se
747 2001 930 2076 sanctitati
947 2011 1066 2076 vestre
1082 2003 1333 2076 sanctissimus
1351 2003 1430 2075 uni-

201 2115 358 2189 versalis
367 2120 463 2216 Papa
472 2116 656 2190 Iohannes.
666 2119 755 2190 Item
773 2113 960 2211 presbyter
977 2137 1173 2187 conversus
1190 2114 1235 2187 ad
1251 2113 1428 2211 synodum

202 2228 306 2301 dixit.
324 2231 457 2302 Sumus
470 2239 505 2304 et
518 2227 766 2315 comministri,
780 2226 934 2298 multum
953 2225 1107 2299 inclinat
1124 2250 1161 2300 se
1179 2224 1291 2314 vobis,
1304 2226 1430 2299 visitat

202 2365 269 2416 vos
283 2343 532 2417 sanctissimus
542 2345 637 2438 Papa
651 2341 834 2416 lohannes.
843 2342 942 2413 Item.
953 2340 1056 2414 Sicut
1068 2339 1248 2435 benignus
1262 2349 1363 2437 pater
1377 2365 1429 2414 re·

202 2455 318 2552 quirit
335 2454 428 2548 filios
443 2479 524 2530 suos
542 2465 578 2530 et
594 2455 707 2528 bonus
732 2463 850 2552 pastor
874 2477 959 2527 oves
979 2479 1074 2541 suas,
1095 2453 1149 2528 sic
1174 2453 1428 2528 sanctissimus

200 2573 302 2667 Papa
311 2573 462 2644 Ioannes
474 2593 536 2669 per
549 2567 713 2668 epistolas
731 2576 864 2641 suaset
880 2567 1034 2642 vicarios
1052 2566 1199 2642 visitare
1218 2590 1281 2640 vos
1297 2576 1334 2641 et
1350 2591 1430 2640 eru·

190 2683 283 2756 ‚dire
301 2706 371 2758 non
398 2693 526 2771 cessat,
543 2683 667 2756 volens
689 2679 786 2752 uniri
811 2689 971 2754 sanctam
991 2681 1057 2754 Dei
1083 2679 1280 2754 aecclesiam
1299 2689 1335 2753 et
1352 2679 1429 2753 fieri

200 2820 319 2868 unum
338 2794 430 2869 ovile
447 2805 483 2869 et
500 2819 612 2867 unum
631 2803 817 2890 pastorem.
831 2795 921 2866 Item
939 2793 1131 2866 Zacharias
1148 2791 1430 2887 metropolitanis

199 2905 413 2980 Calcedonae
438 2905 538 2980 dixit.
557 2905 760 2980 Scismatici
785 2905 863 3000 ipsa
889 2927 1114 2978 romanorum
1139 2904 1327 2978 ecclesiam
1357 2905 1427 2976 iam

200 3041 270 3114 per
289 3017 443 3092 multum
461 3027 604 3114 tempus
621 3017 785 3090 libertate
807 3016 1007 3090 decoratam
1025 3024 1062 3090 et
1078 3015 1294 3112 dignitatem
1312 3025 1432 3114 poten·

200 3128 268 3202 tiae
282 3128 738 3217 diffamatamcontendunt
750 3128 795 3202 ad
808 3129 1019 3204 servitutem
1038 3130 1225 3218 adducere,
1236 3140 1271 3204 et
1284 3129 1328 3204 ad
1343 3129 1431 3226 epti·
1479 3157 1481 3164 ·
1519 3148 1522 3154 ’

198 3243 344 3317 ciorum
362 3241 604 3316 humilitatem
622 3241 808 3332 inclinare,
825 3241 995 3339 quomodo
1011 3241 1106 3317 enim
1129 3240 1324 3330 dicuntae
1349 3263 1429 3338 quae

198 3359 304 3452 Papa
320 3354 460 3428 Nioolai
486 3363 571 3428 sunt
588 3363 624 3428 ct
641 3353 791 3426 Adriani
809 3353 1011 3452 recipimus.
1026 3353 1138 3430 Nobis
1155 3354 1251 3428 enim
1268 3353 1334 3429 hec
1351 3354 1425 3453 pla·

197 3476 299 3542 cent.
325 3470 412 3554 Quae
437 3489 523 3542 vero
546 3465 721 3541 Iohannes
746 3489 815 3552 non
842 3465 1046 3562 recipimus,
1070 3465 1261 3563 queritur?
1290 3467 1430 3562 quando

196 3579 259 3653 illi
278 3580 369 3676 quod
387 3579 565 3654 voluntati
583 3588 702 3653 nostre
719 3579 878 3655 obsecuti
896 3579 1062 3668 sunthic
1080 3602 1164 3654 vero
1182 3580 1361 3654 contraria
1379 3581 1397 3654 f
1417 3623 1430 3637 ·

195 3692 265 3768 cit.
283 3694 396 3766 Immo
413 3703 493 3788 quae
509 3693 584 3789 ipse
601 3690 693 3778 vult,
706 3701 742 3765 at
754 3716 818 3766 nos
836 3691 936 3790 sequi
954 3691 1146 3790 compellit,
1161 3691 1227 3766 hoc
1239 3715 1325 3766 vero
1344 3693 1430 3790 qnid

194 3804 303 3879 aliud
320 3814 384 3892 est,
400 3805 471 3878 nisi
489 3803 751 3901 pontificalibus
770 3807 1009 3879 Rornanorum
1027 3827 1096 3880 uon
1116 3803 1255 3879 obedire
1274 3805 1334 3879 sed
1352 3805 1427 3902 ipsa

193 3940 363 3990 summos
380 3927 414 3992 et
428 3915 607 3990 mirabiles
621 3915 820 3991 sacerdotes
833 3919 909 3992 suis
926 3917 1172 3992 voluntatibus
1190 3917 1375 3993 inclinare.
1390 3918 1430 3992 si

192 4029 269 4102 illa
287 4029 467 4127 recipiunt
484 4027 615 4126 placita
633 4037 752 4102 vestra
772 4042 903 4125 quaet
920 4030 994 4104 illis
1011 4031 1178 4128 primitus
1203 4031 1429 4127 placuerunt,

192 4167 285 4240 quae
297 4165 465 4217 veronen
479 4141 621 4240 placent
633 4140 717 4226 illis,
731 4148 767 4214 et
780 4140 917 4218 similas
929 4143 1095 4240 placeant
1108 4143 1219 4232 vobis,
1233 4144 1312 4218 etsi
1326 4166 1430 4218 cano·

190 4255 288 4330 nica
304 4264 340 4329 et
356 4255 507 4353 desuper
525 4254 698 4351 inspirata
716 4253 844 4328 dicatis
857 4255 918 4353 qui
937 4255 1114 4353 propriam
1132 4255 1354 4331 voluntatem
1368 4282 1430 4329 an-

190 4366 334 4442 teferre
352 4368 544 4456 contendit,
561 4391 679 4442 nonne
691 4367 916 4464 apertissima
934 4366 1056 4439 inania
1069 4371 1216 4442 teneat?
1235 4368 1428 4458 Festinata,

190 4477 320 4574 igitur
332 4477 514 4553 karissimi
529 4489 567 4553 et
578 4477 790 4569 laboratam
803 4488 964 4554 sanctam
979 4478 1042 4553 Dei
1057 4481 1296 4553 Romanorum
1310 4480 1431 4556 eccla·

1216 4592 1249 4646 aa
