3618 5316
712 387 907 452 -341-

731 617 882 704 enlm.

274 853 352 947 Ego
369 850 552 927 Robertus.
562 849 628 926 Dei
645 817 765 946 gratia
786 860 823 927 et
840 853 964 929 Sancti
982 854 1079 930 Petri
1098 853 1249 953 Apuliae,
1265 865 1302 932 et
1318 857 1421 933 Cala-

202 963 288 1039 briae
304 972 342 1038 et
350 962 483 1039 Sicilioe
495 963 579 1054 dux,
587 963 633 1038 ab
648 963 718 1039 bae
735 964 821 1039 hora
837 975 879 1041 et·
891 967 1057 1065 deinceps
1074 990 1133 1044 ero
1150 968 1266 1044 fidelis
1278 971 1420 1047 Sanctoe

204 1080 371 1152 Romana
385 1076 555 1153 Ecclesiae
572 1087 609 1154 et
622 1079 834 1178 Apostolieae
845 1079 940 1170 Sedi,
955 1088 991 1155 et
1004 1079 1069 1155 tibi
1083 1081 1233 1158 Domino
1245 1106 1324 1159 meo
1337 1085 1423 1161 Grc

203 1191 304 1288 gorio
321 1191 520 1267 universali
530 1195 635 1292 Papae
648 1202 685 1268 ιι
701 1202 820 1270 ιιιιιι
836 1201 878 1267 ιι
890 1215 1132 1291 ιιριι,ιιιιι
1148 1217 1210 1293 pro
1228 1219 1305 1272 meo
1321 1221 1422 1296 posse

203 1311 327 1380 contra
352 1327 475 1379 omnes
499 1303 671 1394 homines,
688 1314 836 1402 excepta
860 1314 961 1404 parte
979 1305 1158 1381 Firmanae
1187 1309 1368 1400 marchia,
1385 1319 1427 1386 atv

204 1416 484 1514 Salernumque
502 1416 643 1507 Amalfi‚
660 1417 755 1493 unde
779 1417 897 1494 adhuc
913 1417 1077 1494 diffinitio
1094 1419 1190 1497 facta
1204 1431 1358 1498 nonest.
1375 1425 1423 1499 Et

203 1527 377 1603 adiuvabo
401 1537 447 1618 ιι,
464 1537 507 1602 ut
531 1527 723 1604 honorifice
749 1539 785 1605 et
811 1556 937 1608 secure
962 1541 1083 1608 tensas
1108 1538 1424 1632 papatum-Roma-

204 1667 303 1732 num,
319 1652 356 1717 et
380 1652 500 1718 cetera
523 1652 566 1717 ut
589 1667 709 1741 supra,
726 1667 839 1742 usque
863 1644 907 1718 ad
932 1643 1026 1720 hanc
1049 1644 1256 1721 fidelitatem
1274 1647 1424 1723 servabo

205 1755 278 1830 tuis
294 1755 559 1831 suecessoribus
576 1757 621 1830 ad
637 1756 805 1831 honorem
823 1758 940 1833 sancti
949 1759 1046 1834 Petri
1060 1759 1243 1847 ordinatis,
1253 1761 1315 1858 qui
1333 1759 1423 1855 mihi

205 1869 236 1943 si
254 1893 332 1944 mea
349 1869 456 1967 culpa
472 1891 543 1943 non
569 1870 793 1946 remanserit.
809 1871 1035 1952 firmaverint
1059 1871 1314 1947 investituram
1339 1881 1424 1947 ente

207 1981 297 2056 mihi
315 1982 459 2058 factam.
477 1982 539 2057 Sic
556 2007 612 2058 me
630 1985 726 2058 Deus
743 1983 902 2073 adiuvet,
919 1993 961 2057 ut
978 2009 1099 2083 supra.

302 2100 381 2194 Ego
406 2097 602 2194 Gregorius
627 2101 724 2196 Papa
749 2097 902 2173 investio
926 2107 961 2173 te
986 2098 1140 2174 Roberte
1165 2097 1248 2188 dux,
1269 2097 1425 2174 deterre

206 2234 321 2308 quarn
331 2209 396 2284 tibi
413 2220 599 2286 cesserunt
615 2219 856 2287 antecessores
868 2210 950 2286 -mei
960 2214 1001 2286 N
1003 2210 1138 2287 icolaus
1162 2219 1198 2286 et
1214 2209 1425 2286 Alexander.

207 2325 260 2397 De
276 2321 341 2396 illa
357 2345 442 2398 vero
463 2331 559 2398 terra
584 2347 691 2421 quam
718 2323 860 2399 iniuste·
877 2332 977 2400 tenes
1001 2324 1097 2399 sicut
1121 2323 1365 2400 esstlernus
1388 2333 1426 2399 et

207 2436 340 2528 Mallia,
354 2446 391 2513 ιι
403 2461 485 2536 pars
498 2438 668 2513 Marchiae
686 2438 875 2524 Firmanae,
889 2461 956 2514 nec
969 2446 1004 2513 te
1017 2437 1194 2536 patienter
1205 2437 1374 2528 sustineo
1386 2437 1425 2511 in
1461 2471 1462 2475 ¹

208 2548 273 2623 Dei
290 2557 326 2623 ct
342 2557 405 2622 tua
422 2548 647 2638 confidentia,
663 2559 704 2625 ut
721 2558 762 2624 tu
779 2559 904 2648 postea·
916 2551 1042 2627 exinde
1059 2551 1103 2626 sd
1121 2552 1289 2627 honorem
1306 2551 1372 2628 Dei
1389 2559 1425 2627 ιι

209 2662 325 2738 sancti
342 2661 438 2738 Petri
457 2661 508 2737 ita
525 2671 560 2738 ιι
577 2662 720 2754 habeas,
736 2663 833 2739 sicut
849 2671 885 2738 te
906 2687 1025 2759 agere,
1042 2671 1078 2739 et
1096 2689 1152 2740 mc
1169 2664 1351 2762 suscipere
1366 2663 1425 2738 de-

208 2775 358 2852 estsine
375 2775 535 2874 periculo
551 2776 680 2851 animm
696 2786 768 2852 tuae
784 2786 821 2852 et
837 2801 934 2852 ιιι.

730 3003 897 3090 OLVllII.

306 3225 384 3319 Ego
397 3223 596 3298 Richardus
609 3222 675 3298 Dei
693 3223 814 3320 gratia
826 3232 863 3299 et
880 3221 997 3298 sancti
1010 3220 1107 3296 Petri
1122 3222 1316 3320 Capuanus
1332 3221 1428 3320 prin·

211 3359 294 3435 ceps
310 3335 356 3409 ab
372 3335 441 3412 hac
457 3335 544 3410 hora
561 3344 598 3411 et
614 3335 781 3434 deinceps
805 3359 864 3411 ero
888 3334 1003 3410 fidelis
1020 3337 1161 3410 Sanctae
1177 3337 1345 3410 Romanae
1361 3338 1428 3411 Ec·

214 3449 334 3525 clesiae
350 3458 386 3525 ιι
398 3447 610 3547 Apostolicae
623 3449 717 3540 Sedi,
730 3458 766 3524 et
782 3449 848 3525 tibi
861 3449 1010 3524 Domino
1024 3448 1224 3524 Alexandro
1232 3450 1338 3547 Papae
1350 3448 1429 3523 uni·

211 3566 344 3640 versali
362 3565 399 3638 in
418 3564 564 3640 consilio
581 3565 699 3639 autin
717 3565 811 3640 facto
828 3562 923 3637 undc
934 3561 1048 3635 vitam
1061 3569 1126 3635 aut
1138 3560 1338 3635 membrum
1351 3585 1429 3660 per-

215 3681 289 3770 das,
302 3679 361 3756 vel
374 3688 501 3777 captus
514 3678 564 3754 sis
578 3678 671 3752 mala
684 3677 846 3776 captione
860 3698 929 3748 non
943 3695 1011 3748 ero.
1022 3671 1219 3748 Consilium
1233 3673 1324 3771 quod
1338 3673 1428 3748 mihi

213 3793 407 3870 credideris
424 3801 460 3867 et
478 3791 734 3867 contradixeris
752 3816 797 3866 ne
822 3787 911 3862 illud
937 3785 1172 3876 manifestem,
1189 3809 1259 3861 non
1282 3787 1429 3862 manife-

213 3907 311 3981 stabo
330 3931 386 3981 me
403 3904 538 3983 sciente
556 3905 601 3979 ad
618 3914 722 3980 tuum
744 3905 948 4003 dampnum.
967 3905 1107 3978 Sanctae
1124 3905 1291 3978 Romanae
1307 3903 1430 3979 Eccle-

213 4021 275 4096 ιιι
292 4019 428 4118 tibique
444 4019 584 4094 adiutor
601 4042 660 4094 ero
677 4019 721 4093 ad
741 4019 933 4094 tenendum
960 4025 996 4092 et
1012 4017 1057 4089 ad
1073 4016 1302 4114 querendum
1321 4026 1357 4093 ιι
1372 4017 1430 4093 de-

149 4201 157 4212 .
216 4133 433 4210 fendendum
451 4131 588 4230 regalia
605 4133 829 4209 sanctiPetri
842 4131 989 4228 eiusque
1002 4129 1239 4228 possessiones
1253 4139 1350 4206 recta
1363 4131 1431 4207 fide

214 4271 276 4345 pro
293 4270 371 4323 meo
387 4270 486 4344 posse
500 4255 625 4321 contra
637 4269 759 4322 omncs
771 4245 942 4320 homines.
952 4247 997 4318 llt
1009 4243 1185 4319 adiuvabo
1197 4253 1293 4336 taut
1305 4268 1430 4321 secure

216 4368 252 4434 ιι
269 4359 460 4434 honorifice
478 4369 601 4434 teneas
614 4363 787 4457 Papatum
803 4361 1002 4432 Romanum
1021 4366 1133 4432 terras
1151 4358 1267 4433 sancti
1281 4359 1378 4434 Petri
1395 4367 1432 4434 et

190 4501 193 4507 ¹
217 4471 450 4570 principatus,
463 4496 530 4548 nec
544 4471 712 4550 invadere
724 4496 791 4548 nec
807 4473 992 4572 acquirere
1004 4495 1162 4572 quaeram
1176 4496 1242 4550 neo
1255 4472 1362 4549 etiam
1375 4472 1433 4548 de·
