3618 5316
717 429 914 492 -321-0

210 544 299 617 item
331 543 369 617 in
395 543 465 620 alio
484 547 632 622 curticlo
656 559 750 624 tomo
773 547 910 645 legitur
935 559 1083 628 sanctus
1108 553 1204 650 Papo
1228 554 1295 628 Ieo
1320 551 1424 628 VIIII

208 655 406 732 subdidisse
422 657 524 734 beato
541 661 647 736 Petro
664 662 918 737 monasterium
936 688 1042 738 suum
1061 665 1171 739 sitnm
1189 667 1227 741 in
1241 666 1425 742 Lotharin-

209 771 272 866 gia
291 770 328 844 in
347 773 550 870 episcopatu
566 833 572 848 .
586 833 594 848 .
610 832 617 848 .
632 791 916 852 ..consecratum
934 779 970 851 in
988 779 1155 855 honorem
1173 793 1306 857 sanctae
1325 784 1368 873 ὦ
1390 791 1426 859 et

209 884 351 958 domum
370 886 520 961 abbatim
538 887 662 985 ipsius,
686 900 722 964 et
738 891 1038 967 consecrationem
1056 893 1243 970 abbatissae
1260 905 1296 971 et
1309 895 1427 993 posuit

208 1023 366 1073 annnam
393 1001 598 1097 pensionem
624 1003 892 1100 persolvendam
924 1005 1005 1079 Sedi
1037 1007 1248 1106 Apostolicae
1276 1033 1423 1083 auream

209 1111 348 1187 scilicet
358 1136 472 1187 rosam
487 1137 593 1212 penso
605 1115 757 1190 duarum
771 1117 961 1192 unciarum
973 1143 1211 1212 romanarum,
1220 1132 1283 1197 ant
1294 1124 1424 1198 factam

209 1233 251 1298 ut
268 1225 344 1299 fieri
371 1227 470 1316 solet,
488 1239 552 1302 aut
576 1229 786 1304 faciendam.
804 1230 915 1305 Debet
932 1256 1016 1308 vero
1035 1235 1129 1309 mitti
1147 1239 1234 1310 VIII
1256 1235 1312 1312 die
1329 1246 1427 1311 ante·

209 1361 315 1434 qnam
334 1339 676 1414 consuetudinaliter
693 1340 830 1415 feratur
846 1369 867 1416 a
881 1347 1037 1421 Romano
1051 1349 1231 1425 Pontifice.
1244 1353 1332 1437 Quae
1344 1373 1428 1448 pen·

209 1451 260 1524 sio
282 1451 313 1524 si
332 1453 522 1550 postposita
540 1452 649 1527 luerit
665 1453 827 1530 districte
845 1459 1013 1555 exigatur
1029 1461 1074 1536 ab
1091 1463 1269 1538 abbatissa
1290 1465 1328 1537 in
1346 1487 1427 1540 con·

208 1564 404 1639 secretione
421 1565 509 1639 eins.
522 1567 612 1640 Item
631 1566 668 1638 in
686 1565 756 1640 alio
769 1569 916 1645 cartioio
928 1580 1022 1645 tomo
1034 1581 1070 1646 et
1083 1573 1121 1646 in
1135 1574 1271 1648 missali
1285 1578 1427 1650 Latera-

208 1679 330 1753 nensis
344 1677 623 1775 palatii,legitur
637 1683 894 1756 monasterium
909 1684 945 1757 in
962 1685 1178 1761 Alamannia
1191 1687 1282 1786 quod
1293 1686 1428 1762 Sinlez·

208 1793 377 1888 zesaugia
390 1793 534 1883 dicitur,
551 1819 635 1868 cnm
652 1795 817 1869 omnibus
834 1797 903 1871 sibi
922 1798 1150 1895 pertinentiis
1167 1801 1293 1876 ditioni
1306 1811 1343 1876 et
1359 1799 1428 1875 tui-

207 1904 295 1979 tioni
310 1907 412 1981 Sedis
429 1909 642 2005 Apostolicee
659 1907 842 1984 subditum
860 1935 947 1998 esse,
964 1923 1000 1987 et
1019 1913 1137 1988 Abbas
1149 1913 1250 1988 illins
1262 1913 1328 1990 loci
1347 1937 1428 1990 con-

207 2031 368 2095 secratur
380 2047 401 2094 a
414 2025 570 2096 Romano
588 2023 760 2098 Pontifice
773 2049 855 2099 cnm
871 2025 1062 2102 dalmatica
1076 2036 1112 2102 et
1125 2028 1308 2116 sandaliis,
1321 2028 1430 2103 inter

206 2143 319 2208 ventu
336 2135 560 2232 imperatoris
578 2137 732 2211 Octonis.
751 2137 864 2213 Debet
877 2139 1055 2236 pensionis
1069 2141 1212 2216 nomine
1226 2140 1263 2213 in
1277 2141 1333 2215 sui
1348 2164 1429 2216 con-

207 2249 403 2325 secratione
416 2251 571 2325 codicem
590 2263 894 2326 sacramentorum
914 2256 933 2326 I
952 2253 1181 2351 epistolarum
1195 2257 1212 2329 I
1225 2253 1429 2350 evangelio·

208 2386 286 2434 rum
301 2365 317 2436 I
330 2386 437 2460 equos
450 2364 715 2451 albosIl,habet
728 2363 921 2465 privilegia
935 2391 956 2437 a
972 2369 1127 2441 Romano
1141 2367 1323 2442 Pontifice.
1337 2371 1427 2440 Item

208 2474 245 2547 in
259 2475 328 2549 alio
341 2476 477 2572 legitur
491 2477 609 2552 iunior
620 2479 798 2576 Agapitus
812 2478 945 2552 locasse
957 2478 1127 2552 Waldum
1142 2481 1203 2576 qui
1217 2479 1350 2554 dicitur
1364 2480 1431 2554 Oa·

206 2587 372 2662 tiliarum
383 2614 466 2664 cnm
481 2590 628 2666 castello
640 2615 705 2666 sno
718 2589 890 2676 civitella,
904 2600 939 2664 et
949 2601 1047 2665 turre
1057 2617 1133 2679 sna,
1145 2602 1181 2666 et
1190 2591 1342 2666 ecclesia
1350 2616 1430 2666 san-

208 2699 1430 2794 otiLanrentii‚etvocabulumeiusdemValdi.Idemcolledemannu

206 2813 350 2890 silvade
363 2816 523 2912 longara,
533 2817 622 2891 colle
635 2817 678 2892 de
692 2817 823 2916 gripta,
833 2816 957 2892 Filetri
972 2828 1008 2892 et
1020 2828 1117 2892 terra
1129 2842 1209 2916 quae
1218 2819 1352 2894 dicitur
1361 2820 1427 2896 Ca·

208 2929 327 3018 misili,
336 2929 395 3004 vel
408 2929 626 3028 quibusaliis
637 2931 841 3006 nominibus
850 2942 1118 3029 nuncupantur,
1127 2943 1162 3008 et
1171 2957 1253 3008 cum
1264 2933 1429 3009 omnibns

206 3042 338 3118 finibus
354 3068 474 3119 eorum
494 3053 530 3119 et
547 3045 689 3119 cunctis
706 3045 758 3118 eis
775 3045 1033 3135 adiacentibus,
1050 3057 1085 3121 et
1106 3056 1248 3146 portum
1269 3045 1429 3140 fluminis

198 3155 399 3252 'tyberiset
411 3157 721 3254 aquaeeinsusque
734 3156 778 3230 ad
791 3157 980 3232 dimidium
995 3159 1115 3256 pelagi
1125 3159 1240 3246 fluvii,
1250 3161 1429 3260 sicutipse

208 3268 361 3343 Waldus
378 3269 555 3365 designat,
564 3279 600 3344 et
613 3269 776 3344 omnibus
789 3270 834 3344 ad
843 3296 923 3346 eum
939 3273 1209 3370 pertinentibus
1220 3275 1361 3349 Positus
1374 3283 1430 3349 est

206 3405 291 3456 vero
304 3382 397 3458 inter
405 3382 591 3458 sabinense
600 3393 636 3458 et
645 3383 895 3458 utriculanum
906 3387 1377 3476 territoriuminteraffines
1385 3385 1430 3458 ab

206 3518 277 3570 uno
290 3495 411 3571 latere
427 3495 499 3570 laia
516 3521 596 3594 quae
608 3496 741 3571 dicitur
754 3499 853 3570 Bota.
866 3500 947 3571 IIII.
963 3503 992 3570 Α
1008 3500 1041 3572 II
1055 3497 1173 3574 casale
1187 3499 1429 3574 Servilianum

207 3619 243 3683 et
260 3613 465 3685 Paternum.
483 3615 514 3683 A
531 3613 583 3685 III
601 3609 797 3686 confinium
814 3609 942 3684 limitis
959 3611 1081 3685 Waldi
1096 3611 1224 3687 insule.
1239 3617 1269 3686 A
1284 3613 1353 3686 IIII
1366 3637 1429 3710 per

209 3723 366 3798 medium
379 3723 659 3821 fluviumsnper
673 3724 839 3822 pensione
852 3721 964 3795 trium
978 3722 1171 3798 solidorum
1184 3725 1274 3798 anri.
1288 3727 1377 3799 Item
1390 3725 1430 3798 in

206 3833 286 3924 alio,
304 3834 478 3910 Iohannes
490 3838 561 3910 XII
575 3839 671 3934 Papa
685 3835 779 3910 locat
792 3835 945 3909 fundum
960 3837 1174 3910 Fauniscum
1189 3836 1298 3911 situm
1313 3836 1351 3910 in
1363 3847 1433 3912 ter·

207 3947 328 4022 ritorio
345 3947 590 4035 Outriculanu
604 3973 686 4023 cnm
701 3948 867 4023 omnibus
884 3950 960 4023 suis
973 3949 1200 4048 pertinentiis
1213 3959 1359 4048 praestat
1370 3975 1432 4024 an-

205 4085 288 4133 nnae
300 4064 335 4133 V
349 4061 477 4136 solidos
489 4062 580 4134 anri.
594 4063 680 4136 Haec
693 4084 737 4136 ex
750 4063 856 4136 tomis
869 4062 1077 4162 patriarchii
1090 4064 1350 4139 Lateranensis.
1363 4067 1432 4140 Ho-

206 4173 329 4247 norius
347 4197 430 4248 vero
447 4173 484 4245 in
504 4195 570 4248 sno
586 4173 740 4268 registro
757 4174 923 4271 Epifanio
939 4173 1114 4250 defensori
1133 4176 1281 4264 Tusciae,
1294 4173 1432 4270 legitur

206 4284 340 4362 locasse
359 4311 512 4360 massam
531 4285 774 4361 Gracilianam
793 4287 887 4385 apud
906 4287 1097 4362 Blerannm
1115 4287 1309 4363 civitatem.
1334 4287 1430 4363 Idem

206 4399 244 4472 in
262 4399 382 4475 eodem
398 4399 583 4475 Dominico
599 4409 716 4475 terras
733 4411 769 4476 et
786 4399 911 4474 vineas
929 4411 965 4476 et
981 4410 1083 4500 prata
1100 4400 1186 4475 soris
1203 4409 1338 4498 portam
1352 4399 1432 4474 Fla-

205 4512 362 4597 mineam
380 4536 494 4610 usquc
511 4513 556 4587 ad
573 4523 715 4610 pontem
734 4513 909 4589 Mulvium
925 4513 992 4588 sub
1008 4539 1130 4587 annua
1143 4513 1310 4682 penpilone
1322 4514 1432 4588 XXX
