3618 5316
876 367 1073 432 -34o-

367 495 461 582 rum,
473 485 567 564 nulli
579 509 703 564 eorum
717 507 857 585 quoquo
870 485 970 562 modo
983 486 1093 564 licere
1105 485 1183 562 1666
1194 489 1259 578 661
1270 483 1587 581 confringererel

367 606 406 680 in
423 626 601 704 quoquam
618 599 782 677 convelli.
800 601 839 675 Si
856 599 938 698 quis
950 610 1071 676 autem
1084 599 1177 698 quod
1188 622 1260 674 non
1272 597 1452 675 oredimus
1464 598 1503 672 in
1515 599 1586 676 boc

369 725 560 794 temerator
577 725 642 790 661
658 721 877 812 contemptor
900 711 1070 806 extiterit,
1094 711 1239 789 aetemis
1262 711 1588 809 condempnationi-

370 831 438 908 bus
453 827 616 905 subiceat
632 825 834 916 innodatus,
849 835 886 903 et
902 835 1043 904 sanctos
1060 825 1126 902 Dei
1143 824 1323 924 principes
1335 823 1586 924 Apostolorum

368 947 517 1020 Petrum
535 950 572 1018 et
587 938 837 1030 Paulum,sibi
850 941 937 1016 etin
950 939 1117 1039 praesenti
1130 938 1216 1016 etin
1229 933 1442 1014 iuturevita
1453 937 1588 1014 sentiat

364 1065 489 1134 contra
506 1077 569 1130 nos
586 1065 695 1154 61666
710 1055 750 1130 16
762 1056 904 1131 inferno
915 1053 1076 1129 inferiori
1089 1059 1338 1129 concrematus
1350 1075 1435 1126 cum
1447 1051 1586 1127 diabolo

336 1254 340 1262 ,
365 1179 403 1248 61
418 1169 583 1245 omnibus
600 1169 742 1246 deficiat
758 1169 889 1269 impiis.
901 1169 1021 1244 Huius
1034 1189 1119 1242 vero
1131 1163 1328 1264 imperialis
1340 1163 1452 1240 nostri
1465 1165 1586 1242 decre·

369 1283 398 1360 ti
424 1281 594 1382 paginam
619 1283 771 1381 propriis
796 1281 961 1358 manibus
987 1280 1199 1370 roborantes
1216 1302 1323 1377 super
1338 1279 1585 1354 venerandum

366 1419 495 1494 corpus
511 1395 606 1471 beati
623 1395 721 1471 Petri
739 1395 933 1494 posuimus.
950 1395 1042 1470 Data
1059 1397 1178 1468 Romae
1194 1395 1247 1468 III
1271 1390 1346 1467 kal.
1369 1391 1505 1490 Aprilis
1530 1393 1586 1468 Fl.

370 1507 605 1585 Constantino
622 1509 789 1606 Augusto
805 1518 933 1607 quater
949 1506 1095 1585 consule
1112 1514 1148 1583 et
1166 1506 1352 1584 Gallicano
1368 1507 1449 1581 VV.
1465 1507 1538 1584 CC.

951 1711 997 1794 11.

664 1913 701 1964 In
719 1911 867 1977 Epistola
885 1911 1017 1966 concilii
1033 1909 1277 1968 calcedonensi.

461 2073 567 2148 Galla
584 2071 744 2148 Placidia
760 2077 941 2169 Augusta,
966 2072 1079 2147 Haelie
1105 2071 1305 2148 Pulcherioe
1326 2072 1496 2172 piissimae
1513 2079 1588 2148 Au·

365 2185 466 2282 gusti
480 2185 574 2275 liliae,
583 2187 677 2260 inter
690 2195 829 2261 catera.
837 2181 957 2282 Igitur
970 2195 1033 2260 tua
1045 2185 1238 2261 elementia
1250 2187 1448 2263 secundum
1458 2187 1588 2264 Catho-

365 2297 473 2373 licam
491 2298 596 2373 fidem
613 2298 705 2396 quod
721 2323 860 2398 semper
876 2297 1062 2373 nobiscum
1080 2298 1168 2374 iecit
1184 2297 1388 2396 conspirare
1404 2299 1587 2395 dignetur,

365 2419 408 2486 ut
425 2409 596 2509 quioquid
612 2410 651 2484 in
668 2410 730 2486 1116
746 2410 967 2486 1666116666
985 2410 1253 2508 miserrimoque
1270 2411 1420 2487 concilio
1436 2412 1528 2488 idest
1539 2417 1585 2488 Ε-

366 2522 513 2622 phesino
529 2527 564 2599 Il
582 2524 819 2600 constitutum
836 2533 902 2615 est,
918 2523 1016 2600 omni
1033 2524 1170 2600 virtute
1195 2524 1461 2600 submoveatur.
1483 2529 1530 2600 Et
1553 2549 1588 2601 o-

368 2635 512 2711 mnibus
528 2634 683 2732 integris
708 2636 1011 2734 permanentibus,
1028 2639 1072 2714 ad
1095 2639 1307 2736 Apostolicae
1331 2639 1432 2715 Sedis
1456 2639 1495 2714 in
1515 2664 1588 2738 qua

367 2749 505 2847 primus
521 2749 648 2825 beatus
666 2750 855 2848 Apostolus
873 2753 1003 2826 Petrus
1024 2749 1087 2852 qui
1111 2753 1219 2829 etiam
1244 2752 1365 2828 claves
1391 2776 1586 2850 regnorum

370 2861 567 2939 coelestium
594 2861 803 2962 suscipiens,
825 2865 1012 2941 sacerdotii
1038 2865 1277 2966 principatum
1302 2865 1432 2957 tenuit,
1456 2865 1588 2964 episto

368 3000 453 3075 pum
471 3001 580 3054 eausa
597 2976 772 3056 mittatur.
853 3063 855 3066 ,

946 3169 1012 3254 ΙΙΙ.

782 3372 864 3426 Item
883 3373 918 3424 in
935 3371 999 3427 alio
1018 3372 1175 3428 eiusdem.

464 3530 614 3608 Domino
627 3555 705 3609 meo
718 3532 908 3610 Theodosio
920 3525 1178 3635 gloriosissimo
1190 3534 1319 3611 victori
1336 3560 1379 3612 ac
1390 3534 1590 3633 triumpha·

368 3646 437 3722 tori
455 3653 626 3747 perpetuo
643 3645 848 3746 imperatori
865 3657 901 3723 61
913 3649 1016 3746 patri.
1030 3648 1156 3724 Victor
1168 3647 1448 3724 Valentinianus
1459 3647 1591 3745 glorio·

368 3785 431 3836 sus
449 3759 1591 3860 66666166666166611116616161661616.Ἑ1ἀ6166666111666-

369 3873 504 3950 ioribus
520 3874 701 3964 traditam,
713 3874 883 3951 debemus
895 3901 979 3952 cum
996 3874 1093 3950 omni
1106 3873 1323 3972 competenti
1335 3871 1520 3948 devotione
1532 3873 1592 3949 de·

368 3986 523 4076 feudare,
539 3995 576 4063 et
591 3987 807 4084 dignitatem
825 3975 974 4087 propriae
991 3987 1230 4064 venerationis
1247 3986 1349 4064 beato
1369 3990 1475 4063 Petro
1499 3991 1591 4084 Apo

368 4099 458 4176 stolo
474 4099 725 4176 intemeratam
744 4101 782 4174 in
798 4101 932 4178 nostris
949 4101 1165 4200 temporibus
1179 4116 1402 4190 conservare,
1419 4099 1590 4199 quatinus

368 4213 597 4289 beatissimus
614 4216 781 4288 Romanae
798 4214 959 4290 civitatis
976 4215 1172 4314 Episcopus
1189 4214 1249 4290 cui
1271 4213 1512 4313 principatum
1537 4236 1592 4286 sa·

368 4325 514 4404 cerdotii
531 4349 639 4424 super
656 4349 779 4402 omnes
795 4329 993 4426 antiquitas
1010 4328 1174 4420 eontulit,
1190 4328 1308 4405 locum
1333 4325 1463 4402 habeat
1482 4349 1527 4402 ao
1539 4325 1590 4400 fa-

369 4439 541 4520 cultatem
558 4439 602 4518 do
619 4439 861 4518 sacerdotibus
878 4441 1047 4520 iudicare.
