<?xml version="1.0" encoding="UTF-8"?>
<!DOCTYPE html PUBLIC "-//W3C//DTD XHTML 1.0 Transitional//EN"
    "http://www.w3.org/TR/xhtml1/DTD/xhtml1-transitional.dtd">
<html xmlns="http://www.w3.org/1999/xhtml" xml:lang="en" lang="en">
 <head>
  <title>
</title>
<meta http-equiv="Content-Type" content="text/html;charset=utf-8" />
  <meta name='ocr-system' content='tesseract 3.04.00' />
  <meta name='ocr-capabilities' content='ocr_page ocr_carea ocr_par ocr_line ocrx_word'/>
</head>
<body>
  <div class='ocr_page' id='page_1' title='image "./deusdeditpresby00martgoog_0518.png"; bbox 0 0 3638 5294; ppageno 0'>
   <div class='ocr_carea' id='block_1_1' title="bbox 742 423 938 485">
    <p class='ocr_par' dir='ltr' id='par_1_1' title="bbox 742 423 938 485">
     <span class='ocr_line' id='line_1_1' title="bbox 742 423 938 485; baseline 0 -1"><span class='ocrx_word' id='word_1_1' title='bbox 742 423 938 485; x_wconf 68' lang='lat'>-491-</span> 
     </span>
    </p>
   </div>
   <div class='ocr_carea' id='block_1_2' title="bbox 232 529 1454 863">
    <p class='ocr_par' dir='ltr' id='par_1_2' title="bbox 232 529 1454 863">
     <span class='ocr_line' id='line_1_2' title="bbox 232 529 1454 642; baseline 0.015 -34"><span class='ocrx_word' id='word_1_2' title='bbox 232 537 369 632; x_wconf 79' lang='lat' dir='ltr'>ingerit</span> <span class='ocrx_word' id='word_1_3' title='bbox 382 560 444 634; x_wconf 92' lang='lat' dir='ltr'>pro</span> <span class='ocrx_word' id='word_1_4' title='bbox 457 537 585 614; x_wconf 83' lang='lat' dir='ltr'>illicite</span> <span class='ocrx_word' id='word_1_5' title='bbox 600 546 840 640; x_wconf 83' lang='lat' dir='ltr'><strong>compassione</strong></span> <span class='ocrx_word' id='word_1_6' title='bbox 851 529 1061 642; x_wconf 83' lang='lat' dir='ltr'>periculum.</span> <span class='ocrx_word' id='word_1_7' title='bbox 1074 546 1249 622; x_wconf 85' lang='lat' dir='ltr'>Iohannes</span> <span class='ocrx_word' id='word_1_8' title='bbox 1263 551 1360 624; x_wconf 83' lang='lat' dir='ltr'><strong>VIII.</strong></span> <span class='ocrx_word' id='word_1_9' title='bbox 1373 553 1454 626; x_wconf 90' lang='lat' dir='ltr'>Non</span> 
     </span>
     <span class='ocr_line' id='line_1_3' title="bbox 232 649 1453 761; baseline 0.014 -41"><span class='ocrx_word' id='word_1_10' title='bbox 232 649 353 722; x_wconf 88' lang='lat' dir='ltr'>minus</span> <span class='ocrx_word' id='word_1_11' title='bbox 368 650 459 722; x_wconf 86' lang='lat' dir='ltr'>mala</span> <span class='ocrx_word' id='word_1_12' title='bbox 473 655 691 728; x_wconf 88' lang='lat' dir='ltr'>consuetudo</span> <span class='ocrx_word' id='word_1_13' title='bbox 706 666 746 731; x_wconf 92' lang='lat' dir='ltr'>ut</span> <span class='ocrx_word' id='word_1_14' title='bbox 758 657 809 731; x_wconf 91' lang='lat' dir='ltr'>ait</span> <span class='ocrx_word' id='word_1_15' title='bbox 824 658 1032 734; x_wconf 87' lang='lat' dir='ltr'>Sardicense</span> <span class='ocrx_word' id='word_1_16' title='bbox 1047 661 1240 735; x_wconf 88' lang='lat' dir='ltr'>concilium</span> <span class='ocrx_word' id='word_1_17' title='bbox 1254 687 1361 760; x_wconf 85' lang='lat' dir='ltr'>quom</span> <span class='ocrx_word' id='word_1_18' title='bbox 1377 689 1453 761; x_wconf 84' lang='lat' dir='ltr'>per-</span> 
     </span>
     <span class='ocr_line' id='line_1_4' title="bbox 232 764 1075 863; baseline 0.014 -27"><span class='ocrx_word' id='word_1_19' title='bbox 232 764 367 844; x_wconf 89' lang='lat' dir='ltr'>niciosa</span> <span class='ocrx_word' id='word_1_20' title='bbox 384 767 584 863; x_wconf 75' lang='lat' dir='ltr'>corruptela</span> <span class='ocrx_word' id='word_1_21' title='bbox 601 768 764 844; x_wconf 89' lang='lat' dir='ltr'>funditus</span> <span class='ocrx_word' id='word_1_22' title='bbox 782 773 992 847; x_wconf 87' lang='lat' dir='ltr'>eradieanda</span> <span class='ocrx_word' id='word_1_23' title='bbox 1011 785 1075 850; x_wconf 88' lang='lat' dir='ltr'>est.</span> 
     </span>
    </p>
   </div>
   <div class='ocr_carea' id='block_1_3' title="bbox 731 925 920 1060">
    <p class='ocr_par' dir='ltr' id='par_1_3' title="bbox 731 925 920 1060">
     <span class='ocr_line' id='line_1_5' title="bbox 731 925 920 1060; baseline 0.026 -6"><span class='ocrx_word' id='word_1_24' title='bbox 731 925 733 929; x_wconf 66' lang='grc'><strong>’</strong></span> <span class='ocrx_word' id='word_1_25' title='bbox 769 971 920 1060; x_wconf 82' lang='lat' dir='ltr'>cour.</span> 
     </span>
    </p>
   </div>
   <div class='ocr_carea' id='block_1_4' title="bbox 597 1173 1086 1246">
    <p class='ocr_par' dir='ltr' id='par_1_4' title="bbox 597 1173 1086 1246">
     <span class='ocr_line' id='line_1_6' title="bbox 597 1173 1086 1246; baseline 0.016 -24"><span class='ocrx_word' id='word_1_26' title='bbox 597 1173 730 1226; x_wconf 76' lang='lat' dir='ltr'>lucen.</span> <span class='ocrx_word' id='word_1_27' title='bbox 750 1174 933 1238; x_wconf 84' lang='lat' dir='ltr'>Apostolor.</span> <span class='ocrx_word' id='word_1_28' title='bbox 955 1192 1027 1246; x_wconf 83' lang='lat' dir='ltr'>cap.</span> <span class='ocrx_word' id='word_1_29' title='bbox 1047 1181 1086 1231; x_wconf 84' lang='lat' dir='ltr'>X.</span> 
     </span>
    </p>
   </div>
   <div class='ocr_carea' id='block_1_5' title="bbox 233 1339 1458 3482">
    <p class='ocr_par' dir='ltr' id='par_1_5' title="bbox 233 1339 1458 3482">
     <span class='ocr_line' id='line_1_7' title="bbox 330 1339 1455 1441; baseline 0.004 -26"><span class='ocrx_word' id='word_1_30' title='bbox 330 1343 368 1415; x_wconf 87' lang='lat' dir='ltr'>Si</span> <span class='ocrx_word' id='word_1_31' title='bbox 386 1343 467 1441; x_wconf 89' lang='lat' dir='ltr'>quis</span> <span class='ocrx_word' id='word_1_32' title='bbox 481 1369 564 1418; x_wconf 90' lang='lat' dir='ltr'>curn</span> <span class='ocrx_word' id='word_1_33' title='bbox 579 1344 846 1419; x_wconf 85' lang='lat' dir='ltr'>excomunicato</span> <span class='ocrx_word' id='word_1_34' title='bbox 860 1339 986 1416; x_wconf 90' lang='lat' dir='ltr'>saltem</span> <span class='ocrx_word' id='word_1_35' title='bbox 1001 1341 1037 1414; x_wconf 94' lang='lat' dir='ltr'>in</span> <span class='ocrx_word' id='word_1_36' title='bbox 1054 1342 1155 1418; x_wconf 92' lang='lat' dir='ltr'>domo</span> <span class='ocrx_word' id='word_1_37' title='bbox 1172 1341 1281 1416; x_wconf 87' lang='lat' dir='ltr'>simul</span> <span class='ocrx_word' id='word_1_38' title='bbox 1298 1345 1455 1420; x_wconf 91' lang='lat' dir='ltr'>oraverit</span> 
     </span>
     <span class='ocr_line' id='line_1_8' title="bbox 236 1454 1455 1555; baseline 0.001 -25"><span class='ocrx_word' id='word_1_39' title='bbox 236 1457 672 1555; x_wconf 88' lang='lat' dir='ltr'>communioneprivetur.</span> <span class='ocrx_word' id='word_1_40' title='bbox 689 1459 862 1532; x_wconf 87' lang='lat' dir='ltr'>Iohannes</span> <span class='ocrx_word' id='word_1_41' title='bbox 884 1454 1117 1551; x_wconf 85' lang='lat' dir='ltr'>evangelista.</span> <span class='ocrx_word' id='word_1_42' title='bbox 1136 1457 1206 1543; x_wconf 86' lang='lat' dir='ltr'>Qui</span> <span class='ocrx_word' id='word_1_43' title='bbox 1232 1480 1302 1530; x_wconf 90' lang='lat' dir='ltr'>non</span> <span class='ocrx_word' id='word_1_44' title='bbox 1320 1482 1455 1555; x_wconf 90' lang='lat' dir='ltr'>perma-</span> 
     </span>
     <span class='ocr_line' id='line_1_9' title="bbox 234 1569 1454 1668; baseline 0.004 -27"><span class='ocrx_word' id='word_1_45' title='bbox 234 1578 298 1642; x_wconf 91' lang='lat' dir='ltr'>net</span> <span class='ocrx_word' id='word_1_46' title='bbox 315 1569 352 1641; x_wconf 92' lang='lat' dir='ltr'>in</span> <span class='ocrx_word' id='word_1_47' title='bbox 371 1571 531 1645; x_wconf 87' lang='lat' dir='ltr'>doctrina</span> <span class='ocrx_word' id='word_1_48' title='bbox 546 1570 691 1660; x_wconf 88' lang='lat' dir='ltr'>Christi,</span> <span class='ocrx_word' id='word_1_49' title='bbox 701 1573 815 1645; x_wconf 88' lang='lat' dir='ltr'>Deum</span> <span class='ocrx_word' id='word_1_50' title='bbox 833 1595 902 1646; x_wconf 89' lang='lat' dir='ltr'>non</span> <span class='ocrx_word' id='word_1_51' title='bbox 920 1570 1035 1644; x_wconf 86' lang='lat' dir='ltr'>babet.</span> <span class='ocrx_word' id='word_1_52' title='bbox 1050 1572 1086 1644; x_wconf 88' lang='lat' dir='ltr'>Si</span> <span class='ocrx_word' id='word_1_53' title='bbox 1105 1571 1185 1668; x_wconf 90' lang='lat' dir='ltr'>quis</span> <span class='ocrx_word' id='word_1_54' title='bbox 1202 1571 1302 1646; x_wconf 88' lang='lat' dir='ltr'>venit</span> <span class='ocrx_word' id='word_1_55' title='bbox 1319 1573 1363 1646; x_wconf 92' lang='lat' dir='ltr'>ad</span> <span class='ocrx_word' id='word_1_56' title='bbox 1380 1597 1454 1662; x_wconf 70' lang='lat' dir='ltr'>vos</span> 
     </span>
     <span class='ocr_line' id='line_1_10' title="bbox 235 1683 1454 1781; baseline 0.002 -24"><span class='ocrx_word' id='word_1_57' title='bbox 235 1691 270 1757; x_wconf 92' lang='lat' dir='ltr'>et</span> <span class='ocrx_word' id='word_1_58' title='bbox 283 1683 376 1759; x_wconf 87' lang='lat' dir='ltr'>hene</span> <span class='ocrx_word' id='word_1_59' title='bbox 393 1685 591 1758; x_wconf 81' lang='lat' dir='ltr'>doctrinam</span> <span class='ocrx_word' id='word_1_60' title='bbox 609 1708 679 1758; x_wconf 90' lang='lat' dir='ltr'>non</span> <span class='ocrx_word' id='word_1_61' title='bbox 698 1687 810 1773; x_wconf 86' lang='lat' dir='ltr'>affert,</span> <span class='ocrx_word' id='word_1_62' title='bbox 823 1685 932 1758; x_wconf 87' lang='lat' dir='ltr'>nolite</span> <span class='ocrx_word' id='word_1_63' title='bbox 945 1684 1101 1781; x_wconf 88' lang='lat' dir='ltr'>recipere</span> <span class='ocrx_word' id='word_1_64' title='bbox 1115 1709 1196 1758; x_wconf 92' lang='lat' dir='ltr'>eum</span> <span class='ocrx_word' id='word_1_65' title='bbox 1212 1684 1249 1756; x_wconf 88' lang='lat' dir='ltr'>in</span> <span class='ocrx_word' id='word_1_66' title='bbox 1263 1684 1374 1772; x_wconf 87' lang='lat' dir='ltr'>domo,</span> <span class='ocrx_word' id='word_1_67' title='bbox 1387 1710 1454 1760; x_wconf 89' lang='lat' dir='ltr'>nee</span> 
     </span>
     <span class='ocr_line' id='line_1_11' title="bbox 233 1795 1455 1894; baseline 0.002 -26"><span class='ocrx_word' id='word_1_68' title='bbox 233 1820 301 1870; x_wconf 87' lang='lat' dir='ltr'>ave</span> <span class='ocrx_word' id='word_1_69' title='bbox 323 1795 484 1870; x_wconf 83' lang='lat' dir='ltr'>dixeritis</span> <span class='ocrx_word' id='word_1_70' title='bbox 507 1797 549 1870; x_wconf 91' lang='lat' dir='ltr'>ci.</span> <span class='ocrx_word' id='word_1_71' title='bbox 568 1797 636 1884; x_wconf 82' lang='lat' dir='ltr'>Qui</span> <span class='ocrx_word' id='word_1_72' title='bbox 663 1798 757 1870; x_wconf 90' lang='lat' dir='ltr'>enim</span> <span class='ocrx_word' id='word_1_73' title='bbox 784 1798 871 1872; x_wconf 91' lang='lat' dir='ltr'>dicit</span> <span class='ocrx_word' id='word_1_74' title='bbox 895 1796 948 1868; x_wconf 93' lang='lat' dir='ltr'>illi</span> <span class='ocrx_word' id='word_1_75' title='bbox 975 1821 1052 1884; x_wconf 88' lang='lat' dir='ltr'>ave,</span> <span class='ocrx_word' id='word_1_76' title='bbox 1069 1797 1266 1871; x_wconf 85' lang='lat' dir='ltr'>comunicat</span> <span class='ocrx_word' id='word_1_77' title='bbox 1290 1797 1455 1894; x_wconf 88' lang='lat' dir='ltr'>operibus</span> 
     </span>
     <span class='ocr_line' id='line_1_12' title="bbox 234 1909 1456 2008; baseline 0 -26"><span class='ocrx_word' id='word_1_78' title='bbox 234 1909 313 1982; x_wconf 89' lang='lat' dir='ltr'>eius</span> <span class='ocrx_word' id='word_1_79' title='bbox 331 1909 511 2006; x_wconf 84' lang='lat' dir='ltr'>malignis.</span> <span class='ocrx_word' id='word_1_80' title='bbox 526 1909 661 1984; x_wconf 86' lang='lat' dir='ltr'>Paulus</span> <span class='ocrx_word' id='word_1_81' title='bbox 674 1912 718 1985; x_wconf 86' lang='lat' dir='ltr'>ud</span> <span class='ocrx_word' id='word_1_82' title='bbox 732 1913 865 1984; x_wconf 86' lang='lat' dir='ltr'>Titum.</span> <span class='ocrx_word' id='word_1_83' title='bbox 878 1909 1086 1984; x_wconf 89' lang='lat' dir='ltr'>Hereticum</span> <span class='ocrx_word' id='word_1_84' title='bbox 1105 1909 1280 1984; x_wconf 89' lang='lat' dir='ltr'>hominem</span> <span class='ocrx_word' id='word_1_85' title='bbox 1297 1919 1374 2007; x_wconf 89' lang='lat' dir='ltr'>post</span> <span class='ocrx_word' id='word_1_86' title='bbox 1387 1910 1456 2008; x_wconf 93' lang='lat' dir='ltr'>pri·</span> 
     </span>
     <span class='ocr_line' id='line_1_13' title="bbox 238 2022 1454 2121; baseline 0.002 -27"><span class='ocrx_word' id='word_1_87' title='bbox 238 2047 328 2094; x_wconf 88' lang='lat' dir='ltr'>mam</span> <span class='ocrx_word' id='word_1_88' title='bbox 349 2031 384 2096; x_wconf 89' lang='lat' dir='ltr'>et</span> <span class='ocrx_word' id='word_1_89' title='bbox 402 2024 593 2097; x_wconf 87' lang='lat' dir='ltr'>secundam</span> <span class='ocrx_word' id='word_1_90' title='bbox 612 2025 866 2121; x_wconf 89' lang='lat' dir='ltr'>correptionem</span> <span class='ocrx_word' id='word_1_91' title='bbox 889 2023 1019 2110; x_wconf 86' lang='lat' dir='ltr'>devita,</span> <span class='ocrx_word' id='word_1_92' title='bbox 1029 2022 1145 2097; x_wconf 91' lang='lat' dir='ltr'>sciens</span> <span class='ocrx_word' id='word_1_93' title='bbox 1159 2023 1243 2120; x_wconf 86' lang='lat' dir='ltr'>quia</span> <span class='ocrx_word' id='word_1_94' title='bbox 1261 2023 1454 2098; x_wconf 87' lang='lat' dir='ltr'>subversus</span> 
     </span>
     <span class='ocr_line' id='line_1_14' title="bbox 234 2135 1454 2235; baseline 0.002 -27"><span class='ocrx_word' id='word_1_95' title='bbox 234 2145 288 2209; x_wconf 87' lang='lat' dir='ltr'>est</span> <span class='ocrx_word' id='word_1_96' title='bbox 306 2135 366 2232; x_wconf 91' lang='lat' dir='ltr'>qui</span> <span class='ocrx_word' id='word_1_97' title='bbox 385 2135 555 2210; x_wconf 89' lang='lat' dir='ltr'>eiusmodi</span> <span class='ocrx_word' id='word_1_98' title='bbox 570 2149 634 2226; x_wconf 90' lang='lat' dir='ltr'>est,</span> <span class='ocrx_word' id='word_1_99' title='bbox 643 2147 679 2211; x_wconf 91' lang='lat' dir='ltr'>et</span> <span class='ocrx_word' id='word_1_100' title='bbox 692 2136 874 2235; x_wconf 87' lang='lat' dir='ltr'>delinquid</span> <span class='ocrx_word' id='word_1_101' title='bbox 889 2135 1027 2232; x_wconf 89' lang='lat' dir='ltr'>proprio</span> <span class='ocrx_word' id='word_1_102' title='bbox 1040 2135 1171 2209; x_wconf 90' lang='lat' dir='ltr'>iudicio</span> <span class='ocrx_word' id='word_1_103' title='bbox 1188 2135 1454 2210; x_wconf 87' lang='lat' dir='ltr'>condemnatus.</span> 
     </span>
     <span class='ocr_line' id='line_1_15' title="bbox 237 2248 1456 2348; baseline 0.002 -27"><span class='ocrx_word' id='word_1_104' title='bbox 237 2249 475 2323; x_wconf 85' lang='lat' dir='ltr'>Antiocerrum</span> <span class='ocrx_word' id='word_1_105' title='bbox 503 2251 695 2325; x_wconf 89' lang='lat' dir='ltr'>concilium</span> <span class='ocrx_word' id='word_1_106' title='bbox 721 2252 836 2348; x_wconf 90' lang='lat' dir='ltr'>eapite</span> <span class='ocrx_word' id='word_1_107' title='bbox 854 2253 900 2324; x_wconf 81' lang='lat'>11.</span> <span class='ocrx_word' id='word_1_108' title='bbox 917 2249 954 2323; x_wconf 83' lang='lat' dir='ltr'>si</span> <span class='ocrx_word' id='word_1_109' title='bbox 980 2249 1131 2346; x_wconf 83' lang='lat' dir='ltr'>quilibet</span> <span class='ocrx_word' id='word_1_110' title='bbox 1156 2274 1200 2322; x_wconf 83' lang='lat' dir='ltr'>ex</span> <span class='ocrx_word' id='word_1_111' title='bbox 1224 2248 1320 2324; x_wconf 89' lang='lat' dir='ltr'>clero</span> <span class='ocrx_word' id='word_1_112' title='bbox 1337 2249 1456 2346; x_wconf 89' lang='lat' dir='ltr'>depre-</span> 
     </span>
     <span class='ocr_line' id='line_1_16' title="bbox 235 2359 1452 2458; baseline -0.003 -24"><span class='ocrx_word' id='word_1_113' title='bbox 235 2361 369 2436; x_wconf 86' lang='lat' dir='ltr'>hensus</span> <span class='ocrx_word' id='word_1_114' title='bbox 394 2361 504 2437; x_wconf 89' lang='lat' dir='ltr'>fuerit</span> <span class='ocrx_word' id='word_1_115' title='bbox 529 2389 612 2438; x_wconf 89' lang='lat' dir='ltr'>enm</span> <span class='ocrx_word' id='word_1_116' title='bbox 638 2360 959 2438; x_wconf 84' lang='lat' dir='ltr'>excommunicatis</span> <span class='ocrx_word' id='word_1_117' title='bbox 987 2360 1264 2446; x_wconf 83' lang='lat' dir='ltr'>communicare,</span> <span class='ocrx_word' id='word_1_118' title='bbox 1289 2359 1452 2458; x_wconf 90' lang='lat' dir='ltr'>privetur</span> 
     </span>
     <span class='ocr_line' id='line_1_17' title="bbox 234 2473 1455 2576; baseline -0.001 -27"><span class='ocrx_word' id='word_1_119' title='bbox 234 2477 493 2564; x_wconf 89' lang='lat' dir='ltr'>communione,</span> <span class='ocrx_word' id='word_1_120' title='bbox 510 2487 692 2574; x_wconf 86' lang='lat' dir='ltr'>tamquam</span> <span class='ocrx_word' id='word_1_121' title='bbox 712 2477 772 2576; x_wconf 92' lang='lat' dir='ltr'>qui</span> <span class='ocrx_word' id='word_1_122' title='bbox 792 2477 954 2572; x_wconf 80' lang='lat' dir='ltr'>regulam</span> <span class='ocrx_word' id='word_1_123' title='bbox 977 2474 1163 2550; x_wconf 88' lang='lat' dir='ltr'>confundit</span> <span class='ocrx_word' id='word_1_124' title='bbox 1183 2473 1352 2548; x_wconf 84' lang='lat' dir='ltr'>ecelesiae.</span> <span class='ocrx_word' id='word_1_125' title='bbox 1371 2475 1455 2550; x_wconf 84' lang='lat' dir='ltr'>Oar-</span> 
     </span>
     <span class='ocr_line' id='line_1_18' title="bbox 235 2581 1457 2688; baseline -0.002 -25"><span class='ocrx_word' id='word_1_126' title='bbox 235 2589 424 2685; x_wconf 83' lang='lat' dir='ltr'>taginense</span> <span class='ocrx_word' id='word_1_127' title='bbox 450 2591 566 2688; x_wconf 88' lang='lat' dir='ltr'>capite</span> <span class='ocrx_word' id='word_1_128' title='bbox 591 2593 779 2666; x_wconf 91' lang='lat' dir='ltr'><strong>XXVIIII.</strong></span> <span class='ocrx_word' id='word_1_129' title='bbox 800 2581 869 2680; x_wconf 82' lang='lat' dir='ltr'>Qui</span> <span class='ocrx_word' id='word_1_130' title='bbox 894 2601 1052 2687; x_wconf 90' lang='lat' dir='ltr'>tempore</span> <span class='ocrx_word' id='word_1_131' title='bbox 1077 2587 1457 2663; x_wconf 76' lang='lat' dir='ltr'>excommunicationis</span> 
     </span>
     <span class='ocr_line' id='line_1_19' title="bbox 235 2701 1454 2800; baseline 0.002 -26"><span class='ocrx_word' id='word_1_132' title='bbox 235 2727 308 2775; x_wconf 83' lang='lat' dir='ltr'>suae</span> <span class='ocrx_word' id='word_1_133' title='bbox 324 2713 406 2776; x_wconf 88' lang='lat' dir='ltr'>ante</span> <span class='ocrx_word' id='word_1_134' title='bbox 423 2704 642 2778; x_wconf 86' lang='lat' dir='ltr'>audientiam</span> <span class='ocrx_word' id='word_1_135' title='bbox 666 2706 950 2779; x_wconf 87' lang='lat' dir='ltr'>communionem</span> <span class='ocrx_word' id='word_1_136' title='bbox 977 2701 1242 2800; x_wconf 84' lang='lat' dir='ltr'>presumpserit,</span> <span class='ocrx_word' id='word_1_137' title='bbox 1260 2701 1334 2798; x_wconf 92' lang='lat' dir='ltr'>ipse</span> <span class='ocrx_word' id='word_1_138' title='bbox 1360 2701 1396 2773; x_wconf 88' lang='lat' dir='ltr'>in</span> <span class='ocrx_word' id='word_1_139' title='bbox 1417 2726 1454 2776; x_wconf 89' lang='lat' dir='ltr'>se</span> 
     </span>
     <span class='ocr_line' id='line_1_20' title="bbox 238 2813 1452 2915; baseline 0.004 -29"><span class='ocrx_word' id='word_1_140' title='bbox 238 2813 1452 2915; x_wconf 85' lang='lat' dir='ltr'>damnationisiudiceturprotulissesententiamAffrieanumcapite</span> 
     </span>
     <span class='ocr_line' id='line_1_21' title="bbox 236 2930 1457 3028; baseline -0.001 -27"><span class='ocrx_word' id='word_1_141' title='bbox 236 2931 363 3001; x_wconf 87' lang='lat' dir='ltr'><strong>XLVI.</strong></span> <span class='ocrx_word' id='word_1_142' title='bbox 375 2930 774 3006; x_wconf 83' lang='lat' dir='ltr'>Exeommunicatorum</span> <span class='ocrx_word' id='word_1_143' title='bbox 789 2932 1097 3028; x_wconf 86' lang='lat' dir='ltr'>quiintraannum</span> <span class='ocrx_word' id='word_1_144' title='bbox 1109 2954 1252 3003; x_wconf 83' lang='lat' dir='ltr'>causam</span> <span class='ocrx_word' id='word_1_145' title='bbox 1264 2953 1364 3002; x_wconf 87' lang='lat' dir='ltr'>suam</span> <span class='ocrx_word' id='word_1_146' title='bbox 1375 2955 1457 3027; x_wconf 92' lang='lat' dir='ltr'>pur-</span> 
     </span>
     <span class='ocr_line' id='line_1_22' title="bbox 238 3042 1458 3142; baseline 0.003 -30"><span class='ocrx_word' id='word_1_147' title='bbox 238 3065 328 3136; x_wconf 81' lang='lat' dir='ltr'>gare</span> <span class='ocrx_word' id='word_1_148' title='bbox 351 3045 628 3142; x_wconf 85' lang='lat' dir='ltr'>contempserint</span> <span class='ocrx_word' id='word_1_149' title='bbox 653 3044 753 3118; x_wconf 85' lang='lat' dir='ltr'>nulla</span> <span class='ocrx_word' id='word_1_150' title='bbox 771 3069 890 3120; x_wconf 89' lang='lat' dir='ltr'>eornm</span> <span class='ocrx_word' id='word_1_151' title='bbox 910 3067 978 3115; x_wconf 86' lang='lat' dir='ltr'>vox</span> <span class='ocrx_word' id='word_1_152' title='bbox 992 3051 1112 3140; x_wconf 86' lang='lat' dir='ltr'>postea</span> <span class='ocrx_word' id='word_1_153' title='bbox 1126 3042 1268 3140; x_wconf 88' lang='lat' dir='ltr'>penitus</span> <span class='ocrx_word' id='word_1_154' title='bbox 1281 3043 1458 3117; x_wconf 89' lang='lat' dir='ltr'>audiatur.</span> 
     </span>
     <span class='ocr_line' id='line_1_23' title="bbox 239 3155 1457 3256; baseline 0 -27"><span class='ocrx_word' id='word_1_155' title='bbox 239 3155 374 3230; x_wconf 88' lang='lat' dir='ltr'>Deinde</span> <span class='ocrx_word' id='word_1_156' title='bbox 393 3181 468 3256; x_wconf 90' lang='lat' dir='ltr'>cap.</span> <span class='ocrx_word' id='word_1_157' title='bbox 482 3157 520 3230; x_wconf 83' lang='grc' dir='ltr'>Ο.</span> <span class='ocrx_word' id='word_1_158' title='bbox 535 3159 712 3243; x_wconf 86' lang='lat' dir='ltr'>Quamdiu</span> <span class='ocrx_word' id='word_1_159' title='bbox 730 3181 849 3232; x_wconf 86' lang='lat' dir='ltr'>excom</span> <span class='ocrx_word' id='word_1_160' title='bbox 856 3156 1036 3230; x_wconf 86' lang='lat' dir='ltr'>munieato</span> <span class='ocrx_word' id='word_1_161' title='bbox 1053 3178 1123 3228; x_wconf 92' lang='lat' dir='ltr'>non</span> <span class='ocrx_word' id='word_1_162' title='bbox 1137 3155 1457 3231; x_wconf 85' lang='lat' dir='ltr'>communicaverit</span> 
     </span>
     <span class='ocr_line' id='line_1_24' title="bbox 239 3265 1458 3370; baseline -0.002 -26"><span class='ocrx_word' id='word_1_163' title='bbox 239 3297 326 3344; x_wconf 87' lang='lat' dir='ltr'>suus</span> <span class='ocrx_word' id='word_1_164' title='bbox 340 3271 656 3368; x_wconf 77' lang='lat' dir='ltr'>episcopuseidem</span> <span class='ocrx_word' id='word_1_165' title='bbox 671 3273 831 3370; x_wconf 88' lang='lat' dir='ltr'>episcopo</span> <span class='ocrx_word' id='word_1_166' title='bbox 847 3271 892 3344; x_wconf 87' lang='lat' dir='ltr'>ab</span> <span class='ocrx_word' id='word_1_167' title='bbox 909 3269 990 3343; x_wconf 89' lang='lat' dir='ltr'>aliis</span> <span class='ocrx_word' id='word_1_168' title='bbox 1003 3294 1073 3343; x_wconf 91' lang='lat' dir='ltr'>non</span> <span class='ocrx_word' id='word_1_169' title='bbox 1087 3269 1372 3346; x_wconf 90' lang='lat' dir='ltr'>communicetur</span> <span class='ocrx_word' id='word_1_170' title='bbox 1386 3265 1458 3369; x_wconf 91' lang='lat' dir='ltr'>epi-</span> 
     </span>
     <span class='ocr_line' id='line_1_25' title="bbox 241 3373 1457 3482; baseline 0.002 -26"><span class='ocrx_word' id='word_1_171' title='bbox 241 3373 417 3481; x_wconf 87' lang='lat' dir='ltr'>scopis,ut</span> <span class='ocrx_word' id='word_1_172' title='bbox 431 3384 549 3479; x_wconf 80' lang='lat' dir='ltr'>magis</span> <span class='ocrx_word' id='word_1_173' title='bbox 567 3396 693 3460; x_wconf 87' lang='lat' dir='ltr'>caveat</span> <span class='ocrx_word' id='word_1_174' title='bbox 710 3384 895 3482; x_wconf 90' lang='lat' dir='ltr'>episeopus</span> <span class='ocrx_word' id='word_1_175' title='bbox 912 3409 956 3458; x_wconf 90' lang='lat' dir='ltr'>ne</span> <span class='ocrx_word' id='word_1_176' title='bbox 974 3384 1070 3457; x_wconf 88' lang='lat' dir='ltr'>dicat</span> <span class='ocrx_word' id='word_1_177' title='bbox 1087 3383 1124 3455; x_wconf 91' lang='lat' dir='ltr'>in</span> <span class='ocrx_word' id='word_1_178' title='bbox 1142 3373 1457 3480; x_wconf 80' lang='lat' dir='ltr'>quenquamquod</span> 
     </span>
    </p>
   </div>
   <div class='ocr_carea' id='block_1_6' title="bbox 237 3495 1566 3597">
    <p class='ocr_par' dir='ltr' id='par_1_6' title="bbox 237 3495 1566 3597">
     <span class='ocr_line' id='line_1_26' title="bbox 237 3495 1566 3597; baseline 0.002 -29"><span class='ocrx_word' id='word_1_179' title='bbox 237 3497 318 3570; x_wconf 81' lang='lat' dir='ltr'>eliis</span> <span class='ocrx_word' id='word_1_180' title='bbox 332 3497 558 3572; x_wconf 85' lang='lat' dir='ltr'>documentis</span> <span class='ocrx_word' id='word_1_181' title='bbox 572 3497 785 3572; x_wconf 87' lang='lat' dir='ltr'>convincere</span> <span class='ocrx_word' id='word_1_182' title='bbox 799 3506 921 3597; x_wconf 88' lang='lat' dir='ltr'>potest.</span> <span class='ocrx_word' id='word_1_183' title='bbox 935 3495 1108 3572; x_wconf 82' lang='lat' dir='ltr'>Oalixtus.</span> <span class='ocrx_word' id='word_1_184' title='bbox 1121 3497 1457 3570; x_wconf 86' lang='lat' dir='ltr'>Excommunicatos</span> <span class='ocrx_word' id='word_1_185' title='bbox 1564 3557 1566 3560; x_wconf 42' lang='lat'><strong>.</strong></span> 
     </span>
    </p>
   </div>
   <div class='ocr_carea' id='block_1_7' title="bbox 237 3609 1459 4608">
    <p class='ocr_par' dir='ltr' id='par_1_7' title="bbox 237 3609 1459 4608">
     <span class='ocr_line' id='line_1_27' title="bbox 237 3609 1458 3708; baseline 0 -25"><span class='ocrx_word' id='word_1_186' title='bbox 237 3611 516 3685; x_wconf 84' lang='lat' dir='ltr'>asacerdotibus</span> <span class='ocrx_word' id='word_1_187' title='bbox 538 3609 661 3684; x_wconf 89' lang='lat' dir='ltr'>nullus</span> <span class='ocrx_word' id='word_1_188' title='bbox 687 3610 845 3708; x_wconf 83' lang='lat' dir='ltr'>recipiat,</span> <span class='ocrx_word' id='word_1_189' title='bbox 863 3621 945 3686; x_wconf 89' lang='lat' dir='ltr'>ante</span> <span class='ocrx_word' id='word_1_190' title='bbox 971 3610 1159 3707; x_wconf 86' lang='lat' dir='ltr'>utriusque</span> <span class='ocrx_word' id='word_1_191' title='bbox 1185 3609 1297 3706; x_wconf 89' lang='lat' dir='ltr'>partis</span> <span class='ocrx_word' id='word_1_192' title='bbox 1321 3635 1458 3685; x_wconf 86' lang='lat' dir='ltr'>exeom-</span> 
     </span>
     <span class='ocr_line' id='line_1_28' title="bbox 238 3721 1457 3819; baseline 0.002 -24"><span class='ocrx_word' id='word_1_193' title='bbox 238 3723 529 3812; x_wconf 87' lang='lat' dir='ltr'>municationem,</span> <span class='ocrx_word' id='word_1_194' title='bbox 542 3749 609 3799; x_wconf 91' lang='lat' dir='ltr'>nec</span> <span class='ocrx_word' id='word_1_195' title='bbox 626 3749 709 3799; x_wconf 91' lang='lat' dir='ltr'>cum</span> <span class='ocrx_word' id='word_1_196' title='bbox 723 3725 775 3798; x_wconf 89' lang='lat' dir='ltr'>cis</span> <span class='ocrx_word' id='word_1_197' title='bbox 787 3726 825 3797; x_wconf 89' lang='lat' dir='ltr'>in</span> <span class='ocrx_word' id='word_1_198' title='bbox 843 3725 1009 3810; x_wconf 86' lang='lat' dir='ltr'>oratione,</span> <span class='ocrx_word' id='word_1_199' title='bbox 1022 3732 1086 3796; x_wconf 91' lang='lat' dir='ltr'>aut</span> <span class='ocrx_word' id='word_1_200' title='bbox 1103 3723 1192 3810; x_wconf 83' lang='lat' dir='ltr'>cibe,</span> <span class='ocrx_word' id='word_1_201' title='bbox 1205 3721 1264 3796; x_wconf 91' lang='lat' dir='ltr'>vel</span> <span class='ocrx_word' id='word_1_202' title='bbox 1284 3731 1380 3819; x_wconf 90' lang='lat' dir='ltr'>potu,</span> <span class='ocrx_word' id='word_1_203' title='bbox 1393 3733 1457 3798; x_wconf 90' lang='lat' dir='ltr'>aut</span> 
     </span>
     <span class='ocr_line' id='line_1_29' title="bbox 238 3836 1457 3934; baseline 0 -24"><span class='ocrx_word' id='word_1_204' title='bbox 238 3837 357 3912; x_wconf 88' lang='lat' dir='ltr'>osculo</span> <span class='ocrx_word' id='word_1_205' title='bbox 382 3838 633 3924; x_wconf 84' lang='lat' dir='ltr'>eommunicet,</span> <span class='ocrx_word' id='word_1_206' title='bbox 650 3863 716 3913; x_wconf 90' lang='lat' dir='ltr'>nec</span> <span class='ocrx_word' id='word_1_207' title='bbox 741 3837 860 3911; x_wconf 87' lang='lat' dir='ltr'>everis</span> <span class='ocrx_word' id='word_1_208' title='bbox 881 3837 985 3912; x_wconf 88' lang='lat' dir='ltr'>dicat.</span> <span class='ocrx_word' id='word_1_209' title='bbox 1003 3836 1216 3934; x_wconf 85' lang='lat' dir='ltr'>Quicunque</span> <span class='ocrx_word' id='word_1_210' title='bbox 1243 3860 1327 3910; x_wconf 90' lang='lat' dir='ltr'>vero</span> <span class='ocrx_word' id='word_1_211' title='bbox 1346 3837 1383 3908; x_wconf 93' lang='lat' dir='ltr'>in</span> <span class='ocrx_word' id='word_1_212' title='bbox 1400 3837 1457 3911; x_wconf 90' lang='lat' dir='ltr'>his</span> 
     </span>
     <span class='ocr_line' id='line_1_30' title="bbox 241 3949 1459 4048; baseline 0 -25"><span class='ocrx_word' id='word_1_213' title='bbox 241 3951 333 4048; x_wconf 89' lang='lat' dir='ltr'>quod</span> <span class='ocrx_word' id='word_1_214' title='bbox 350 3950 432 4024; x_wconf 87' lang='lat' dir='ltr'>aliis</span> <span class='ocrx_word' id='word_1_215' title='bbox 450 3949 636 4048; x_wconf 90' lang='lat' dir='ltr'>prohibitis</span> <span class='ocrx_word' id='word_1_216' title='bbox 654 3951 705 4024; x_wconf 89' lang='lat' dir='ltr'>eis</span> <span class='ocrx_word' id='word_1_217' title='bbox 727 3951 882 4024; x_wconf 87' lang='lat' dir='ltr'>scienter</span> <span class='ocrx_word' id='word_1_218' title='bbox 907 3950 1238 4038; x_wconf 85' lang='lat' dir='ltr'>communicaverit,</span> <span class='ocrx_word' id='word_1_219' title='bbox 1255 3950 1355 4023; x_wconf 87' lang='lat' dir='ltr'>iuxta</span> <span class='ocrx_word' id='word_1_220' title='bbox 1380 3973 1459 4047; x_wconf 84' lang='lat' dir='ltr'>apo</span> 
     </span>
     <span class='ocr_line' id='line_1_31' title="bbox 240 4062 1459 4162; baseline 0.001 -26"><span class='ocrx_word' id='word_1_221' title='bbox 240 4064 406 4138; x_wconf 88' lang='lat' dir='ltr'>stolorum</span> <span class='ocrx_word' id='word_1_222' title='bbox 423 4062 684 4137; x_wconf 88' lang='lat' dir='ltr'>iustitutionem</span> <span class='ocrx_word' id='word_1_223' title='bbox 699 4071 734 4137; x_wconf 89' lang='lat' dir='ltr'>ct</span> <span class='ocrx_word' id='word_1_224' title='bbox 751 4063 826 4162; x_wconf 87' lang='lat' dir='ltr'>ipse</span> <span class='ocrx_word' id='word_1_225' title='bbox 840 4063 950 4137; x_wconf 86' lang='lat' dir='ltr'>simili</span> <span class='ocrx_word' id='word_1_226' title='bbox 968 4063 1328 4145; x_wconf 84' lang='lat' dir='ltr'>excommunicationi</span> <span class='ocrx_word' id='word_1_227' title='bbox 1342 4063 1459 4138; x_wconf 88' lang='lat' dir='ltr'>subia-</span> 
     </span>
     <span class='ocr_line' id='line_1_32' title="bbox 241 4175 1457 4275; baseline -0.002 -24"><span class='ocrx_word' id='word_1_228' title='bbox 241 4186 330 4251; x_wconf 90' lang='lat' dir='ltr'>ceat.</span> <span class='ocrx_word' id='word_1_229' title='bbox 344 4177 520 4252; x_wconf 88' lang='lat' dir='ltr'>Gelasins.</span> <span class='ocrx_word' id='word_1_230' title='bbox 535 4177 760 4275; x_wconf 83' lang='lat' dir='ltr'>Quicumque</span> <span class='ocrx_word' id='word_1_231' title='bbox 778 4177 891 4274; x_wconf 84' lang='lat' dir='ltr'>igitur</span> <span class='ocrx_word' id='word_1_232' title='bbox 909 4177 1005 4250; x_wconf 86' lang='lat' dir='ltr'>intra</span> <span class='ocrx_word' id='word_1_233' title='bbox 1022 4177 1108 4249; x_wconf 86' lang='lat' dir='ltr'>anni</span> <span class='ocrx_word' id='word_1_234' title='bbox 1128 4175 1283 4274; x_wconf 84' lang='lat' dir='ltr'>spatium</span> <span class='ocrx_word' id='word_1_235' title='bbox 1301 4177 1457 4252; x_wconf 91' lang='lat' dir='ltr'>civiliter</span> 
     </span>
     <span class='ocr_line' id='line_1_33' title="bbox 243 4289 1457 4387; baseline 0.003 -25"><span class='ocrx_word' id='word_1_236' title='bbox 243 4289 318 4363; x_wconf 84' lang='lat' dir='ltr'>sire</span> <span class='ocrx_word' id='word_1_237' title='bbox 333 4290 473 4387; x_wconf 89' lang='lat' dir='ltr'>publice</span> <span class='ocrx_word' id='word_1_238' title='bbox 487 4316 631 4364; x_wconf 85' lang='lat' dir='ltr'>causam</span> <span class='ocrx_word' id='word_1_239' title='bbox 644 4315 742 4363; x_wconf 86' lang='lat' dir='ltr'>suam</span> <span class='ocrx_word' id='word_1_240' title='bbox 756 4315 872 4365; x_wconf 91' lang='lat' dir='ltr'>coram</span> <span class='ocrx_word' id='word_1_241' title='bbox 885 4293 959 4365; x_wconf 91' lang='lat' dir='ltr'>suis</span> <span class='ocrx_word' id='word_1_242' title='bbox 969 4291 1374 4366; x_wconf 85' lang='lat' dir='ltr'>excommunicatoribus</span> <span class='ocrx_word' id='word_1_243' title='bbox 1387 4314 1457 4366; x_wconf 90' lang='lat' dir='ltr'>nen</span> 
     </span>
     <span class='ocr_line' id='line_1_34' title="bbox 240 4404 1459 4505; baseline 0.002 -27"><span class='ocrx_word' id='word_1_244' title='bbox 240 4405 446 4502; x_wconf 84' lang='lat' dir='ltr'>peregerint</span> <span class='ocrx_word' id='word_1_245' title='bbox 465 4405 552 4505; x_wconf 90' lang='lat' dir='ltr'>ipsis</span> <span class='ocrx_word' id='word_1_246' title='bbox 569 4405 759 4480; x_wconf 73' lang='lat' dir='ltr'>audientis</span> <span class='ocrx_word' id='word_1_247' title='bbox 777 4407 947 4482; x_wconf 85' lang='lat' dir='ltr'>clausisse</span> <span class='ocrx_word' id='word_1_248' title='bbox 965 4404 1128 4478; x_wconf 88' lang='lat' dir='ltr'>auditum</span> <span class='ocrx_word' id='word_1_249' title='bbox 1148 4405 1345 4478; x_wconf 79' lang='lat' dir='ltr'>videantur.</span> <span class='ocrx_word' id='word_1_250' title='bbox 1358 4405 1459 4492; x_wconf 86' lang='lat' dir='ltr'>Quod</span> 
     </span>
     <span class='ocr_line' id='line_1_35' title="bbox 242 4515 1458 4608; baseline 0 -14"><span class='ocrx_word' id='word_1_251' title='bbox 242 4517 271 4594; x_wconf 84' lang='lat' dir='ltr'>si</span> <span class='ocrx_word' id='word_1_252' title='bbox 286 4515 330 4592; x_wconf 90' lang='lat' dir='ltr'>ab</span> <span class='ocrx_word' id='word_1_253' title='bbox 344 4517 495 4596; x_wconf 79' lang='lat' dir='ltr'>estimato</span> <span class='ocrx_word' id='word_1_254' title='bbox 508 4515 626 4595; x_wconf 86' lang='lat' dir='ltr'>auimo</span> <span class='ocrx_word' id='word_1_255' title='bbox 640 4517 716 4597; x_wconf 87' lang='lat' dir='ltr'>eine</span> <span class='ocrx_word' id='word_1_256' title='bbox 730 4517 1052 4598; x_wconf 88' lang='lat' dir='ltr'>communicatione</span> <span class='ocrx_word' id='word_1_257' title='bbox 1064 4517 1226 4595; x_wconf 82' lang='lat' dir='ltr'>defuncti</span> <span class='ocrx_word' id='word_1_258' title='bbox 1241 4517 1458 4608; x_wconf 87' lang='lat' dir='ltr'>fuerint,nos</span> 
     </span>
    </p>
   </div>
   <div class='ocr_carea' id='block_1_8' title="bbox 0 0 1833 5294">
    <p class='ocr_par' dir='ltr' id='par_1_8' title="bbox 0 0 1833 5294">
     <span class='ocr_line' id='line_1_36' title="bbox 0 0 1833 5294; baseline 0 0"><span class='ocrx_word' id='word_1_259' title='bbox 0 0 1833 5294; x_wconf 95' lang='lat' dir='ltr'> </span> 
     </span>
    </p>
   </div>
  </div>
 </body>
</html>
