<?xml version="1.0" encoding="UTF-8"?>
<!DOCTYPE html PUBLIC "-//W3C//DTD XHTML 1.0 Transitional//EN"
    "http://www.w3.org/TR/xhtml1/DTD/xhtml1-transitional.dtd">
<html xmlns="http://www.w3.org/1999/xhtml" xml:lang="en" lang="en">
 <head>
  <title>
</title>
<meta http-equiv="Content-Type" content="text/html;charset=utf-8" />
  <meta name='ocr-system' content='tesseract 3.04.00' />
  <meta name='ocr-capabilities' content='ocr_page ocr_carea ocr_par ocr_line ocrx_word'/>
</head>
<body>
  <div class='ocr_page' id='page_1' title='image "./deusdeditpresby00martgoog_0022.png"; bbox 0 0 3642 5294; ppageno 0'>
   <div class='ocr_carea' id='block_1_1' title="bbox 209 423 1530 2476">
    <p class='ocr_par' dir='ltr' id='par_1_1' title="bbox 209 423 1530 2476">
     <span class='ocr_line' id='line_1_1' title="bbox 719 423 947 476; baseline 0 0"><span class='ocrx_word' id='word_1_1' title='bbox 719 447 768 458; x_wconf 89' lang='lat'>·-</span> <span class='ocrx_word' id='word_1_2' title='bbox 793 423 873 476; x_wconf 78' lang='lat' dir='ltr'>xvn</span> <span class='ocrx_word' id='word_1_3' title='bbox 900 447 947 460; x_wconf 86' lang='lat'>-</span> 
     </span>
     <span class='ocr_line' id='line_1_2' title="bbox 217 559 1448 686; baseline 0.002 -34"><span class='ocrx_word' id='word_1_4' title='bbox 217 563 359 655; x_wconf 75' lang='lat' dir='ltr'>tetur.</span> <span class='ocrx_word' id='word_1_5' title='bbox 395 560 465 655; x_wconf 76' lang='lat' dir='ltr'>Dc</span> <span class='ocrx_word' id='word_1_6' title='bbox 498 559 730 681; x_wconf 78' lang='lat' dir='ltr'>legatione</span> <span class='ocrx_word' id='word_1_7' title='bbox 763 561 903 656; x_wconf 90' lang='lat' dir='ltr'>etiam</span> <span class='ocrx_word' id='word_1_8' title='bbox 939 561 1214 686; x_wconf 80' lang='lat' dir='ltr'>Hispanica,</span> <span class='ocrx_word' id='word_1_9' title='bbox 1237 590 1356 684; x_wconf 89' lang='lat' dir='ltr'>quae</span> <span class='ocrx_word' id='word_1_10' title='bbox 1380 560 1448 655; x_wconf 93' lang='lat' dir='ltr'>di-</span> 
     </span>
     <span class='ocr_line' id='line_1_3' title="bbox 214 702 1449 844; baseline 0.001 -27"><span class='ocrx_word' id='word_1_11' title='bbox 214 723 339 818; x_wconf 75' lang='lat' dir='ltr'>citur·</span> <span class='ocrx_word' id='word_1_12' title='bbox 356 724 396 818; x_wconf 90' lang='lat' dir='ltr'>ci</span> <span class='ocrx_word' id='word_1_13' title='bbox 413 722 559 820; x_wconf 90' lang='lat' dir='ltr'>fuisse</span> <span class='ocrx_word' id='word_1_14' title='bbox 582 725 849 842; x_wconf 69' lang='lat' dir='ltr'>commissa,</span> <span class='ocrx_word' id='word_1_15' title='bbox 868 724 1044 844; x_wconf 79' lang='lat' dir='ltr'>ambigi</span> <span class='ocrx_word' id='word_1_16' title='bbox 1067 755 1161 821; x_wconf 90' lang='lat' dir='ltr'>nou</span> <span class='ocrx_word' id='word_1_17' title='bbox 1185 725 1285 820; x_wconf 92' lang='lat' dir='ltr'>sine</span> <span class='ocrx_word' id='word_1_18' title='bbox 1303 702 1449 820; x_wconf 88' lang='lat' dir='ltr'>causa</span> 
     </span>
     <span class='ocr_line' id='line_1_4' title="bbox 215 883 1447 1009; baseline 0.002 -32"><span class='ocrx_word' id='word_1_19' title='bbox 215 887 384 1005; x_wconf 90' lang='lat' dir='ltr'>potest.</span> <span class='ocrx_word' id='word_1_20' title='bbox 420 883 608 978; x_wconf 83' lang='lat' dir='ltr'>Etenim</span> <span class='ocrx_word' id='word_1_21' title='bbox 642 887 689 978; x_wconf 93' lang='lat' dir='ltr'>in</span> <span class='ocrx_word' id='word_1_22' title='bbox 724 885 930 1009; x_wconf 87' lang='lat' dir='ltr'>epistolis</span> <span class='ocrx_word' id='word_1_23' title='bbox 964 885 1185 1008; x_wconf 8' lang='lat' dir='ltr'>&#39;Gregorii</span> <span class='ocrx_word' id='word_1_24' title='bbox 1218 886 1313 981; x_wconf 87' lang='lat' dir='ltr'>VH</span> <span class='ocrx_word' id='word_1_25' title='bbox 1350 915 1447 982; x_wconf 89' lang='lat' dir='ltr'>una</span> 
     </span>
     <span class='ocr_line' id='line_1_5' title="bbox 214 1048 1447 1172; baseline 0.002 -32"><span class='ocrx_word' id='word_1_26' title='bbox 214 1050 403 1142; x_wconf 88' lang='lat' dir='ltr'>tantum</span> <span class='ocrx_word' id='word_1_27' title='bbox 428 1048 598 1168; x_wconf 88' lang='lat' dir='ltr'>legatio</span> <span class='ocrx_word' id='word_1_28' title='bbox 622 1052 816 1172; x_wconf 83' lang='lat' dir='ltr'>apparet</span> <span class='ocrx_word' id='word_1_29' title='bbox 843 1049 906 1142; x_wconf 86' lang='lat' dir='ltr'>¹ad</span> <span class='ocrx_word' id='word_1_30' title='bbox 931 1049 1170 1172; x_wconf 88' lang='lat' dir='ltr'>Hispanos</span> <span class='ocrx_word' id='word_1_31' title='bbox 1197 1051 1447 1144; x_wconf 81' lang='lat' dir='ltr'>transmis-</span> 
     </span>
     <span class='ocr_line' id='line_1_6' title="bbox 213 1208 1444 1333; baseline 0.002 -32"><span class='ocrx_word' id='word_1_32' title='bbox 213 1237 285 1324; x_wconf 77' lang='lat' dir='ltr'>sa,</span> <span class='ocrx_word' id='word_1_33' title='bbox 307 1208 356 1302; x_wconf 91' lang='lat' dir='ltr'>in</span> <span class='ocrx_word' id='word_1_34' title='bbox 392 1237 486 1330; x_wconf 90' lang='lat' dir='ltr'>qua</span> <span class='ocrx_word' id='word_1_35' title='bbox 518 1208 747 1304; x_wconf 85' lang='lat' dir='ltr'>Amatum</span> <span class='ocrx_word' id='word_1_36' title='bbox 780 1211 1068 1333; x_wconf 74' lang='lat' dir='ltr'>Episcopum</span> <span class='ocrx_word' id='word_1_37' title='bbox 1105 1210 1444 1306; x_wconf 82' lang='lat' dir='ltr'>Oloronensem</span> 
     </span>
     <span class='ocr_line' id='line_1_7' title="bbox 217 1371 1530 1507; baseline 0.004 -41"><span class='ocrx_word' id='word_1_38' title='bbox 217 1375 265 1466; x_wconf 89' lang='lat' dir='ltr'>et</span> <span class='ocrx_word' id='word_1_39' title='bbox 299 1371 532 1467; x_wconf 82' lang='lat' dir='ltr'>Abbatem</span> <span class='ocrx_word' id='word_1_40' title='bbox 573 1372 621 1466; x_wconf 88' lang='lat' dir='ltr'>S.</span> <span class='ocrx_word' id='word_1_41' title='bbox 652 1373 813 1468; x_wconf 80' lang='lat' dir='ltr'>Pontii</span> <span class='ocrx_word' id='word_1_42' title='bbox 856 1375 1036 1492; x_wconf 85' lang='lat' dir='ltr'>legatos</span> <span class='ocrx_word' id='word_1_43' title='bbox 1070 1375 1298 1492; x_wconf 75' lang='lat' dir='ltr'>adhibuit,</span> <span class='ocrx_word' id='word_1_44' title='bbox 1331 1377 1445 1498; x_wconf 87' lang='lat' dir='ltr'>quin</span> <span class='ocrx_word' id='word_1_45' title='bbox 1528 1503 1530 1507; x_wconf 11' lang='grc' dir='ltr'><em>Α</em></span> 
     </span>
     <span class='ocr_line' id='line_1_8' title="bbox 219 1535 1445 1633; baseline 0.004 -5"><span class='ocrx_word' id='word_1_46' title='bbox 219 1535 277 1630; x_wconf 89' lang='lat' dir='ltr'>de</span> <span class='ocrx_word' id='word_1_47' title='bbox 311 1541 471 1630; x_wconf 77' lang='lat' dir='ltr'>nostro</span> <span class='ocrx_word' id='word_1_48' title='bbox 495 1537 732 1631; x_wconf 77' lang='lat' dir='ltr'>Candinali</span> <span class='ocrx_word' id='word_1_49' title='bbox 756 1537 929 1632; x_wconf 89' lang='lat' dir='ltr'>mentio</span> <span class='ocrx_word' id='word_1_50' title='bbox 963 1539 1059 1631; x_wconf 92' lang='lat' dir='ltr'>ulla</span> <span class='ocrx_word' id='word_1_51' title='bbox 1092 1540 1334 1633; x_wconf 72' lang='lat' dir='ltr'>habeatur.</span> <span class='ocrx_word' id='word_1_52' title='bbox 1358 1538 1445 1633; x_wconf 72' lang='lat' dir='ltr'>nt</span> 
     </span>
     <span class='ocr_line' id='line_1_9' title="bbox 209 1700 1444 1798; baseline 0.005 -6"><span class='ocrx_word' id='word_1_53' title='bbox 209 1700 587 1795; x_wconf 90' lang='lat' dir='ltr'>tamenecodice</span> <span class='ocrx_word' id='word_1_54' title='bbox 604 1704 764 1794; x_wconf 76' lang='lat' dir='ltr'>nostro</span> <span class='ocrx_word' id='word_1_55' title='bbox 782 1702 1274 1798; x_wconf 81' lang='lat' dir='ltr'>cnuitunOandinalem</span> <span class='ocrx_word' id='word_1_56' title='bbox 1286 1703 1444 1797; x_wconf 90' lang='lat' dir='ltr'>Deus-</span> 
     </span>
     <span class='ocr_line' id='line_1_10' title="bbox 213 1860 1444 1999; baseline 0.007 -46"><span class='ocrx_word' id='word_1_57' title='bbox 213 1860 341 1955; x_wconf 92' lang='lat' dir='ltr'>dedit</span> <span class='ocrx_word' id='word_1_58' title='bbox 365 1863 614 1984; x_wconf 84' lang='lat' dir='ltr'>aliquando</span> <span class='ocrx_word' id='word_1_59' title='bbox 637 1864 685 1956; x_wconf 91' lang='lat' dir='ltr'>in</span> <span class='ocrx_word' id='word_1_60' title='bbox 711 1863 1015 1958; x_wconf 86' lang='lat' dir='ltr'>Gennaniam</span> <span class='ocrx_word' id='word_1_61' title='bbox 1040 1863 1302 1999; x_wconf 81' lang='lat' dir='ltr'>proiectum</span> <span class='ocrx_word' id='word_1_62' title='bbox 1326 1895 1444 1979; x_wconf 65' lang='lat' dir='ltr'>esse,</span> 
     </span>
     <span class='ocr_line' id='line_1_11' title="bbox 209 2023 1439 2148; baseline 0.003 -30"><span class='ocrx_word' id='word_1_63' title='bbox 209 2023 443 2146; x_wconf 75' lang='lat' dir='ltr'>siquidem</span> <span class='ocrx_word' id='word_1_64' title='bbox 465 2025 513 2118; x_wconf 87' lang='lat' dir='ltr'>in</span> <span class='ocrx_word' id='word_1_65' title='bbox 546 2023 748 2120; x_wconf 78' lang='lat' dir='ltr'>formula</span> <span class='ocrx_word' id='word_1_66' title='bbox 771 2025 1086 2148; x_wconf 72' lang='lat' dir='ltr'>jurisjurandi</span> <span class='ocrx_word' id='word_1_67' title='bbox 1120 2029 1178 2121; x_wconf 87' lang='lat' dir='ltr'>ab</span> <span class='ocrx_word' id='word_1_68' title='bbox 1204 2027 1394 2124; x_wconf 88' lang='lat' dir='ltr'>Othone</span> <span class='ocrx_word' id='word_1_69' title='bbox 1416 2029 1439 2122; x_wconf 90' lang='lat' dir='ltr'>I</span> 
     </span>
     <span class='ocr_line' id='line_1_12' title="bbox 210 2187 1443 2311; baseline 0.001 -29"><span class='ocrx_word' id='word_1_70' title='bbox 210 2189 423 2311; x_wconf 81' lang='lat' dir='ltr'>praestiti</span> <span class='ocrx_word' id='word_1_71' title='bbox 456 2188 626 2284; x_wconf 81' lang='lat' dir='ltr'>loanni</span> <span class='ocrx_word' id='word_1_72' title='bbox 649 2188 749 2283; x_wconf 86' lang='lat' dir='ltr'>XII</span> <span class='ocrx_word' id='word_1_73' title='bbox 782 2187 979 2284; x_wconf 88' lang='lat' dir='ltr'>Summo</span> <span class='ocrx_word' id='word_1_74' title='bbox 1007 2191 1225 2285; x_wconf 88' lang='lat' dir='ltr'>Pontifici</span> <span class='ocrx_word' id='word_1_75' title='bbox 1247 2193 1364 2286; x_wconf 84' lang='lat' dir='ltr'>haec</span> <span class='ocrx_word' id='word_1_76' title='bbox 1395 2191 1443 2284; x_wconf 92' lang='lat' dir='ltr'>in</span> 
     </span>
     <span class='ocr_line' id='line_1_13' title="bbox 211 2353 1443 2476; baseline 0.004 -27"><span class='ocrx_word' id='word_1_77' title='bbox 211 2355 428 2476; x_wconf 77' lang='lat' dir='ltr'>margine</span> <span class='ocrx_word' id='word_1_78' title='bbox 461 2357 605 2448; x_wconf 75' lang='lat' dir='ltr'>vecla</span> <span class='ocrx_word' id='word_1_79' title='bbox 637 2353 883 2450; x_wconf 79' lang='lat' dir='ltr'>notantur:</span> <span class='ocrx_word' id='word_1_80' title='bbox 919 2357 1015 2452; x_wconf 83' lang='lat' dir='ltr'>boc</span> <span class='ocrx_word' id='word_1_81' title='bbox 1046 2363 1443 2454; x_wconf 69' lang='lat' dir='ltr'>sacromentum</span> 
     </span>
    </p>
   </div>
   <div class='ocr_carea' id='block_1_2' title="bbox 208 2516 1492 4430">
    <p class='ocr_par' dir='ltr' id='par_1_2' title="bbox 208 2516 1439 2962">
     <span class='ocr_line' id='line_1_14' title="bbox 211 2516 1439 2639; baseline 0.01 -31"><span class='ocrx_word' id='word_1_82' title='bbox 211 2516 420 2614; x_wconf 72' lang='lat' dir='ltr'>abdebat</span> <span class='ocrx_word' id='word_1_83' title='bbox 437 2517 673 2639; x_wconf 56' lang='lat' dir='ltr'>scidam</span> <span class='ocrx_word' id='word_1_84' title='bbox 692 2517 852 2638; x_wconf 70' lang='lat' dir='ltr'>dtcy&#39;cls</span> <span class='ocrx_word' id='word_1_85' title='bbox 877 2517 1006 2614; x_wconf 72' lang='lat' dir='ltr'>lc&#39;bm&#39;</span> <span class='ocrx_word' id='word_1_86' title='bbox 1034 2520 1090 2617; x_wconf 66' lang='lat' dir='ltr'>ab</span> <span class='ocrx_word' id='word_1_87' title='bbox 1113 2519 1361 2621; x_wconf 67' lang='lat' dir='ltr'>Sabbata</span> <span class='ocrx_word' id='word_1_88' title='bbox 1383 2525 1439 2620; x_wconf 72' lang='lat' dir='ltr'>ab</span> 
     </span>
     <span class='ocr_line' id='line_1_15' title="bbox 208 2679 1435 2810; baseline 0.004 -37"><span class='ocrx_word' id='word_1_89' title='bbox 208 2680 550 2794; x_wconf 66' lang='lat' dir='ltr'>monastero,</span> <span class='ocrx_word' id='word_1_90' title='bbox 586 2681 729 2802; x_wconf 69' lang='lat' dir='ltr'>qelod</span> <span class='ocrx_word' id='word_1_91' title='bbox 758 2679 955 2776; x_wconf 63' lang='lat' dir='ltr'>dccc&#39;do’</span> <span class='ocrx_word' id='word_1_92' title='bbox 986 2682 1297 2810; x_wconf 62' lang='lat' dir='ltr'>Lucbcdury</span> <span class='ocrx_word' id='word_1_93' title='bbox 1327 2685 1435 2808; x_wconf 88' lang='lat' dir='ltr'>(lib.</span> 
     </span>
     <span class='ocr_line' id='line_1_16' title="bbox 216 2841 497 2962; baseline 0.007 -28"><span class='ocrx_word' id='word_1_94' title='bbox 216 2842 262 2956; x_wconf 77' lang='lat' dir='ltr'>l,</span> <span class='ocrx_word' id='word_1_95' title='bbox 298 2872 336 2936; x_wconf 92' lang='lat' dir='ltr'>c.</span> <span class='ocrx_word' id='word_1_96' title='bbox 378 2841 497 2962; x_wconf 83' lang='grc'>161).</span> 
     </span>
    </p>

    <p class='ocr_par' dir='ltr' id='par_1_3' title="bbox 211 3005 1492 4430">
     <span class='ocr_line' id='line_1_17' title="bbox 342 3005 1441 3134; baseline 0.005 -35"><span class='ocrx_word' id='word_1_97' title='bbox 342 3005 516 3124; x_wconf 76' lang='lat' dir='ltr'>Codex,</span> <span class='ocrx_word' id='word_1_98' title='bbox 528 3007 608 3130; x_wconf 68' lang='lat' dir='ltr'>qiu</span> <span class='ocrx_word' id='word_1_99' title='bbox 626 3010 749 3103; x_wconf 90' lang='lat' dir='ltr'>hanc</span> <span class='ocrx_word' id='word_1_100' title='bbox 767 3007 1083 3105; x_wconf 72' lang='lat' dir='ltr'>collectionem</span> <span class='ocrx_word' id='word_1_101' title='bbox 1101 3012 1441 3134; x_wconf 71' lang='lat' dir='ltr'>complectitur,</span> 
     </span>
     <span class='ocr_line' id='line_1_18' title="bbox 214 3167 1445 3292; baseline 0.006 -32"><span class='ocrx_word' id='word_1_102' title='bbox 214 3170 286 3260; x_wconf 89' lang='lat' dir='ltr'>est</span> <span class='ocrx_word' id='word_1_103' title='bbox 307 3167 656 3292; x_wconf 89' lang='lat' dir='ltr'>palimpsestus.</span> <span class='ocrx_word' id='word_1_104' title='bbox 676 3169 753 3264; x_wconf 84' lang='lat' dir='ltr'>Ex</span> <span class='ocrx_word' id='word_1_105' title='bbox 776 3169 985 3291; x_wconf 77' lang='lat' dir='ltr'>vestigiis</span> <span class='ocrx_word' id='word_1_106' title='bbox 1009 3171 1181 3268; x_wconf 86' lang='lat' dir='ltr'>vetusti</span> <span class='ocrx_word' id='word_1_107' title='bbox 1204 3174 1445 3267; x_wconf 80' lang='lat' dir='ltr'>characte-</span> 
     </span>
     <span class='ocr_line' id='line_1_19' title="bbox 213 3325 1443 3456; baseline 0.008 -38"><span class='ocrx_word' id='word_1_108' title='bbox 213 3325 280 3421; x_wconf 87' lang='lat' dir='ltr'>ris</span> <span class='ocrx_word' id='word_1_109' title='bbox 313 3325 421 3423; x_wconf 86' lang='lat' dir='ltr'>lolia</span> <span class='ocrx_word' id='word_1_110' title='bbox 441 3329 521 3426; x_wconf 89' lang='lat' dir='ltr'>illa</span> <span class='ocrx_word' id='word_1_111' title='bbox 546 3334 908 3427; x_wconf 72' lang='lat' dir='ltr'>membranacea</span> <span class='ocrx_word' id='word_1_112' title='bbox 929 3333 1230 3428; x_wconf 76' lang='lat' dir='ltr'>continebant</span> <span class='ocrx_word' id='word_1_113' title='bbox 1262 3333 1443 3456; x_wconf 77' lang='lat' dir='ltr'>capitu-</span> 
     </span>
     <span class='ocr_line' id='line_1_20' title="bbox 211 3495 1492 3634; baseline 0.008 -48"><span class='ocrx_word' id='word_1_114' title='bbox 211 3495 309 3590; x_wconf 80' lang='lat' dir='ltr'>lare</span> <span class='ocrx_word' id='word_1_115' title='bbox 326 3495 711 3618; x_wconf 72' lang='lat' dir='ltr'>Evangeliorum,</span> <span class='ocrx_word' id='word_1_116' title='bbox 729 3498 826 3593; x_wconf 80' lang='lat' dir='ltr'>siue</span> <span class='ocrx_word' id='word_1_117' title='bbox 843 3499 1104 3620; x_wconf 83' lang='lat' dir='ltr'>Evangelia</span> <span class='ocrx_word' id='word_1_118' title='bbox 1126 3499 1326 3620; x_wconf 91' lang='lat' dir='ltr'>singulis</span> <span class='ocrx_word' id='word_1_119' title='bbox 1344 3501 1441 3596; x_wconf 93' lang='lat' dir='ltr'>Do-</span> <span class='ocrx_word' id='word_1_120' title='bbox 1490 3629 1492 3634; x_wconf 65' lang='lat'>,</span> 
     </span>
     <span class='ocr_line' id='line_1_21' title="bbox 211 3661 1439 3786; baseline 0.004 -30"><span class='ocrx_word' id='word_1_121' title='bbox 211 3663 414 3782; x_wconf 69' lang='lat' dir='ltr'>minicia</span> <span class='ocrx_word' id='word_1_122' title='bbox 437 3665 509 3758; x_wconf 86' lang='lat' dir='ltr'>vel</span> <span class='ocrx_word' id='word_1_123' title='bbox 542 3661 683 3780; x_wconf 73' lang='lat' dir='ltr'>seniis,</span> <span class='ocrx_word' id='word_1_124' title='bbox 706 3667 788 3758; x_wconf 90' lang='lat' dir='ltr'>aut</span> <span class='ocrx_word' id='word_1_125' title='bbox 820 3661 949 3758; x_wconf 85' lang='lat' dir='ltr'>lestis</span> <span class='ocrx_word' id='word_1_126' title='bbox 983 3665 1146 3760; x_wconf 89' lang='lat' dir='ltr'>diebus</span> <span class='ocrx_word' id='word_1_127' title='bbox 1180 3665 1439 3786; x_wconf 89' lang='lat' dir='ltr'>assignata.</span> 
     </span>
     <span class='ocr_line' id='line_1_22' title="bbox 215 3824 1443 3925; baseline 0.002 -5"><span class='ocrx_word' id='word_1_128' title='bbox 215 3824 291 3921; x_wconf 93' lang='lat' dir='ltr'>Ob</span> <span class='ocrx_word' id='word_1_129' title='bbox 315 3825 619 3922; x_wconf 85' lang='lat' dir='ltr'>amanuensis</span> <span class='ocrx_word' id='word_1_130' title='bbox 640 3824 877 3920; x_wconf 87' lang='lat' dir='ltr'>inscitiam</span> <span class='ocrx_word' id='word_1_131' title='bbox 900 3826 1106 3922; x_wconf 92' lang='lat' dir='ltr'>codicem</span> <span class='ocrx_word' id='word_1_132' title='bbox 1123 3828 1257 3923; x_wconf 92' lang='lat' dir='ltr'>illum</span> <span class='ocrx_word' id='word_1_133' title='bbox 1275 3831 1443 3925; x_wconf 91' lang='lat' dir='ltr'>habui-</span> 
     </span>
     <span class='ocr_line' id='line_1_23' title="bbox 213 3986 1442 4088; baseline 0.006 -8"><span class='ocrx_word' id='word_1_134' title='bbox 213 4015 322 4082; x_wconf 88' lang='lat' dir='ltr'>mus</span> <span class='ocrx_word' id='word_1_135' title='bbox 334 3986 761 4083; x_wconf 91' lang='lat' dir='ltr'>mendosissimum.</span> <span class='ocrx_word' id='word_1_136' title='bbox 774 3987 1093 4084; x_wconf 90' lang='lat' dir='ltr'>Nihilominus</span> <span class='ocrx_word' id='word_1_137' title='bbox 1111 3990 1298 4086; x_wconf 91' lang='lat' dir='ltr'>eosdem</span> <span class='ocrx_word' id='word_1_138' title='bbox 1316 4020 1442 4088; x_wconf 81' lang='lat' dir='ltr'>erro-</span> 
     </span>
     <span class='ocr_line' id='line_1_24' title="bbox 211 4147 1442 4270; baseline 0.005 -29"><span class='ocrx_word' id='word_1_139' title='bbox 211 4175 304 4266; x_wconf 81' lang='lat' dir='ltr'>res,</span> <span class='ocrx_word' id='word_1_140' title='bbox 326 4147 582 4270; x_wconf 88' lang='lat' dir='ltr'>eademque</span> <span class='ocrx_word' id='word_1_141' title='bbox 604 4147 718 4242; x_wconf 88' lang='lat' dir='ltr'>vitia</span> <span class='ocrx_word' id='word_1_142' title='bbox 734 4147 782 4240; x_wconf 95' lang='lat' dir='ltr'>in</span> <span class='ocrx_word' id='word_1_143' title='bbox 800 4153 963 4243; x_wconf 82' lang='lat' dir='ltr'>nostra</span> <span class='ocrx_word' id='word_1_144' title='bbox 979 4147 1177 4245; x_wconf 90' lang='lat' dir='ltr'>editione</span> <span class='ocrx_word' id='word_1_145' title='bbox 1194 4149 1442 4270; x_wconf 79' lang='lat' dir='ltr'>diligenter</span> 
     </span>
     <span class='ocr_line' id='line_1_25' title="bbox 216 4295 1442 4430; baseline 0.003 -25"><span class='ocrx_word' id='word_1_146' title='bbox 216 4311 504 4430; x_wconf 72' lang='lat' dir='ltr'>curavimus,</span> <span class='ocrx_word' id='word_1_147' title='bbox 527 4316 580 4407; x_wconf 89' lang='lat' dir='ltr'>ut</span> <span class='ocrx_word' id='word_1_148' title='bbox 610 4311 659 4405; x_wconf 94' lang='lat' dir='ltr'>in</span> <span class='ocrx_word' id='word_1_149' title='bbox 687 4311 905 4407; x_wconf 90' lang='lat' dir='ltr'>omnibus</span> <span class='ocrx_word' id='word_1_150' title='bbox 938 4313 1136 4408; x_wconf 81' lang='lat' dir='ltr'>fideliter</span> <span class='ocrx_word' id='word_1_151' title='bbox 1167 4341 1277 4408; x_wconf 90' lang='lat' dir='ltr'>cum</span> <span class='ocrx_word' id='word_1_152' title='bbox 1294 4295 1442 4409; x_wconf 60' lang='lat' dir='ltr'>&#39;auto-</span> 
     </span>
    </p>
   </div>
   <div class='ocr_carea' id='block_1_3' title="bbox 214 4471 1441 4597">
    <p class='ocr_par' dir='ltr' id='par_1_4' title="bbox 214 4471 1441 4597">
     <span class='ocr_line' id='line_1_26' title="bbox 214 4471 1441 4597; baseline 0.002 -32"><span class='ocrx_word' id='word_1_153' title='bbox 214 4475 396 4595; x_wconf 82' lang='lat' dir='ltr'>grapho</span> <span class='ocrx_word' id='word_1_154' title='bbox 414 4477 741 4594; x_wconf 76' lang='lat' dir='ltr'>congruerent.</span> <span class='ocrx_word' id='word_1_155' title='bbox 763 4471 1068 4597; x_wconf 84' lang='lat' dir='ltr'>Quamquam</span> <span class='ocrx_word' id='word_1_156' title='bbox 1087 4474 1173 4568; x_wconf 81' lang='lat' dir='ltr'>uiri</span> <span class='ocrx_word' id='word_1_157' title='bbox 1193 4475 1441 4572; x_wconf 81' lang='lat' dir='ltr'>clarissimi</span> 
     </span>
    </p>
   </div>
   <div class='ocr_carea' id='block_1_4' title="bbox 0 0 1826 5294">
    <p class='ocr_par' dir='ltr' id='par_1_5' title="bbox 0 0 1826 5294">
     <span class='ocr_line' id='line_1_27' title="bbox 0 0 1826 5294; baseline 0 0"><span class='ocrx_word' id='word_1_158' title='bbox 0 0 1826 5294; x_wconf 95' lang='lat' dir='ltr'> </span> 
     </span>
    </p>
   </div>
  </div>
 </body>
</html>
