<?xml version="1.0" encoding="UTF-8"?>
<!DOCTYPE html PUBLIC "-//W3C//DTD XHTML 1.0 Transitional//EN"
    "http://www.w3.org/TR/xhtml1/DTD/xhtml1-transitional.dtd">
<html xmlns="http://www.w3.org/1999/xhtml" xml:lang="en" lang="en">
 <head>
  <title>
</title>
<meta http-equiv="Content-Type" content="text/html;charset=utf-8" />
  <meta name='ocr-system' content='tesseract 3.04.00' />
  <meta name='ocr-capabilities' content='ocr_page ocr_carea ocr_par ocr_line ocrx_word'/>
</head>
<body>
  <div class='ocr_page' id='page_1' title='image "./deusdeditpresby00martgoog_0220.png"; bbox 0 0 3646 5292; ppageno 0'>
   <div class='ocr_carea' id='block_1_1' title="bbox 827 619 900 705">
    <p class='ocr_par' dir='ltr' id='par_1_1' title="bbox 827 619 900 705">
     <span class='ocr_line' id='line_1_1' title="bbox 827 619 900 705; baseline 0.014 -1"><span class='ocrx_word' id='word_1_1' title='bbox 827 619 900 705; x_wconf 84' lang='lat' dir='ltr'><strong>LII.</strong></span> 
     </span>
    </p>
   </div>
   <div class='ocr_carea' id='block_1_2' title="bbox 647 825 1077 890">
    <p class='ocr_par' dir='ltr' id='par_1_2' title="bbox 647 825 1077 890">
     <span class='ocr_line' id='line_1_2' title="bbox 647 825 1077 890; baseline -0.009 -12"><span class='ocrx_word' id='word_1_2' title='bbox 647 827 697 878; x_wconf 73' lang='lat' dir='ltr'><strong>Ex</strong></span> <span class='ocrx_word' id='word_1_3' title='bbox 713 825 845 890; x_wconf 81' lang='lat' dir='ltr'><strong>regesto</strong></span> <span class='ocrx_word' id='word_1_4' title='bbox 864 825 896 878; x_wconf 81' lang='lat' dir='ltr'><strong>s.</strong></span> <span class='ocrx_word' id='word_1_5' title='bbox 916 825 1077 890; x_wconf 76' lang='lat' dir='ltr'>Gregorii.</span> 
     </span>
    </p>
   </div>
   <div class='ocr_carea' id='block_1_3' title="bbox 254 994 1505 2200">
    <p class='ocr_par' dir='ltr' id='par_1_3' title="bbox 254 994 1505 2114">
     <span class='ocr_line' id='line_1_3' title="bbox 350 994 1474 1092; baseline -0.002 -23"><span class='ocrx_word' id='word_1_6' title='bbox 350 995 548 1092; x_wconf 84' lang='lat' dir='ltr'><strong>Gregorius</strong></span> <span class='ocrx_word' id='word_1_7' title='bbox 573 995 741 1072; x_wconf 90' lang='lat' dir='ltr'><strong>Athcmio</strong></span> <span class='ocrx_word' id='word_1_8' title='bbox 766 995 995 1071; x_wconf 87' lang='lat' dir='ltr'><strong>Subdiacono.</strong></span> <span class='ocrx_word' id='word_1_9' title='bbox 1020 997 1118 1070; x_wconf 89' lang='lat' dir='ltr'><strong>Inter</strong></span> <span class='ocrx_word' id='word_1_10' title='bbox 1143 1005 1271 1071; x_wconf 89' lang='lat' dir='ltr'><strong>cetera.</strong></span> <span class='ocrx_word' id='word_1_11' title='bbox 1297 994 1474 1069; x_wconf 87' lang='lat' dir='ltr'>Volumus</span> 
     </span>
     <span class='ocr_line' id='line_1_4' title="bbox 255 1107 1475 1200; baseline 0 -19"><span class='ocrx_word' id='word_1_12' title='bbox 255 1117 376 1182; x_wconf 88' lang='lat' dir='ltr'><strong>autem</strong></span> <span class='ocrx_word' id='word_1_13' title='bbox 394 1119 436 1184; x_wconf 92' lang='lat' dir='ltr'><strong>ut</strong></span> <span class='ocrx_word' id='word_1_14' title='bbox 452 1111 562 1185; x_wconf 84' lang='lat' dir='ltr'><strong>frater</strong></span> <span class='ocrx_word' id='word_1_15' title='bbox 580 1121 700 1186; x_wconf 92' lang='lat' dir='ltr'><strong>noster</strong></span> <span class='ocrx_word' id='word_1_16' title='bbox 716 1109 943 1200; x_wconf 84' lang='lat' dir='ltr'><strong>Paschasius,</strong></span> <span class='ocrx_word' id='word_1_17' title='bbox 959 1118 996 1184; x_wconf 91' lang='lat' dir='ltr'><strong>et</strong></span> <span class='ocrx_word' id='word_1_18' title='bbox 1018 1109 1110 1183; x_wconf 84' lang='lat' dir='ltr'><strong>vicae</strong></span> <span class='ocrx_word' id='word_1_19' title='bbox 1125 1109 1308 1184; x_wconf 89' lang='lat' dir='ltr'><strong>dominum</strong></span> <span class='ocrx_word' id='word_1_20' title='bbox 1329 1107 1397 1182; x_wconf 92' lang='lat' dir='ltr'><strong>sibi</strong></span> <span class='ocrx_word' id='word_1_21' title='bbox 1421 1131 1475 1181; x_wconf 93' lang='lat' dir='ltr'><strong>or·</strong></span> 
     </span>
     <span class='ocr_line' id='line_1_5' title="bbox 255 1220 1476 1322; baseline -0.001 -27"><span class='ocrx_word' id='word_1_22' title='bbox 255 1221 354 1296; x_wconf 84' lang='lat' dir='ltr'><strong>dinet</strong></span> <span class='ocrx_word' id='word_1_23' title='bbox 366 1233 402 1297; x_wconf 90' lang='lat' dir='ltr'><strong>et</strong></span> <span class='ocrx_word' id='word_1_24' title='bbox 420 1224 588 1300; x_wconf 89' lang='lat' dir='ltr'><strong>maiorem</strong></span> <span class='ocrx_word' id='word_1_25' title='bbox 605 1225 741 1314; x_wconf 85' lang='lat' dir='ltr'><strong>domus,</strong></span> <span class='ocrx_word' id='word_1_26' title='bbox 755 1224 925 1322; x_wconf 84' lang='lat' dir='ltr'>quatinus</span> <span class='ocrx_word' id='word_1_27' title='bbox 939 1223 1049 1320; x_wconf 83' lang='lat' dir='ltr'>possit</span> <span class='ocrx_word' id='word_1_28' title='bbox 1065 1221 1124 1298; x_wconf 88' lang='lat' dir='ltr'><strong>vel</strong></span> <span class='ocrx_word' id='word_1_29' title='bbox 1137 1221 1335 1320; x_wconf 84' lang='lat' dir='ltr'>hospitibus</span> <span class='ocrx_word' id='word_1_30' title='bbox 1347 1220 1406 1296; x_wconf 89' lang='lat' dir='ltr'><strong>vel</strong></span> <span class='ocrx_word' id='word_1_31' title='bbox 1419 1247 1476 1294; x_wconf 89' lang='lat' dir='ltr'><strong>su·</strong></span> 
     </span>
     <span class='ocr_line' id='line_1_6' title="bbox 256 1335 1474 1436; baseline -0.003 -26"><span class='ocrx_word' id='word_1_32' title='bbox 256 1360 318 1434; x_wconf 93' lang='lat' dir='ltr'><strong>per</strong></span> <span class='ocrx_word' id='word_1_33' title='bbox 335 1337 573 1430; x_wconf 81' lang='lat' dir='ltr'><strong>venientibus,</strong></span> <span class='ocrx_word' id='word_1_34' title='bbox 590 1338 648 1414; x_wconf 91' lang='lat' dir='ltr'><strong>vel</strong></span> <span class='ocrx_word' id='word_1_35' title='bbox 673 1338 793 1413; x_wconf 88' lang='lat' dir='ltr'><strong>causis</strong></span> <span class='ocrx_word' id='word_1_36' title='bbox 817 1362 896 1436; x_wconf 90' lang='lat' dir='ltr'><strong>quae</strong></span> <span class='ocrx_word' id='word_1_37' title='bbox 921 1336 1094 1411; x_wconf 89' lang='lat' dir='ltr'><strong>eveniunt</strong></span> <span class='ocrx_word' id='word_1_38' title='bbox 1118 1335 1253 1410; x_wconf 83' lang='lat' dir='ltr'>idoneis</span> <span class='ocrx_word' id='word_1_39' title='bbox 1269 1343 1305 1410; x_wconf 86' lang='lat' dir='ltr'><strong>et</strong></span> <span class='ocrx_word' id='word_1_40' title='bbox 1329 1343 1474 1432; x_wconf 86' lang='lat' dir='ltr'><strong>paratus</strong></span> 
     </span>
     <span class='ocr_line' id='line_1_7' title="bbox 256 1447 1475 1548; baseline -0.001 -25"><span class='ocrx_word' id='word_1_41' title='bbox 256 1447 415 1525; x_wconf 83' lang='lat' dir='ltr'><strong>existere.</strong></span> <span class='ocrx_word' id='word_1_42' title='bbox 433 1451 471 1524; x_wconf 90' lang='lat' dir='ltr'><strong>Si</strong></span> <span class='ocrx_word' id='word_1_43' title='bbox 488 1475 572 1526; x_wconf 88' lang='lat' dir='ltr'><strong>vero</strong></span> <span class='ocrx_word' id='word_1_44' title='bbox 590 1451 648 1526; x_wconf 94' lang='lat' dir='ltr'><strong>vel</strong></span> <span class='ocrx_word' id='word_1_45' title='bbox 666 1451 918 1547; x_wconf 84' lang='lat' dir='ltr'><strong>neglegentem</strong></span> <span class='ocrx_word' id='word_1_46' title='bbox 937 1473 1020 1524; x_wconf 90' lang='lat' dir='ltr'><strong>eum</strong></span> <span class='ocrx_word' id='word_1_47' title='bbox 1038 1448 1220 1548; x_wconf 89' lang='lat' dir='ltr'><strong>prospicis,</strong></span> <span class='ocrx_word' id='word_1_48' title='bbox 1245 1448 1304 1522; x_wconf 82' lang='lat' dir='ltr'><strong>vel</strong></span> <span class='ocrx_word' id='word_1_49' title='bbox 1329 1471 1371 1522; x_wconf 89' lang='lat' dir='ltr'><strong>ea</strong></span> <span class='ocrx_word' id='word_1_50' title='bbox 1395 1471 1475 1544; x_wconf 82' lang='lat' dir='ltr'><strong>quoe</strong></span> 
     </span>
     <span class='ocr_line' id='line_1_8' title="bbox 256 1559 1473 1659; baseline 0.001 -24"><span class='ocrx_word' id='word_1_51' title='bbox 256 1561 408 1635; x_wconf 91' lang='lat' dir='ltr'><strong>dominis</strong></span> <span class='ocrx_word' id='word_1_52' title='bbox 425 1561 573 1659; x_wconf 91' lang='lat' dir='ltr'><strong>implere</strong></span> <span class='ocrx_word' id='word_1_53' title='bbox 585 1561 817 1652; x_wconf 81' lang='lat' dir='ltr'><strong>differentem,</strong></span> <span class='ocrx_word' id='word_1_54' title='bbox 834 1561 950 1636; x_wconf 89' lang='lat' dir='ltr'><strong>omnis</strong></span> <span class='ocrx_word' id='word_1_55' title='bbox 967 1562 1086 1638; x_wconf 86' lang='lat' dir='ltr'><strong>clerus</strong></span> <span class='ocrx_word' id='word_1_56' title='bbox 1098 1562 1176 1637; x_wconf 87' lang='lat' dir='ltr'><strong>eius</strong></span> <span class='ocrx_word' id='word_1_57' title='bbox 1188 1559 1348 1636; x_wconf 85' lang='lat' dir='ltr'><strong>adhiberi</strong></span> <span class='ocrx_word' id='word_1_58' title='bbox 1361 1559 1473 1649; x_wconf 84' lang='lat' dir='ltr'><strong>debet,</strong></span> 
     </span>
     <span class='ocr_line' id='line_1_9' title="bbox 256 1673 1505 1773; baseline 0.002 -27"><span class='ocrx_word' id='word_1_59' title='bbox 256 1681 297 1747; x_wconf 87' lang='lat' dir='ltr'><strong>ut</strong></span> <span class='ocrx_word' id='word_1_60' title='bbox 315 1673 495 1748; x_wconf 91' lang='lat' dir='ltr'><strong>communi</strong></span> <span class='ocrx_word' id='word_1_61' title='bbox 512 1674 659 1750; x_wconf 88' lang='lat' dir='ltr'><strong>consilio</strong></span> <span class='ocrx_word' id='word_1_62' title='bbox 675 1675 744 1773; x_wconf 90' lang='lat' dir='ltr'><strong>ipsi</strong></span> <span class='ocrx_word' id='word_1_63' title='bbox 760 1675 910 1772; x_wconf 86' lang='lat' dir='ltr'><strong>eligant,</strong></span> <span class='ocrx_word' id='word_1_64' title='bbox 927 1698 1079 1773; x_wconf 91' lang='lat' dir='ltr'><strong>quorum</strong></span> <span class='ocrx_word' id='word_1_65' title='bbox 1097 1696 1254 1772; x_wconf 87' lang='lat' dir='ltr'><strong>personae</strong></span> <span class='ocrx_word' id='word_1_66' title='bbox 1270 1674 1315 1749; x_wconf 90' lang='lat' dir='ltr'><strong>ad</strong></span> <span class='ocrx_word' id='word_1_67' title='bbox 1335 1697 1377 1748; x_wconf 93' lang='lat' dir='ltr'><strong>ea</strong></span> <span class='ocrx_word' id='word_1_68' title='bbox 1394 1697 1474 1772; x_wconf 82' lang='lat' dir='ltr'><strong>quaa</strong></span> <span class='ocrx_word' id='word_1_69' title='bbox 1503 1673 1505 1679; x_wconf 84' lang='grc'><strong>’</strong></span> 
     </span>
     <span class='ocr_line' id='line_1_10' title="bbox 257 1786 1474 1886; baseline 0.001 -27"><span class='ocrx_word' id='word_1_70' title='bbox 257 1786 486 1885; x_wconf 72' lang='lat' dir='ltr'><strong>praediximus</strong></span> <span class='ocrx_word' id='word_1_71' title='bbox 503 1787 648 1864; x_wconf 87' lang='lat' dir='ltr'><strong>valeant</strong></span> <span class='ocrx_word' id='word_1_72' title='bbox 664 1788 829 1863; x_wconf 89' lang='lat' dir='ltr'><strong>ordinari.</strong></span> <span class='ocrx_word' id='word_1_73' title='bbox 846 1790 943 1865; x_wconf 92' lang='lat' dir='ltr'><strong>Idem</strong></span> <span class='ocrx_word' id='word_1_74' title='bbox 961 1789 1055 1865; x_wconf 92' lang='lat' dir='ltr'><strong>clero</strong></span> <span class='ocrx_word' id='word_1_75' title='bbox 1072 1798 1108 1864; x_wconf 90' lang='lat' dir='ltr'><strong>et</strong></span> <span class='ocrx_word' id='word_1_76' title='bbox 1131 1788 1226 1886; x_wconf 91' lang='lat' dir='ltr'><strong>plebi</strong></span> <span class='ocrx_word' id='word_1_77' title='bbox 1250 1786 1474 1864; x_wconf 84' lang='lat' dir='ltr'><strong>Mevianensi</strong></span> 
     </span>
     <span class='ocr_line' id='line_1_11' title="bbox 256 1899 1473 2001; baseline 0.001 -30"><span class='ocrx_word' id='word_1_78' title='bbox 256 1899 350 1975; x_wconf 90' lang='lat' dir='ltr'><strong>inter</strong></span> <span class='ocrx_word' id='word_1_79' title='bbox 367 1911 495 1976; x_wconf 87' lang='lat' dir='ltr'><strong>cetera.</strong></span> <span class='ocrx_word' id='word_1_80' title='bbox 513 1903 703 2001; x_wconf 86' lang='lat' dir='ltr'><strong>Quousque</strong></span> <span class='ocrx_word' id='word_1_81' title='bbox 722 1903 872 1978; x_wconf 80' lang='lat' dir='ltr'><strong>ecclesie</strong></span> <span class='ocrx_word' id='word_1_82' title='bbox 896 1911 1015 1978; x_wconf 81' lang='lat' dir='ltr'><strong>vestre</strong></span> <span class='ocrx_word' id='word_1_83' title='bbox 1037 1902 1223 2000; x_wconf 90' lang='lat' dir='ltr'><strong>episcopus</strong></span> <span class='ocrx_word' id='word_1_84' title='bbox 1247 1900 1358 1976; x_wconf 88' lang='lat' dir='ltr'><strong>fuerit</strong></span> <span class='ocrx_word' id='word_1_85' title='bbox 1381 1899 1473 1974; x_wconf 91' lang='lat' dir='ltr'><strong>ordi-</strong></span> 
     </span>
     <span class='ocr_line' id='line_1_12' title="bbox 254 2012 1473 2114; baseline 0.001 -30"><span class='ocrx_word' id='word_1_86' title='bbox 254 2012 405 2101; x_wconf 85' lang='lat' dir='ltr'><strong>nandus,</strong></span> <span class='ocrx_word' id='word_1_87' title='bbox 421 2036 562 2088; x_wconf 92' lang='lat' dir='ltr'><strong>omnem</strong></span> <span class='ocrx_word' id='word_1_88' title='bbox 579 2014 749 2091; x_wconf 88' lang='lat' dir='ltr'><strong>honorato</strong></span> <span class='ocrx_word' id='word_1_89' title='bbox 765 2017 974 2114; x_wconf 79' lang='lat' dir='ltr'><strong>presbytero</strong></span> <span class='ocrx_word' id='word_1_90' title='bbox 990 2014 1243 2091; x_wconf 86' lang='lat' dir='ltr'><strong>sollicitudinis</strong></span> <span class='ocrx_word' id='word_1_91' title='bbox 1255 2015 1334 2090; x_wconf 90' lang='lat' dir='ltr'><strong>eius</strong></span> <span class='ocrx_word' id='word_1_92' title='bbox 1347 2037 1473 2089; x_wconf 91' lang='lat' dir='ltr'><strong>curam</strong></span> 
     </span>
    </p>

    <p class='ocr_par' dir='ltr' id='par_1_4' title="bbox 258 2146 512 2200">
     <span class='ocr_line' id='line_1_13' title="bbox 258 2146 512 2200; baseline 0.008 -2"><span class='ocrx_word' id='word_1_93' title='bbox 258 2146 512 2200; x_wconf 87' lang='lat' dir='ltr'><strong>commrsrmus.</strong></span> 
     </span>
    </p>
   </div>
   <div class='ocr_carea' id='block_1_4' title="bbox 817 2322 909 2407">
    <p class='ocr_par' dir='ltr' id='par_1_5' title="bbox 817 2322 909 2407">
     <span class='ocr_line' id='line_1_14' title="bbox 817 2322 909 2407; baseline 0 -1"><span class='ocrx_word' id='word_1_94' title='bbox 817 2322 909 2407; x_wconf 85' lang='lat' dir='ltr'><strong>LIII.</strong></span> 
     </span>
    </p>
   </div>
   <div class='ocr_carea' id='block_1_5' title="bbox 770 2525 962 2579">
    <p class='ocr_par' dir='ltr' id='par_1_6' title="bbox 770 2525 962 2579">
     <span class='ocr_line' id='line_1_15' title="bbox 770 2525 962 2579; baseline -0.01 -1"><span class='ocrx_word' id='word_1_95' title='bbox 770 2527 818 2578; x_wconf 77' lang='lat' dir='ltr'><strong>Ex</strong></span> <span class='ocrx_word' id='word_1_96' title='bbox 835 2525 962 2579; x_wconf 87' lang='lat' dir='ltr'><strong>eodem.</strong></span> 
     </span>
    </p>
   </div>
   <div class='ocr_carea' id='block_1_6' title="bbox 256 2692 1475 3247">
    <p class='ocr_par' dir='ltr' id='par_1_7' title="bbox 256 2692 1475 3247">
     <span class='ocr_line' id='line_1_16' title="bbox 351 2692 1473 2794; baseline 0 -27"><span class='ocrx_word' id='word_1_97' title='bbox 351 2692 548 2790; x_wconf 85' lang='lat' dir='ltr'><strong>Gregorius</strong></span> <span class='ocrx_word' id='word_1_98' title='bbox 570 2695 725 2769; x_wconf 86' lang='lat' dir='ltr'><strong>Maximo</strong></span> <span class='ocrx_word' id='word_1_99' title='bbox 749 2695 911 2794; x_wconf 89' lang='lat' dir='ltr'><strong>episcopo</strong></span> <span class='ocrx_word' id='word_1_100' title='bbox 936 2694 1150 2770; x_wconf 77' lang='lat' dir='ltr'><strong>salonitano.</strong></span> <span class='ocrx_word' id='word_1_101' title='bbox 1166 2699 1265 2770; x_wconf 89' lang='lat' dir='ltr'><strong>Inter</strong></span> <span class='ocrx_word' id='word_1_102' title='bbox 1289 2700 1417 2770; x_wconf 85' lang='lat' dir='ltr'><strong>cetera.</strong></span> <span class='ocrx_word' id='word_1_103' title='bbox 1434 2694 1473 2768; x_wconf 86' lang='lat' dir='ltr'><strong>Si</strong></span> 
     </span>
     <span class='ocr_line' id='line_1_17' title="bbox 256 2807 1473 2906; baseline 0.005 -25"><span class='ocrx_word' id='word_1_104' title='bbox 256 2831 402 2882; x_wconf 87' lang='lat' dir='ltr'><strong>causam</strong></span> <span class='ocrx_word' id='word_1_105' title='bbox 424 2807 536 2880; x_wconf 82' lang='lat' dir='ltr'><strong>vultis</strong></span> <span class='ocrx_word' id='word_1_106' title='bbox 557 2807 685 2898; x_wconf 80' lang='lat' dir='ltr'><strong>dicere,</strong></span> <span class='ocrx_word' id='word_1_107' title='bbox 710 2809 925 2885; x_wconf 80' lang='lat' dir='ltr'><strong>instructam</strong></span> <span class='ocrx_word' id='word_1_108' title='bbox 955 2809 998 2884; x_wconf 93' lang='lat' dir='ltr'><strong>de</strong></span> <span class='ocrx_word' id='word_1_109' title='bbox 1026 2817 1153 2884; x_wconf 74' lang='lat' dir='ltr'><strong>caetero</strong></span> <span class='ocrx_word' id='word_1_110' title='bbox 1177 2831 1364 2906; x_wconf 86' lang='lat' dir='ltr'><strong>personam</strong></span> <span class='ocrx_word' id='word_1_111' title='bbox 1388 2831 1473 2888; x_wconf 87' lang='lat' dir='ltr'><strong>cum</strong></span> 
     </span>
     <span class='ocr_line' id='line_1_18' title="bbox 256 2917 1472 3023; baseline 0.003 -33"><span class='ocrx_word' id='word_1_112' title='bbox 256 2919 424 2993; x_wconf 86' lang='lat' dir='ltr'><strong>mandato</strong></span> <span class='ocrx_word' id='word_1_113' title='bbox 435 2917 602 3016; x_wconf 80' lang='lat' dir='ltr'><strong>legaliter</strong></span> <span class='ocrx_word' id='word_1_114' title='bbox 614 2920 718 3010; x_wconf 79' lang='lat' dir='ltr'><strong>facto,</strong></span> <span class='ocrx_word' id='word_1_115' title='bbox 733 2929 796 2995; x_wconf 90' lang='lat' dir='ltr'><strong>tua</strong></span> <span class='ocrx_word' id='word_1_116' title='bbox 808 2944 851 2997; x_wconf 87' lang='lat' dir='ltr'><strong>ac</strong></span> <span class='ocrx_word' id='word_1_117' title='bbox 863 2922 1150 3023; x_wconf 85' lang='lat' dir='ltr'><strong>presbyterorum</strong></span> <span class='ocrx_word' id='word_1_118' title='bbox 1165 2946 1228 2997; x_wconf 92' lang='lat' dir='ltr'><strong>seu</strong></span> <span class='ocrx_word' id='word_1_119' title='bbox 1245 2920 1472 2996; x_wconf 90' lang='lat' dir='ltr'><strong>diaconorum</strong></span> 
     </span>
     <span class='ocr_line' id='line_1_19' title="bbox 256 3032 1474 3133; baseline 0.002 -27"><span class='ocrx_word' id='word_1_120' title='bbox 256 3041 292 3106; x_wconf 83' lang='lat' dir='ltr'><strong>et</strong></span> <span class='ocrx_word' id='word_1_121' title='bbox 308 3033 455 3108; x_wconf 87' lang='lat' dir='ltr'><strong>testium</strong></span> <span class='ocrx_word' id='word_1_122' title='bbox 473 3032 793 3130; x_wconf 81' lang='lat' dir='ltr'><strong>subscriptIOnibus</strong></span> <span class='ocrx_word' id='word_1_123' title='bbox 806 3033 975 3126; x_wconf 85' lang='lat' dir='ltr'><strong>roborato,</strong></span> <span class='ocrx_word' id='word_1_124' title='bbox 987 3035 1171 3133; x_wconf 88' lang='lat' dir='ltr'><strong>gestisque</strong></span> <span class='ocrx_word' id='word_1_125' title='bbox 1188 3059 1233 3111; x_wconf 89' lang='lat' dir='ltr'><strong>cx</strong></span> <span class='ocrx_word' id='word_1_126' title='bbox 1248 3058 1344 3110; x_wconf 90' lang='lat' dir='ltr'><strong>more</strong></span> <span class='ocrx_word' id='word_1_127' title='bbox 1360 3033 1474 3109; x_wconf 76' lang='lat' dir='ltr'><strong>indito</strong></span> 
     </span>
     <span class='ocr_line' id='line_1_20' title="bbox 256 3147 1475 3247; baseline 0.003 -29"><span class='ocrx_word' id='word_1_128' title='bbox 256 3147 471 3236; x_wconf 82' lang='lat' dir='ltr'><strong>transmitte,</strong></span> <span class='ocrx_word' id='word_1_129' title='bbox 488 3155 531 3221; x_wconf 92' lang='lat' dir='ltr'><strong>ut</strong></span> <span class='ocrx_word' id='word_1_130' title='bbox 547 3147 717 3245; x_wconf 89' lang='lat' dir='ltr'><strong>quicquid</strong></span> <span class='ocrx_word' id='word_1_131' title='bbox 735 3172 818 3222; x_wconf 92' lang='lat' dir='ltr'><strong>cum</strong></span> <span class='ocrx_word' id='word_1_132' title='bbox 835 3171 877 3222; x_wconf 87' lang='lat' dir='ltr'><strong>ea</strong></span> <span class='ocrx_word' id='word_1_133' title='bbox 894 3159 1016 3224; x_wconf 88' lang='lat' dir='ltr'><strong>actum</strong></span> <span class='ocrx_word' id='word_1_134' title='bbox 1034 3148 1143 3224; x_wconf 86' lang='lat' dir='ltr'><strong>fuerit</strong></span> <span class='ocrx_word' id='word_1_135' title='bbox 1159 3147 1270 3247; x_wconf 86' lang='lat' dir='ltr'><strong>possit</strong></span> <span class='ocrx_word' id='word_1_136' title='bbox 1295 3147 1374 3223; x_wconf 93' lang='lat' dir='ltr'><strong>iure</strong></span> <span class='ocrx_word' id='word_1_137' title='bbox 1394 3147 1475 3222; x_wconf 93' lang='lat' dir='ltr'><strong>sub·</strong></span> 
     </span>
    </p>
   </div>
   <div class='ocr_carea' id='block_1_7' title="bbox 255 3258 390 3333">
    <p class='ocr_par' dir='ltr' id='par_1_8' title="bbox 255 3258 390 3333">
     <span class='ocr_line' id='line_1_21' title="bbox 255 3258 390 3333; baseline 0.007 -1"><span class='ocrx_word' id='word_1_138' title='bbox 255 3258 390 3333; x_wconf 89' lang='lat' dir='ltr'><strong>sistere.</strong></span> 
     </span>
    </p>
   </div>
   <div class='ocr_carea' id='block_1_8' title="bbox 807 3392 917 3478">
    <p class='ocr_par' dir='ltr' id='par_1_9' title="bbox 807 3392 917 3478">
     <span class='ocr_line' id='line_1_22' title="bbox 807 3392 917 3478; baseline 0.018 -2"><span class='ocrx_word' id='word_1_139' title='bbox 807 3392 917 3478; x_wconf 84' lang='lat' dir='ltr'><strong>LIHI.</strong></span> 
     </span>
    </p>
   </div>
   <div class='ocr_carea' id='block_1_9' title="bbox 768 3567 962 3623">
    <p class='ocr_par' dir='ltr' id='par_1_10' title="bbox 768 3567 962 3623">
     <span class='ocr_line' id='line_1_23' title="bbox 768 3567 962 3623; baseline 0 -2"><span class='ocrx_word' id='word_1_140' title='bbox 768 3569 817 3621; x_wconf 73' lang='lat' dir='ltr'><strong>Ex</strong></span> <span class='ocrx_word' id='word_1_141' title='bbox 835 3567 962 3623; x_wconf 87' lang='lat' dir='ltr'><strong>eodem.</strong></span> 
     </span>
    </p>
   </div>
   <div class='ocr_carea' id='block_1_10' title="bbox 253 3701 1473 4591">
    <p class='ocr_par' dir='ltr' id='par_1_11' title="bbox 253 3701 1473 4591">
     <span class='ocr_line' id='line_1_24' title="bbox 350 3701 1472 3802; baseline 0 -26"><span class='ocrx_word' id='word_1_142' title='bbox 350 3701 548 3798; x_wconf 84' lang='lat' dir='ltr'><strong>Gregorius</strong></span> <span class='ocrx_word' id='word_1_143' title='bbox 565 3701 714 3776; x_wconf 87' lang='lat' dir='ltr'><strong>Iohanni</strong></span> <span class='ocrx_word' id='word_1_144' title='bbox 732 3702 904 3802; x_wconf 89' lang='lat' dir='ltr'><strong>Episcopo</strong></span> <span class='ocrx_word' id='word_1_145' title='bbox 928 3703 1188 3778; x_wconf 85' lang='lat' dir='ltr'><strong>Panormitano.</strong></span> <span class='ocrx_word' id='word_1_146' title='bbox 1214 3706 1313 3778; x_wconf 92' lang='lat' dir='ltr'><strong>Inter</strong></span> <span class='ocrx_word' id='word_1_147' title='bbox 1334 3709 1472 3778; x_wconf 80' lang='lat' dir='ltr'><strong>catera.</strong></span> 
     </span>
     <span class='ocr_line' id='line_1_25' title="bbox 257 3813 1473 3913; baseline 0.002 -25"><span class='ocrx_word' id='word_1_148' title='bbox 257 3816 306 3888; x_wconf 89' lang='lat' dir='ltr'><strong>Ut</strong></span> <span class='ocrx_word' id='word_1_149' title='bbox 322 3813 560 3889; x_wconf 84' lang='lat' dir='ltr'><strong>fraternitatis</strong></span> <span class='ocrx_word' id='word_1_150' title='bbox 577 3823 649 3889; x_wconf 82' lang='lat' dir='ltr'><strong>ture</strong></span> <span class='ocrx_word' id='word_1_151' title='bbox 666 3815 789 3913; x_wconf 90' lang='lat' dir='ltr'><strong>petitio</strong></span> <span class='ocrx_word' id='word_1_152' title='bbox 806 3838 886 3912; x_wconf 87' lang='lat' dir='ltr'><strong>quae</strong></span> <span class='ocrx_word' id='word_1_153' title='bbox 902 3826 1045 3892; x_wconf 88' lang='lat' dir='ltr'><strong>tenetur</strong></span> <span class='ocrx_word' id='word_1_154' title='bbox 1065 3817 1103 3890; x_wconf 90' lang='lat' dir='ltr'><strong>in</strong></span> <span class='ocrx_word' id='word_1_155' title='bbox 1128 3815 1280 3892; x_wconf 89' lang='lat' dir='ltr'><strong>subditis</strong></span> <span class='ocrx_word' id='word_1_156' title='bbox 1304 3815 1473 3906; x_wconf 86' lang='lat' dir='ltr'><strong>continet,</strong></span> 
     </span>
     <span class='ocr_line' id='line_1_26' title="bbox 254 3925 1473 4028; baseline 0.003 -30"><span class='ocrx_word' id='word_1_157' title='bbox 254 3925 292 3998; x_wconf 91' lang='lat' dir='ltr'><strong>in</strong></span> <span class='ocrx_word' id='word_1_158' title='bbox 309 3950 416 4024; x_wconf 85' lang='lat' dir='ltr'><strong>quam</strong></span> <span class='ocrx_word' id='word_1_159' title='bbox 433 3952 506 4000; x_wconf 88' lang='lat' dir='ltr'><strong>una</strong></span> <span class='ocrx_word' id='word_1_160' title='bbox 522 3943 643 4003; x_wconf 89' lang='lat' dir='ltr'><strong>tecum</strong></span> <span class='ocrx_word' id='word_1_161' title='bbox 660 3927 860 4026; x_wconf 76' lang='lat' dir='ltr'><strong>presbyteri</strong></span> <span class='ocrx_word' id='word_1_162' title='bbox 877 3955 920 4006; x_wconf 90' lang='lat' dir='ltr'><strong>ac</strong></span> <span class='ocrx_word' id='word_1_163' title='bbox 937 3930 1087 4020; x_wconf 84' lang='lat' dir='ltr'><strong>diaconi,</strong></span> <span class='ocrx_word' id='word_1_164' title='bbox 1104 3939 1293 4028; x_wconf 87' lang='lat' dir='ltr'><strong>ceteraque</strong></span> <span class='ocrx_word' id='word_1_165' title='bbox 1306 3929 1473 4004; x_wconf 87' lang='lat' dir='ltr'><strong>ecclesia-</strong></span> 
     </span>
     <span class='ocr_line' id='line_1_27' title="bbox 254 4039 1472 4140; baseline 0.002 -27"><span class='ocrx_word' id='word_1_166' title='bbox 254 4039 345 4115; x_wconf 91' lang='lat' dir='ltr'><strong>stica</strong></span> <span class='ocrx_word' id='word_1_167' title='bbox 361 4041 477 4116; x_wconf 88' lang='lat' dir='ltr'><strong>officie</strong></span> <span class='ocrx_word' id='word_1_168' title='bbox 494 4041 757 4117; x_wconf 84' lang='lat' dir='ltr'><strong>subscribentes</strong></span> <span class='ocrx_word' id='word_1_169' title='bbox 774 4043 955 4140; x_wconf 88' lang='lat' dir='ltr'><strong>praebuere</strong></span> <span class='ocrx_word' id='word_1_170' title='bbox 974 4065 1198 4134; x_wconf 88' lang='lat' dir='ltr'><strong>consensum,</strong></span> <span class='ocrx_word' id='word_1_171' title='bbox 1222 4042 1366 4140; x_wconf 89' lang='lat' dir='ltr'><strong>domum</strong></span> <span class='ocrx_word' id='word_1_172' title='bbox 1387 4065 1472 4116; x_wconf 92' lang='lat' dir='ltr'><strong>cum</strong></span> 
     </span>
     <span class='ocr_line' id='line_1_28' title="bbox 254 4151 1473 4254; baseline 0.001 -28"><span class='ocrx_word' id='word_1_173' title='bbox 254 4161 329 4227; x_wconf 86' lang='lat' dir='ltr'><strong>orto</strong></span> <span class='ocrx_word' id='word_1_174' title='bbox 341 4163 377 4228; x_wconf 88' lang='lat' dir='ltr'><strong>et</strong></span> <span class='ocrx_word' id='word_1_175' title='bbox 389 4151 513 4228; x_wconf 87' lang='lat' dir='ltr'><strong>balneo</strong></span> <span class='ocrx_word' id='word_1_176' title='bbox 522 4177 596 4243; x_wconf 85' lang='lat' dir='ltr'><strong>suc,</strong></span> <span class='ocrx_word' id='word_1_177' title='bbox 605 4163 641 4229; x_wconf 88' lang='lat' dir='ltr'><strong>et</strong></span> <span class='ocrx_word' id='word_1_178' title='bbox 653 4179 737 4229; x_wconf 92' lang='lat' dir='ltr'><strong>cum</strong></span> <span class='ocrx_word' id='word_1_179' title='bbox 750 4154 914 4228; x_wconf 91' lang='lat' dir='ltr'><strong>omnibus</strong></span> <span class='ocrx_word' id='word_1_180' title='bbox 928 4153 972 4228; x_wconf 86' lang='lat' dir='ltr'><strong>ed</strong></span> <span class='ocrx_word' id='word_1_181' title='bbox 985 4178 1064 4228; x_wconf 87' lang='lat' dir='ltr'><strong>eam</strong></span> <span class='ocrx_word' id='word_1_182' title='bbox 1077 4154 1338 4254; x_wconf 88' lang='lat' dir='ltr'><strong>pertinentibus</strong></span> <span class='ocrx_word' id='word_1_183' title='bbox 1350 4153 1389 4226; x_wconf 91' lang='lat' dir='ltr'><strong>in</strong></span> <span class='ocrx_word' id='word_1_184' title='bbox 1402 4152 1473 4227; x_wconf 86' lang='lat' dir='ltr'><strong>hac</strong></span> 
     </span>
     <span class='ocr_line' id='line_1_29' title="bbox 254 4265 1472 4365; baseline -0.002 -26"><span class='ocrx_word' id='word_1_185' title='bbox 254 4266 340 4342; x_wconf 91' lang='lat' dir='ltr'><strong>urbe</strong></span> <span class='ocrx_word' id='word_1_186' title='bbox 357 4271 468 4342; x_wconf 87' lang='lat' dir='ltr'><strong>Roma</strong></span> <span class='ocrx_word' id='word_1_187' title='bbox 485 4267 632 4364; x_wconf 83' lang='lat' dir='ltr'><strong>positam</strong></span> <span class='ocrx_word' id='word_1_188' title='bbox 652 4292 731 4365; x_wconf 81' lang='lat' dir='ltr'><strong>qua</strong></span> <span class='ocrx_word' id='word_1_189' title='bbox 744 4267 788 4341; x_wconf 90' lang='lat' dir='ltr'><strong>ad</strong></span> <span class='ocrx_word' id='word_1_190' title='bbox 801 4267 858 4340; x_wconf 90' lang='lat' dir='ltr'><strong>ius</strong></span> <span class='ocrx_word' id='word_1_191' title='bbox 871 4265 1031 4341; x_wconf 81' lang='lat' dir='ltr'><strong>ecclesia</strong></span> <span class='ocrx_word' id='word_1_192' title='bbox 1043 4275 1115 4340; x_wconf 87' lang='lat' dir='ltr'><strong>tuae</strong></span> <span class='ocrx_word' id='word_1_193' title='bbox 1128 4266 1305 4363; x_wconf 87' lang='lat' dir='ltr'><strong>pertinere</strong></span> <span class='ocrx_word' id='word_1_194' title='bbox 1322 4265 1472 4339; x_wconf 90' lang='lat' dir='ltr'><strong>dinosci-</strong></span> 
     </span>
     <span class='ocr_line' id='line_1_30' title="bbox 253 4379 1473 4478; baseline -0.002 -23"><span class='ocrx_word' id='word_1_195' title='bbox 253 4390 325 4470; x_wconf 85' lang='lat' dir='ltr'><strong>tur,</strong></span> <span class='ocrx_word' id='word_1_196' title='bbox 342 4380 566 4478; x_wconf 83' lang='lat' dir='ltr'><strong>permutandi</strong></span> <span class='ocrx_word' id='word_1_197' title='bbox 583 4380 649 4456; x_wconf 90' lang='lat' dir='ltr'><strong>tibi</strong></span> <span class='ocrx_word' id='word_1_198' title='bbox 667 4381 894 4456; x_wconf 84' lang='lat' dir='ltr'><strong>concedimus</strong></span> <span class='ocrx_word' id='word_1_199' title='bbox 910 4379 968 4453; x_wconf 94' lang='lat' dir='ltr'><strong>his</strong></span> <span class='ocrx_word' id='word_1_200' title='bbox 984 4380 1208 4456; x_wconf 85' lang='lat' dir='ltr'><strong>auctoritatis</strong></span> <span class='ocrx_word' id='word_1_201' title='bbox 1224 4388 1355 4455; x_wconf 79' lang='lat' dir='ltr'><strong>nostra</strong></span> <span class='ocrx_word' id='word_1_202' title='bbox 1372 4379 1473 4478; x_wconf 87' lang='lat' dir='ltr'><strong>pagi-</strong></span> 
     </span>
     <span class='ocr_line' id='line_1_31' title="bbox 254 4491 959 4591; baseline 0.001 -26"><span class='ocrx_word' id='word_1_203' title='bbox 254 4517 337 4566; x_wconf 88' lang='lat' dir='ltr'><strong>nam</strong></span> <span class='ocrx_word' id='word_1_204' title='bbox 356 4491 505 4568; x_wconf 85' lang='lat' dir='ltr'><strong>liberam</strong></span> <span class='ocrx_word' id='word_1_205' title='bbox 523 4517 585 4591; x_wconf 90' lang='lat' dir='ltr'><strong>per</strong></span> <span class='ocrx_word' id='word_1_206' title='bbox 602 4492 722 4567; x_wconf 88' lang='lat' dir='ltr'><strong>omnia</strong></span> <span class='ocrx_word' id='word_1_207' title='bbox 739 4491 959 4568; x_wconf 77' lang='lat' dir='ltr'><strong>facultatem.</strong></span> 
     </span>
    </p>
   </div>
   <div class='ocr_carea' id='block_1_11' title="bbox 0 0 1828 5292">
    <p class='ocr_par' dir='ltr' id='par_1_12' title="bbox 0 0 1828 5292">
     <span class='ocr_line' id='line_1_32' title="bbox 0 0 1828 5292; baseline 0 0"><span class='ocrx_word' id='word_1_208' title='bbox 0 0 1828 5292; x_wconf 95' lang='lat' dir='ltr'><strong> </strong></span> 
     </span>
    </p>
   </div>
  </div>
 </body>
</html>
