3646 5292
732 395 774 476 -3-
798 428 869 493 253
889 437 933 480 -·-‘

761 604 893 690 XXXI.

468 769 517 820 Ex
536 769 641 834 prima
660 767 800 836 epistola
817 770 880 821 PP.
902 769 1024 824 Urbani
1042 768 1077 822 et
1094 768 1190 820 Lucii.

316 902 1443 1002 UarenusEpiscopusomnibusChristianisResaecclesiaefide-

221 1014 311 1088 lium
324 1015 518 1092 oblationes
531 1017 767 1118 appellantur,
781 1019 864 1116 quia
879 1019 1029 1093 Domino
1041 1019 1248 1094 offeruntur.
1262 1020 1341 1091 Non
1356 1040 1442 1113 ergo

221 1129 349 1206 debent
359 1131 396 1204 in
409 1131 491 1206 aliis
507 1134 641 1223 usibus,
654 1157 761 1231 quam
771 1132 808 1204 in
823 1132 1066 1208 aecclesiarum
1081 1129 1265 1222 usum,vel
1279 1129 1443 1228 indigen·

221 1242 313 1318 tium
332 1243 610 1321 christianorum
628 1247 780 1320 fratrum
799 1256 1025 1321 convertunt.
1044 1246 1136 1334 Quia
1158 1255 1241 1318 uota
1258 1253 1343 1317 sunt
1360 1243 1443 1319 fide-

222 1355 323 1448 lium,
333 1367 372 1432 ‘et
385 1359 498 1456 pretia
511 1369 746 1456 peccatorum.
762 1358 799 1432 Si
813 1358 894 1456 quis
907 1369 1027 1435 autem
1037 1359 1129 1458 quod
1138 1357 1231 1432 absit
1243 1381 1347 1433 secus
1360 1381 1444 1452 age·

222 1469 280 1558 rit,
299 1470 419 1547 videat
437 1498 483 1548 ne
500 1473 787 1572 dampnationem
806 1471 957 1547 Ananiae
975 1482 1011 1548 et
1029 1472 1187 1570 Saphirae
1200 1469 1383 1569 percipiat.
1395 1473 1443 1544 Et

219 1582 324 1659 infra.
337 1587 424 1661 Hac
436 1585 566 1662 fratres
583 1586 687 1662 ualde
700 1585 859 1662 cavenda
876 1593 961 1660 sunt
974 1593 1009 1660 et
1022 1584 1191 1681 timenda,
1208 1583 1293 1682 quia
1307 1608 1364 1658 res
1378 1607 1443 1657 aec·

220 1698 339 1774 clesiae
352 1723 421 1773 non
436 1701 537 1799 quasi
555 1699 713 1799 propriae,
727 1701 788 1776 sed
806 1709 847 1775 ut
863 1701 1082 1792 communes
1098 1709 1135 1776 et
1151 1699 1301 1775 Domino
1318 1697 1447 1772 oblatae·

219 1837 304 1887 cum
321 1815 613 1905 summotimore,
625 1825 699 1889 'non
714 1813 751 1888 iu
765 1813 863 1904 alios,
880 1815 1044 1913 quamin
1063 1815 1226 1914 praefatos
1244 1837 1332 1887 usus
1357 1821 1443 1886 sunt

219 1925 370 2001 fideliter
388 1927 644 2026 dispensandae,
661 1953 706 2004 na
723 1928 906 2026 sacrilegii
926 1937 1064 2004 reatum
1084 1929 1271 2004 incurrant
1296 1925 1357 2023 qui
1382 1950 1443 2000 aas

221 2040 303 2116 inde
320 2041 509 2118 abstraunt
525 2043 588 2117 ubi
606 2043 746 2119 tradita
763 2053 858 2132 sunt,
876 2053 911 2118 et
937 2043 1030 2141 quod
1041 2077 1045 2084 ·
1056 2042 1157 2140 peius
1182 2050 1235 2117 est
1251 2038 1443 2113 anathema

223 2153 435 2228 maranatha
454 2157 552 2245 liant,
569 2165 605 2231 ct
621 2156 652 2231 si
670 2181 742 2230 non
760 2156 798 2230 in
824 2179 967 2256 corporo
991 2167 1033 2231 ut
1058 2155 1218 2231 Ananias
1242 2164 1278 2230 ct
1304 2153 1441 2244 Saffira,

220 2275 340 2342 tamen
358 2269 396 2341 in
414 2268 534 2343 anima
552 2269 760 2344 moriantur.

687 2505 691 2512 ·
755 2459 900 2546 XXXII.

641 2660 690 2711 Ex
707 2657 854 2712 secunda
872 2659 1022 2722 epistola.

315 2821 402 2892 Prvs
420 2821 586 2894 Romana
603 2819 711 2896 Urbis
730 2817 1037 2918 Archiepiscopus
1056 2821 1159 2896 Sicut
1176 2822 1237 2920 qui
1251 2821 1438 2897 ecclesiam

220 2931 284 3006 Dei
303 2941 431 3023 vastat,
449 2931 597 3032 eiusque
615 2932 745 3031 praedia
763 2942 800 3007 et
816 2932 961 3006 donaria
979 2935 1133 3033 expoliat
1150 2945 1187 3011 et
1204 2935 1353 3025 invadit,
1378 2937 1441 3010 fiat

219 3045 430 3142 sacrilegus
446 3046 499 3121 sic
515 3055 551 3121 et
568 3045 629 3121 ille
647 3045 707 3144 qui
723 3045 800 3120 eius
814 3046 1014 3123 sacerdotes
1028 3048 1242 3148 insequitur,
1255 3047 1439 3145 sacrilegii

220 3182 302 3234 reus
318 3157 446 3251 extitit,
460 3169 496 3235 et
512 3159 607 3236 sicut
624 3159 825 3256 sacrilegus
841 3159 1032 3237 iudicatur.

763 3325 927 3411 XXXIII.

314 3496 448 3572 Lucius
465 3498 660 3596 Episcopus
678 3497 843 3572 omnibus
860 3498 1055 3598 Episcopis
1072 3502 1205 3575 Rerum
1226 3500 1441 3576 ecclesiasti-

220 3633 342 3683 carum
358 3619 393 3684 et
408 3610 622 3685 facultatum
638 3620 794 3709 raptores
806 3624 827 3684 a
841 3610 1017 3686 limitibus
1031 3622 1168 3688 sanctae.
1178 3613 1347 3688 acclesiae
1360 3637 1443 3688 ana-

221 3722 467 3799 thematizatos
484 3725 675 3825 apostolica
693 3724 905 3801 auctoritate
923 3725 1091 3823 pellimus
1104 3735 1140 3802 et
1156 3727 1379 3817 damnamus
1391 3739 1443 3802 at·

220 3863 289 3935 que
307 3839 501 3936 sacrilegos
518 3840 729 3917 iudicamus.
747 3843 793 3913 Et
810 3863 881 3914 non
894 3839 1008 3914 solum
1022 3863 1091 3931 eos,
1105 3840 1165 3916 sed
1179 3850 1216 3915 ct
1227 3863 1349 3916 omnes
1362 3864 1443 3916 con·

221 3951 497 4043 sentientes'eis‚
510 3953 595 4052 quia
613 3977 682 4028 non
700 3951 816 4056 solum
834 3953 895 4050 qui
914 3952 1065 4043 faciunt,
1081 3953 1141 4030 sed
1163 3953 1270 4029 etiam
1284 3954 1345 4052 qui
1363 3977 1446 4030 con·

221 4063 383 4139 sentiunt
399 4064 625 4155 facientibus,
638 4054 688 4140 rei
705 4064 919 4141 iudicantur.
937 4069 1008 4140 Par
1021 4067 1117 4143 enim
1130 4091 1231 4165 prena
1245 4077 1282 4143 et
1293 4078 1443 4164 agentes

220 4187 256 4252 et
272 4179 534 4258 consentientes
552 4177 828 4279 comprehendit.
847 4185 879 4254 A
896 4203 966 4277 qua
983 4205 1084 4280 prena
1098 4189 1133 4255 et
1150 4188 1300 4278 agentes
1313 4190 1349 4256 et
1362 4203 1443 4255 cou-

219 4292 414 4369 sentientes
431 4293 706 4392 comprehendit.
726 4299 757 4367 A
774 4317 844 4392 qua
862 4317 962 4391 paena
980 4291 1082 4367 liberi
1108 4318 1181 4368 non
1199 4305 1346 4392 possunt
1364 4318 1441 4370 esse

219 4404 286 4495 illi,
308 4428 458 4504 quorum
476 4407 716 4481 ministerium
739 4414 804 4496 est,
829 4407 946 4505 etqui
972 4407 1059 4482 talia
1079 4417 1233 4507 possunt
1256 4407 1442 4508 prohibere

219 4528 255 4592 et
271 4519 469 4610 emendare,
487 4529 523 4595 et
540 4545 580 4595 ea
597 4545 666 4594 non
686 4519 830 4596 student
846 4521 1037 4617 corrigere,
1053 4531 1088 4596 et
1105 4531 1246 4598 catera.
