3638 5294
895 361 1092 426 -474-

378 483 466 558 libet
481 483 627 581 gradus,
640 491 704 557 aut
720 483 922 573 monachos,
934 483 993 558 val
1007 481 1159 581 ptochiis
1168 485 1236 558 'aut
1248 484 1473 559 xenodochiis
1489 487 1605 559 ortho

378 597 475 670 doxm
498 597 580 670 fidei
607 597 803 695 deputatos,
828 595 1118 672 extraordinariis
1143 595 1353 670 muneribus
1378 596 1605 697 praecipimus

378 711 609 806 praegravari.
620 711 796 784 Easenim
807 711 967 785 sarcinas
979 733 1245 806 onerumquam
1255 708 1433 807 plerisque
1444 709 1604 806 personis

378 821 518 896 diversa
533 821 669 896 ratione
683 822 937 920 permittimus,
951 822 1070 920 inponi
1083 821 1402 898 beatissimisviris
1415 832 1534 896 nostro
1544 846 1605 896 sae-

378 935 461 1010 culo
478 935 735 1009 inconveniens
751 960 828 1010 esse
845 935 1056 1012 iudicamus.
1074 937 1251 1010 Praeterea
1268 959 1313 1009 ne
1339 937 1399 1010 cui
1424 937 1606 1012 temeritas

382 1071 447 1121 sua
460 1047 641 1122 lucrativa
655 1049 870 1122 concedatur
884 1059 919 1124 et
930 1049 1117 1146 impudens
1130 1047 1431 1124 calumniantium
1444 1048 1605 1124 frenetur

378 1161 541 1250 audacia,
558 1160 724 1236 iubemus
742 1163 905 1258 quotiens
921 1161 960 1235 hi
978 1162 1038 1260 qui
1056 1161 1266 1252 sacerdotes,
1279 1186 1341 1242 seu
1355 1161 1514 1250 elericos
1526 1163 1605 1237 sive
1694 1225 1696 1230 .

377 1275 581 1364 monachos,
598 1283 802 1372 ceterosque
820 1277 984 1374 superius
1001 1275 1216 1370 designatos,
1225 1273 1405 1349 iniudicio
1417 1275 1605 1373 praeposita

378 1389 518 1464 actione
540 1387 786 1478 convenerint,
804 1389 835 1463 si
856 1413 964 1464 causa
990 1387 1135 1483 cognita
1161 1386 1343 1462 convincti
1367 1387 1505 1462 fuerint
1528 1388 1606 1462 sine

376 1502 478 1577 iuxta
496 1525 554 1577 eos
572 1511 608 1576 et
632 1499 797 1597 legitima
822 1502 990 1599 petitione
1016 1501 1187 1598 pulsasse,
1212 1523 1334 1575 omnes
1349 1500 1402 1575 eis
1422 1525 1605 1599 expensas,

377 1625 612 1712 sumptusque
627 1637 714 1712 quos
727 1614 772 1688 ab
784 1615 923 1689 exordio
940 1625 1051 1712 cepta
1069 1614 1318 1688 controversiae
1331 1614 1500 1711 ipsorum,
1516 1615 1606 1689 vitio

377 1726 547 1802 tolerasse
561 1749 620 1801 eos
632 1727 845 1815 constiterit,
855 1726 1037 1802 redhibere
1049 1735 1238 1822 cogantur,
1250 1735 1292 1800 ut
1304 1725 1370 1800 hac
1384 1725 1510 1800 saltem
1524 1751 1606 1802 cen-

379 1865 465 1916 sure
477 1839 614 1916 iustitie
628 1839 810 1914 formidini
825 1840 992 1922 revocati,
1003 1839 1180 1938 improbas
1189 1839 1220 1912 si
1229 1839 1308 1912 duaa
1321 1837 1605 1914 condictionibus

375 1953 541 2050 occupati
569 1952 800 2050 acquiescant
829 1964 947 2028 atam
973 1951 1135 2049 insopitis
1161 1949 1376 2025 clamoribus
1401 1949 1603 2045 iurgiorum

375 2067 552 2164 magistra
569 2067 736 2164 deinceps
753 2069 966 2143 necessitate
983 2067 1149 2141 retinere.
1166 2067 1245 2139 Dat.
1262 2067 1297 2140 II
1314 2069 1404 2139 Non.
1422 2065 1566 2162 Aprilis.

472 2184 526 2254 Ex
544 2181 663 2255 eodem
691 2181 841 2255 Constit.
857 2184 902 2256 ll.
919 2184 1114 2284 Imperator
1128 2176 1385 2252 Constantinus
1398 2178 1510 2253 Felici
1523 2179 1603 2275 Epi·

375 2316 479 2390 scopo
496 2293 590 2368 inter
603 2303 731 2368 cetera.
748 2294 830 2366 Divi
845 2293 1024 2390 Principis
1042 2291 1134 2366 idest
1146 2291 1257 2365 nostri
1271 2291 1446 2387 genitoris
1458 2301 1603 2380 statuta,

376 2405 585 2479 multimoda
603 2406 847 2480 observatione
866 2413 1053 2494 cavarunt,
1070 2414 1113 2479 ut
1132 2403 1254 2479 clerici
1274 2403 1477 2501 privilegiis
1494 2403 1604 2500 pluri·

373 2519 441 2593 bus
460 2519 710 2598 redundarent.
727 2522 851 2616 Itaque
868 2517 1231 2594 extraordinariorum
1254 2540 1445 2591 munerum
1470 2542 1491 2590 a
1516 2540 1604 2614 prae-

374 2631 480 2706 dictis
496 2632 692 2707 necessitas
708 2641 815 2728 atque
833 2632 950 2706 omnis
968 2630 1130 2706 molestia
1147 2629 1386 2726 conquiescat.
1404 2629 1460 2704 Ad
1477 2653 1603 2727 paran-

375 2745 514 2842 gariam
526 2769 665 2843 quoque
674 2745 937 2845 praestationem
951 2766 1021 2818 non
1035 2752 1221 2842 vocentur,
1233 2767 1301 2818 nec
1313 2743 1518 2818 eorumdem
1531 2743 1603 2817 fac-

374 2859 529 2935 cultates
550 2869 656 2957 atquc
678 2859 889 2948 substantie,
910 2857 1074 2940 omnibus
1092 2856 1235 2932 clericis
1256 2853 1459 2930 huiusmodi
1477 2877 1603 2952 praero
1668 2931 1679 2946 ,

375 2974 501 3068 gativa
520 2982 718 3048 succurrat.
736 2975 815 3048 Dat.
833 2975 922 3047 Vlll
938 2973 987 3046 ld.
1005 2969 1219 3047 Decembris.

468 3089 524 3158 Ex
540 3085 670 3160 eodem.
690 3085 953 3161 Constitutione
967 3085 1100 3160 eadem.
1113 3088 1347 3181 Imperatores
1361 3081 1497 3156 Valens
1514 3084 1602 3156 Gra·

375 3197 497 3271 tianus
517 3199 675 3294 Augusti
698 3201 742 3273 ad
768 3199 1055 3298 Cataphroniam.
1073 3197 1317 3295 Presbyteros,
1335 3194 1496 3285 Diaconi,
1514 3195 1602 3270 Suu

375 3312 526 3400 diaconi,
544 3313 738 3402 Exorciste,
755 3317 931 3401 Lectores,
949 3313 1120 3386 Ostiarios
1138 3311 1246 3384 etiam
1271 3331 1504 3406 personarum
1526 3335 1603 3382 mu·

375 3451 504 3502 nerum
522 3437 665 3524 experte
682 3451 758 3503 esse
776 3427 1014 3528 praecipimus.
1027 3427 1107 3499 Dat.
1120 3426 1171 3498 lll
1189 3426 1278 3498 Nou.
1296 3423 1430 3498 Martii.

946 3624 1058 3733 pour.
1094 3599 1136 3692 ’ψ

544 3829 594 3881 Ex
611 3829 693 3882 libro
714 3829 915 3884 novellarum
931 3829 1035 3894 primo
1055 3827 1158 3880 const.
1179 3828 1239 3880 vn
1258 3829 1308 3881 tit.
1328 3825 1429 3879 xxv.

467 3993 547 4066 Non
566 3990 672 4066 liceat
689 3991 849 4090 pecuniae
865 3990 1006 4065 datione
1023 3989 1237 4089 Episcopum
1253 3989 1340 4066 lieri.
1354 3993 1389 4064 Is
1401 3998 1523 4064 autem
1538 3987 1601 4086 qui

372 4112 558 4179 consecrat
574 4127 668 4192 eum,
684 4103 872 4178 admonere
888 4113 952 4176 aut
979 4102 1172 4201 praedicare
1190 4103 1223 4178 ei
1239 4103 1344 4179 debet
1360 4103 1453 4200 quod
1473 4101 1504 4176 si
1529 4123 1602 4175 non

370 4215 617 4291 observaverit
633 4239 785 4290 canones
802 4225 954 4305 sanctos,
971 4225 1006 4290 et
1025 4217 1097 4290 Deo
1113 4216 1253 4291 alienus
1276 4217 1345 4292 erit
1361 4225 1398 4292 et
1423 4215 1603 4310 religiosis

373 4330 557 4426 Episcopis
574 4352 644 4403 non
661 4329 985 4404 connumerabitur.
1004 4332 1097 4402 Nam
1120 4352 1273 4404 canones
1298 4339 1440 4428 patrum
1459 4326 1536 4398 vim
1554 4325 1603 4400 le·

373 4464 464 4540 gum
482 4441 611 4518 habere
628 4451 772 4541 oportet.
786 4443 850 4517 Sin
862 4453 984 4519 autem
993 4441 1131 4542 aliquis
1146 4432 1316 4542 pecunias
1328 4441 1475 4528 dederit,
1489 4463 1601 4538 eoque
