3582 5288
884 393 1080 456 -158-

893 640 1073 726 coum

469 879 651 955 Possidius
667 879 863 977 Episcopus
887 877 925 948 in
949 875 1026 948 vita
1050 873 1167 948 sancti
1189 873 1397 969 Augustini.
1422 879 1463 948 In
1490 875 1596 950 Gesa-

374 994 483 1072 riensi
508 993 735 1069 Mauritaniae
759 991 907 1067 civitate
931 989 1149 1064 constitutus
1172 989 1388 1063 venerabilis
1413 989 1592 1064 memoriae

376 1108 607 1204 Augustinus
624 1105 831 1203 Episcopus,
844 1127 1009 1202 quocum
1027 1103 1150 1178 venire
1167 1129 1250 1179 cum
1275 1103 1357 1176 aliis
1380 1103 1458 1177 eius
1482 1102 1595 1200 coepi-

375 1221 490 1318 scopis
509 1220 610 1295 Sedis
628 1219 839 1316 Apostolicae
857 1217 986 1292 litterae
1003 1216 1263 1314 compulerunt,
1280 1216 1325 1289 ob
1348 1217 1593 1291 terminandas

375 1334 546 1409 videlicet
570 1333 661 1407 alias
686 1331 846 1408 ecclesiae
864 1331 1107 1419 necessitates
1131 1330 1332 1404 Emeritum
1351 1331 1509 1405 eiusdem
1527 1330 1595 1404 loci

377 1447 598 1522 Donatistam
613 1447 840 1544 Episcopum,
849 1470 953 1542 quem
968 1469 1041 1517 suae
1055 1454 1160 1518 sectae
1173 1443 1382 1540 precipuum
1400 1443 1438 1516 in
1451 1443 1514 1516 iila
1527 1442 1597 1518 col-

376 1561 508 1636 latione
533 1560 708 1635 habuerat
723 1559 941 1634 defensorem
967 1559 1069 1647 vidit,
1086 1568 1122 1633 et
1139 1584 1222 1634 cum
1247 1559 1369 1633 eodem
1394 1557 1535 1656 publice
1557 1557 1596 1630 in

376 1672 527 1749 ecclesia
545 1673 684 1770 proprio
696 1681 835 1746 astante
848 1671 999 1746 diversae
1011 1671 1271 1746 communionis
1279 1671 1477 1768 disputavit
1490 1680 1525 1745 et
1539 1697 1597 1744 su-

376 1785 524 1884 peravit.
541 1786 637 1860 Idem
655 1786 694 1858 in
708 1785 841 1860 eadem.
854 1783 1109 1880 Pelagianistoe
1122 1784 1270 1859 heretici
1286 1784 1497 1881 Apostolicae
1513 1785 1596 1858 Sedi

379 1925 481 1972 snam
499 1899 680 1996 perfidiam
699 1899 910 1995 persuadere
928 1899 1157 1974 conabantur.
1175 1899 1297 1973 Sedet
1314 1898 1485 1973 Consiliis
1503 1897 1598 1971 Afri-

374 2013 476 2088 canis
485 2022 691 2087 sanotorum
701 2013 952 2109 Episcoporum
964 2022 1107 2107 gestum
1119 2022 1183 2102 est,
1193 2023 1235 2085 ut
1247 2021 1370 2086 sancto
1384 2015 1488 2109 Papae
1497 2011 1597 2098 Urbi,

377 2127 520 2225 etprius
532 2125 724 2202 venerabili
737 2127 954 2214 Innocentio,
967 2135 1003 2200 et
1015 2135 1134 2221 postea
1148 2124 1503 2199 sanctoZosimoeius
1517 2148 1597 2198 suc-

377 2241 508 2318 cessori
525 2241 809 2339 persuaderetur,
826 2265 932 2338 quam
946 2239 1010 2312 illa
1023 2248 1120 2314 secta
1136 2264 1157 2311 a
1171 2240 1237 2313 fide
1251 2239 1426 2314 catholica
1442 2238 1598 2312 abhomi-

378 2357 496 2430 nanda
513 2366 549 2431 et
565 2356 765 2429 damnanda
783 2355 920 2429 fuisset.
940 2353 1057 2427 Atilii
1083 2363 1181 2426 tanto
1206 2353 1299 2427 sedis
1315 2352 1496 2426 antistites
1521 2352 1596 2424 suis

378 2469 531 2544 diversis
543 2469 759 2566 temporibus
772 2470 910 2544 eosdem
924 2474 1088 2543 notantes
1101 2476 1207 2562 atque
1221 2491 1242 2538 a
1257 2466 1424 2540 membris
1437 2465 1597 2540 ecclesiae

379 2581 621 2678 precidentes
637 2581 730 2655 datis
748 2581 878 2655 litteris
891 2590 928 2654 et
945 2579 1127 2655 Africanis
1140 2589 1177 2654 et
1191 2579 1384 2655 occidentis
1401 2591 1437 2654 et
1452 2580 1599 2655 orientis

377 2693 536 2769 ecclesio
544 2717 601 2768 eos
610 2693 962 2766 anathematizandos
975 2702 1011 2767 et
1025 2693 1189 2766 vitandos
1201 2693 1246 2768 ab
1258 2693 1422 2768 omnibus
1436 2693 1598 2769 ecclesiis

378 2815 606 2883 censuerunt.
623 2811 670 2882 Et
688 2806 759 2882 tale
774 2809 817 2882 de
835 2806 908 2881 illis
926 2805 1095 2882 Ecclesiae
1121 2808 1185 2882 Dei
1204 2807 1398 2883 Cathoiioae
1419 2807 1595 2904 prolatum

382 2920 556 2995 iudicium
575 2921 683 2995 etiam
701 2921 884 3018 piissimus
902 2923 1098 3018 Imperator
1112 2921 1291 2994 Honorius
1307 2920 1456 2994 audiens
1469 2919 1533 2994 hoc
1547 2945 1600 2994 se-

379 3057 504 3131 quens,
524 3032 601 3107 suis
614 3055 673 3107 eos
685 3033 826 3129 legibus
843 3034 1062 3131 dampnatos,
1076 3037 1169 3111 inter
1182 3035 1357 3111 hereticos
1373 3034 1502 3109 habere
1519 3057 1601 3109 oon·

384 3147 512 3222 stituit.

892 3373 1091 3460 ccxxvii.

478 3591 714 3663 Hnrsorrruvs
741 3591 779 3662 in
796 3589 944 3688 epistola
961 3591 1002 3666 de
1020 3592 1136 3666 tribus
1152 3592 1394 3689 hypostaseos.
1411 3595 1519 3666 Beato
1537 3595 1601 3664 Pa·

381 3725 434 3798 pae
451 3701 602 3775 Damaso
620 3701 864 3800 Hieronymus
881 3703 975 3777 inter
987 3713 1113 3779 cetera.
1128 3705 1221 3780 Cum
1235 3729 1437 3781 successore
1450 3705 1599 3802 piscato·

382 3813 433 3886 ris
448 3825 485 3886 ot
500 3811 675 3910 discipulo
692 3813 821 3889 Crucis
838 3815 969 3912 loquor.
987 3820 1065 3912 Ego
1082 3816 1224 3890 nullum
1242 3819 1396 3915 primum
1412 3817 1484 3892 nisi
1497 3817 1602 3893 Chri·

381 3935 478 4000 stum
491 3949 653 4024 sequens,
665 3927 877 4002 beatitudini
890 3937 972 4018 tum,
985 3929 1076 4004 idest
1089 3930 1265 4005 cathedrae
1280 3932 1375 4006 Petri
1385 3930 1602 4006 communio·

382 4063 428 4114 ne
445 4039 634 4115 consocior.
652 4044 767 4137 Super
784 4042 883 4114 illam
900 4052 1036 4138 petram
1051 4041 1276 4117 hedificatam
1290 4043 1504 4119 AEcclesiam
1518 4042 1601 4118 scio.

383 4151 609 4250 Quicumque
626 4163 726 4228 extra
742 4153 836 4230 hanc
857 4156 1001 4229 domum
1028 4161 1176 4250 Agrium
1202 4157 1404 4246 comederit,
1430 4157 1601 4255 profanus

381 4272 444 4338 est.
463 4264 600 4362 Siquis
622 4265 661 4338 in
679 4291 720 4341 ea
737 4291 821 4341 arca
838 4290 909 4340 non
927 4267 1048 4356 fuerit,
1066 4268 1158 4364 perit
1183 4279 1358 4364 regnante
1383 4270 1530 4344 diluvio.
1555 4273 1603 4343 Et
1640 4255 1645 4262 ’

383 4376 488 4450 infra.
505 4377 731 4476 Quicumque
749 4388 869 4454 tecum
883 4401 954 4453 non
967 4380 1119 4476 colligit,
1129 4382 1269 4479 spargit
1280 4382 1347 4457 hoc
1360 4391 1415 4456 est
1427 4383 1489 4480 qui
1501 4383 1605 4458 Chri·

385 4491 430 4564 sti
449 4513 520 4564 non
537 4501 602 4580 est,
619 4491 823 4569 antichristi
840 4503 904 4568 est.
922 4496 1143 4592 Quapropter
1158 4495 1311 4570 obtestor
1329 4506 1428 4570 tuarn
1450 4497 1605 4572 beatitu-
