3618 5316
907 329 1105 393 -326-

396 447 517 520 miuus
548 445 621 518 XX
649 467 694 520 ex
721 467 865 543 corpore
894 471 1022 522 massae
1049 449 1234 538 Nouianae,
1258 449 1512 550 patrimonium
1544 457 1627 548 Ap-

394 561 462 660 pire
478 569 623 659 praestat
638 581 679 632 er
697 559 777 633 auri
794 560 932 635 solidos.
948 561 1045 636 Idem
1063 561 1102 634 iu
1118 563 1251 636 eodem.
1263 562 1461 637 Theodosio
1476 563 1624 638 eonsuli

395 673 649 750 monasterium
669 674 786 750 saneti
804 675 989 748 Pancratii
1005 675 1116 750 situm
1133 688 1234 751 extra
1252 689 1412 752 castrum
1433 681 1624 753 Meseuate

393 797 430 862 et
445 787 565 863 laeum
583 789 621 862 iu
637 810 750 862 anuos
766 791 938 863 XXVIII.
966 789 1064 863 Idem
1083 791 1247 866 Genesiae
1267 793 1302 865 h.
1320 792 1344 865 f.
1369 792 1523 866 fundum
1547 793 1624 867 ca-

394 903 629 1004 pitoniauum,
653 901 805 976 fundum
823 903 1047 992 Dostiauum,
1068 905 1222 979 fundum
1246 905 1438 996 Viricaria,
1462 906 1624 980 fundum

396 1017 587 1092 Tatianum
612 1041 696 1092 oum
722 1016 888 1091 omuibus
905 1018 992 1106 suis,
1017 1029 1054 1094 et
1071 1019 1142 1093 iam
1165 1031 1202 1095 et
1225 1020 1424 1118 aquimodis
1441 1021 1552 1118 posita
1578 1020 1625 1093 in

396 1155 513 1206 massa
530 1130 725 1220 Camustis,
741 1131 842 1205 iuxta
859 1156 1026 1230 eampum
1045 1133 1280 1209 Barbaricum
1298 1145 1335 1208 et
1351 1157 1493 1232 corpore
1510 1133 1628 1232 patri-

396 1245 507 1320 monii
525 1245 648 1344 Appiae
664 1255 809 1344 praestat
829 1263 872 1318 aa
890 1247 970 1320 auri
984 1246 1111 1321 solidos
1123 1257 1160 1321 et
1176 1247 1252 1320 viui
1266 1247 1460 1322 decimatas
1478 1249 1623 1320 LXXX

398 1358 437 1432 iu
462 1357 652 1458 praesentia
676 1358 776 1432 missi
801 1359 1042 1435 Paraeellarii.
1071 1360 1168 1434 Idem
1194 1360 1232 1433 iu
1256 1360 1388 1434 eodem.
1413 1359 1509 1436 Calae
1532 1359 1567 1432 h.
1595 1360 1623 1432 s.

400 1469 574 1548 oolouiam
593 1466 719 1545 massae
735 1471 895 1563 Oiliauae,
919 1473 1124 1570 patrimonii
1142 1474 1276 1574 Appiae,
1292 1483 1438 1574 praestat
1453 1497 1521 1571 arq
1537 1473 1623 1546 auri

400 1584 539 1661 solidos.
568 1584 665 1661 Idem
696 1585 861 1661 Anualdo
888 1587 1033 1661 tribuno
1056 1587 1207 1660 fundum
1237 1586 1443 1662 Casamaior
1467 1598 1504 1662 et
1531 1589 1624 1660 Ion-

405 1699 611 1796 goieiauum
638 1724 682 1775 ex
711 1724 854 1797 corpore
879 1701 1082 1798 patrimonii
1112 1700 1295 1788 Iarieaui,
1324 1701 1501 1775 territorio
1528 1703 1628 1774 Prae·

401 1813 553 1902 nestin0,
577 1812 666 1888 mill.
690 1813 734 1888 ab
758 1813 855 1889 Urbe
879 1817 990 1888 Roma
1007 1815 1137 1889 ¹miuus
1161 1814 1243 1913 plus
1266 1817 1357 1889 XXI
1382 1825 1527 1913 praestat
1549 1841 1620 1896 aso

399 1927 478 2000 auri
496 1925 634 2002 solidos.
651 1927 749 2002 Idem
766 1929 804 2001 iu
830 1928 960 2003 eodem.
976 1927 1142 2018 Illamalo,
1157 1928 1311 2002 fundum
1328 1929 1533 2003 Fuuiauum
1558 1928 1623 2000 via

400 2039 622 2115 Praenestina
639 2039 793 2114 miliario
817 2040 900 2138 plus
924 2041 1044 2116 miuus
1061 2044 1132 2118 XV
1150 2065 1195 2118 ex
1211 2065 1354 2142 corpure
1380 2066 1506 2116 massae
1523 2041 1624 2115 Alia-

399 2179 466 2244 nae,
487 2154 700 2252 patrimonio
724 2155 922 2243 Tiburtino,
946 2164 1092 2256 proestat
1108 2180 1174 2228 riu
1190 2155 1271 2228 auri
1297 2153 1457 2252 siliquas.
1474 2157 1562 2228 Item
1580 2155 1622 2226 in

400 2267 532 2344 eodem.
558 2268 736 2367 Stephano
762 2268 957 2359 exconsuli,
981 2269 1132 2342 fundum
1158 2267 1289 2358 Flebis,
1306 2279 1343 2341 et
1364 2267 1515 2341 fundum
1533 2269 1622 2341 Hor·

401 2407 472 2473 rea,
492 2383 561 2457 sita
579 2385 613 2454 V
631 2383 718 2457 mill.
740 2382 785 2456 ab
802 2383 890 2458 urbe
912 2385 1022 2457 Roma
1038 2381 1100 2454 via
1117 2381 1256 2471 Latina,
1273 2390 1419 2479 praestat
1438 2406 1464 2453 11
1484 2403 1622 2455 aureos.

401 2498 499 2575 Idem
513 2497 551 2571 iu
564 2497 850 2573 eodemLeoutio
863 2495 982 2585 militi,
996 2495 1147 2570 fundum
1158 2494 1308 2584 Auuias,
1322 2503 1357 2568 et
1370 2493 1520 2568 fundum
1536 2497 1622 2591 Spa·

400 2611 552 2700 tianum,
569 2611 637 2686 sito
659 2610 720 2684 via
737 2613 979 2697 Numeutaua,
997 2609 1085 2683 mill.
1101 2609 1147 2682 ab
1161 2608 1248 2682 urbe
1267 2611 1377 2684 Roma
1394 2607 1477 2704 plus
1500 2607 1621 2681 miuus

400 2725 454 2798 XI
471 2731 617 2822 praestat
633 2725 686 2798 XI
705 2748 744 2796 111
761 2723 840 2796 auri
864 2721 1001 2798 solidos
1019 2726 1105 2798 Haeo
1123 2723 1321 2820 Gregorius
1346 2722 1474 2796 iunior.
1490 2720 1622 2797 zacha-

402 2839 474 2912 rias
491 2861 575 2913 vero
592 2837 630 2910 iu
648 2860 712 2911 suo
730 2838 815 2912 item
831 2837 984 2934 registro
998 2836 1317 2913 locatPhiliaeario
1329 2837 1452 2911 comiti
1464 2862 1620 2910 massam

401 2949 646 3048 Pelagiauam,
655 2951 909 3047 patrimonium
919 2950 1154 3038 Lavieanum,
1167 2960 1313 3050 prestat
1324 2975 1378 3022 nn
1392 2949 1471 3023 auri
1481 2948 1619 3022 solidos

402 3065 500 3142 Idem
515 3064 553 3138 iu
571 3065 702 3140 eodem.
717 3065 935 3140 Christoloro
948 3091 1102 3139 massam
1121 3064 1247 3154 Gallis,
1264 3089 1348 3140 eum
1364 3063 1529 3138 omuibus
1545 3064 1623 3138 suis

402 3176 639 3278 pertinentiis,
652 3186 689 3252 et
701 3177 851 3252 fundum
870 3179 1065 3275 digitorum
1081 3187 1117 3252 et
1129 3177 1281 3250 fundum
1300 3176 1423 3252 Gabus
1435 3201 1520 3250 eum
1538 3176 1622 3250 lacu

402 3300 439 3368 et
456 3289 609 3366 fundum
628 3291 832 3382 Metiorum,
845 3293 997 3366 fundum
1012 3289 1282 3380 Barbulianum,
1294 3289 1356 3389 qui
1374 3299 1409 3364 et
1426 3289 1623 3380 seutiauus,

402 3405 553 3482 fundum
563 3405 819 3480 Lucretianum
837 3406 898 3504 qui
916 3415 953 3481 et
965 3404 1257 3494 Musta,f11udum
1269 3403 1543 3502 Lampadiomm
1560 3403 1625 3501 qui

400 3529 440 3596 et
449 3516 653 3607 Furuellus,
662 3518 813 3592 fundum
824 3519 1038 3594 Flavianum
1056 3519 1119 3618 qui
1131 3529 1167 3594 et
1177 3517 1535 3606 Cusamouaehorum,
1544 3517 1627 3592 lun-

402 3633 487 3710 dum
506 3631 718 3722 Medianum,
735 3633 887 3707 fundum
906 3632 1091 3721 Formicis,
1111 3633 1262 3706 fundum
1281 3630 1452 3706 Aurefilis
1474 3631 1561 3706 sitos
1585 3632 1625 3704 iu

400 3751 566 3824 Bursauo
590 3747 769 3822 territorio
794 3747 969 3824 Gabinate
987 3772 1031 3823 ex
1055 3769 1198 3846 corpore
1224 3744 1428 3844 patrimonii
1450 3743 1624 3820 Lavicaui

399 3871 550 3962 praestat
565 3885 646 3934 auu
659 3861 739 3934 auri
753 3860 890 3936 solidos.
903 3863 1000 3937 Idem
1019 3859 1055 3932 iu
1074 3861 1205 3935 eodem.
1227 3859 1319 3933 Alfio
1336 3858 1457 3948 militi,
1470 3857 1623 3932 fundum

404 3973 666 4050 Familieauum
693 3974 732 4048 iu
756 3999 869 4049 anuos
894 3976 1055 4051 XXVIII
1073 3996 1272 4070 excorpore
1297 3997 1423 4046 massae
1441 3971 1624 4069 Appianae,

405 4087 613 4188 patrimonii
629 4087 802 4164 Lavieaui
825 4098 970 4186 praestat
986 4113 1030 4160 as
1046 4087 1125 4161 auri
1145 4085 1304 4183 siliquas.
1322 4086 1420 4160 Idem
1437 4085 1475 4158 iu
1493 4084 1624 4160 eodem.

398 4199 584 4276 ,Theodoro
609 4201 756 4289 notario,
779 4201 896 4277 casale
920 4201 1043 4276 casula
1069 4209 1105 4274 et
1129 4199 1339 4274 Testianum
1365 4209 1576 4298 prestantes
1598 4225 1624 4269 a

405 4313 485 4390 auri
503 4313 631 4389 solides
649 4323 685 4390 et
701 4315 852 4390 fundum
872 4313 1106 4413 Tegauellum
1132 4323 1279 4412 praestat
1295 4337 1362 4413 aqi
1380 4313 1460 4386 auri
1483 4313 1623 4402 solidos

406 4439 443 4502 ot
468 4425 618 4504 fundum
638 4428 882 4516 Quadrautula
910 4439 1056 4529 praestat
1071 4451 1128 4502 uer
1146 4429 1224 4508 auri
1246 4429 1398 4530 siliquas
1416 4455 1459 4504 ex
1482 4453 1625 4532 corpore
