3638 5294
904 383 1101 446 ..444‚.

389 501 577 602 impletum
595 503 747 578 ectasis
763 501 794 578 is
811 503 942 601 quippe
959 502 1162 578 volentibus
1177 504 1244 579 hoc
1261 493 1453 600 Apostolus
1467 503 1615 594 fecerat,¹

389 627 431 691 ut
444 613 600 715 seipsum
612 628 772 693 servaret
784 617 955 692 aeclesiae
968 642 1073 716 quem
1088 618 1237 716 propriae
1245 627 1451 716 perseeutor
1460 617 1520 692 ille
1529 642 1615 722 que-

389 729 498 805 rebat.
511 731 661 805 Faciant
677 753 764 826 ergo
781 731 877 806 servi
891 730 1040 818 Christi·
1051 731 1207 805 ministri
1225 731 1325 804 verbi
1342 739 1379 805 et
1395 729 1613 806 sacramenti

388 842 478 932 eius,
487 844 579 941 quod
592 843 781 942 praecaepit,
790 843 866 917 sive
883 844 1056 942 permisit.
1065 844 1226 940 Fugiant
1241 843 1385 919 omnino
1401 845 1445 919 de
1461 844 1611 920 civitate

387 957 426 1029 in
444 957 630 1032 civitatem
648 957 789 1054 quando
804 980 926 1032 eorum
945 957 1134 1055 quisquam
1159 957 1396 1055 specialitera
1413 969 1613 1054 perseeuto-

392 1069 492 1144 ribus
516 1070 703 1166 quaritur,
720 1079 762 1144 ut
781 1070 826 1144 ab
842 1069 924 1170 aliis
941 1071 1002 1168 qui
1020 1095 1090 1146 nou
1108 1072 1160 1144 ita
1178 1071 1411 1170 requiruntur
1428 1089 1498 1145 non
1516 1071 1613 1146 dese·

391 1197 494 1256 ratur
507 1181 749 1272 aecclesia,sed
762 1184 942 1282 praebeant
955 1184 1089 1259 cibaria
1107 1185 1289 1260 conservis
1306 1185 1489 1282 suisqnos
1502 1183 1608 1257 aliter

389 1297 512 1371 vivere
527 1319 595 1371 non
610 1321 711 1394 posse
724 1299 898 1372 noverint.
908 1298 1001 1373 Cum
1014 1309 1136 1374 autem
1149 1287 1310 1374 omniurn
1322 1298 1414 1372 idest
1426 1297 1611 1396 Episcopo

387 1434 468 1482 rum
488 1409 546 1482 vel
564 1409 786 1484 Clericorum
799 1420 835 1484 et
848 1409 1033 1501 laicorum,
1047 1423 1101 1488 est
1118 1435 1307 1488 commuue
1320 1411 1530 1511 periculum,
1547 1411 1610 1508 qui

387 1515 469 1596 aliis
487 1522 654 1619 indigent
671 1547 741 1596 non
759 1523 971 1599 deserantur
987 1525 1032 1599 ab
1048 1525 1106 1600 his
1123 1526 1253 1624 quibus
1269 1525 1444 1620 indigent.
1455 1529 1530 1598 Aut
1542 1525 1611 1619 igi·

386 1646 447 1710 tur
464 1637 508 1710 ad
526 1636 601 1710 loca
620 1636 760 1710 munita
777 1660 900 1712 omnes
917 1647 1113 1728 transeant,
1126 1649 1190 1712 aut
1207 1639 1268 1736 qui
1285 1661 1357 1712 non
1373 1637 1480 1742 babet
1497 1661 1610 1712 rema-

386 1748 495 1822 nendi
520 1749 784 1836 necessitatem,
801 1773 871 1822 non
898 1751 1149 1850 relinquantur
1172 1751 1285 1826 abeis
1302 1775 1365 1849 per
1382 1773 1469 1848 quos
1486 1773 1608 1825 eorum

386 1870 441 1934 est
457 1859 712 1936 aecclesiastica
729 1861 926 1959 supplenda
951 1867 1159 1952 necessitas
1175 1875 1217 1940 ut
1233 1875 1297 1938 aut
1315 1867 1450 1962 pariter
1470 1865 1609 1952 vivant,

384 1982 449 2047 aut
465 1973 594 2062 pariter
609 1973 782 2048 sufferant
795 1975 886 2072 quod
899 2000 958 2051 cos
971 1979 1229 2078 paterfamilias
1245 1978 1342 2052 volet
1355 1978 1609 2076 perpetiQuod

385 2086 416 2159 si
434 2085 638 2182 contigerit,
657 2096 699 2160 ut
716 2088 792 2161 sive
809 2088 871 2162 alii
894 2089 1022 2181 maius,
1038 2093 1099 2165 alii
1118 2094 1250 2181 minus,
1267 2091 1344 2165 sive
1365 2114 1487 2167 omnes
1503 2114 1608 2188 equa·

386 2199 468 2274 liter
481 2203 677 2298 patiantur,
686 2225 765 2298 quae
778 2225 900 2276 eorum
918 2203 992 2278 sint
1009 2205 1071 2303 qui
1090 2228 1151 2302 pro
1168 2205 1250 2278 aliis
1269 2203 1411 2302 patiunt
1427 2213 1607 2303 apparent

384 2313 442 2389 Illi
456 2313 605 2404 scilicet,
618 2315 679 2412 qui
694 2340 776 2389 cum
799 2341 837 2390 sc
854 2318 991 2414 possint
1008 2319 1141 2394 talibus
1159 2319 1263 2393 malis
1276 2318 1411 2416 eripere
1424 2318 1606 2414 fugiende

385 2455 429 2504 ne
453 2429 604 2502 aliorum
631 2430 881 2505 necessitatem
899 2433 1102 2507 desererent
1120 2457 1263 2508 manare
1283 2431 1499 2521 maluerunt,
1520 2430 1606 2507 hino

385 2544 539 2616 maxime
557 2541 726 2639 probatur
744 2543 805 2617 illa
823 2546 956 2620 caritas
981 2571 1089 2644 quam
1108 2547 1284 2621 lohannes
1302 2545 1491 2646 Apostolus
1515 2568 1608 2621 com-

385 2657 530 2732 mendet
554 2656 687 2732 diceus.
706 2658 744 2732 Si
763 2659 931 2735 Christus
957 2685 1019 2758 pro
1043 2660 1143 2736 nobis
1167 2661 1324 2734 animam
1350 2685 1452 2732 suam
1479 2659 1607 2757 posuit,

384 2771 437 2846 sic
454 2783 490 2848 et
506 2795 571 2846 nos
588 2773 757 2848 debemus
770 2799 831 2872 pro
848 2776 1020 2851 frutribus
1037 2775 1193 2860 animam
1208 2778 1445 2874 ponereNam
1460 2773 1526 2848 hoo
1543 2774 1605 2871 qui

383 2885 543 2982 fugiunt,
560 2887 618 2962 vel
636 2887 714 2963 suis
729 2889 787 2964 vel
804 2889 931 2965 alienis
948 2891 1080 2967 devicti
1098 2889 1386 2978 necessitatibus,
1399 2888 1515 2964 lacere
1533 2911 1603 2962 non

383 3000 510 3096 posuit.
524 3001 563 3073 Si
580 3003 825 3100 comprehensi
843 3005 1027 3102 patiantur
1045 3029 1106 3104 pro
1123 3029 1159 3079 se
1177 3003 1257 3101 ipsi,
1269 3027 1338 3076 nou
1356 3025 1419 3100 pro
1435 3001 1606 3076 fratribus

382 3113 504 3189 votive
529 3115 726 3214 patiuntur.
744 3117 813 3205 Qui
839 3141 923 3194 vero
945 3129 1128 3216 propterea
1153 3115 1351 3214 patiuntur,
1369 3113 1452 3214 quia
1477 3114 1605 3188 fratres

383 3230 444 3326 qui
464 3228 514 3303 eis
528 3229 571 3304 ad
585 3230 818 3306 christianam
833 3232 986 3307 salutern
1001 3229 1213 3325 indigebant
1226 3229 1386 3304 deserere
1399 3227 1603 3313 uoluerunt,

383 3343 460 3417 sinc
477 3344 583 3430 dubio
608 3371 692 3420 suas
720 3347 858 3421 animas
888 3371 949 3444 pro
978 3342 1150 3420 fratribus
1175 3349 1320 3441 ponunt.
1338 3345 1385 3415 Et
1409 3339 1514 3414 iufra.
1530 3338 1604 3414 Cur

383 3455 479 3532 enim
497 3458 565 3533 sibi
583 3467 712 3557 putant
734 3459 977 3536 indifferenter
994 3455 1307 3556 obtemperandum
1326 3479 1403 3529 esse
1420 3461 1603 3552 praecepto,

383 3569 445 3644 ubi
464 3570 594 3667 legunt
610 3573 653 3646 de
670 3573 818 3648 civitate
835 3573 873 3646 in
899 3573 1083 3648 civitatem
1109 3593 1186 3644 esse
1211 3567 1436 3665 fugiendum,
1453 3575 1490 3641 et
1514 3589 1605 3641 mer·

383 3685 549 3759 senarius
564 3709 634 3760 non
647 3696 792 3776 exortet,
802 3687 864 3785 qui
878 3687 977 3760 videt
989 3685 1115 3784 lupum
1133 3683 1335 3759 venientem
1354 3691 1391 3757 et
1402 3681 1511 3778 fugit,
1520 3680 1604 3778 quia

331 3830 334 3836 ·
382 3821 453 3871 uon
471 3807 526 3873 est
543 3799 576 3874 ei
593 3825 681 3875 cura
698 3799 741 3875 dc
762 3799 918 3874 ovibus?
943 3801 1018 3876 Cur
1044 3821 1115 3873 non
1132 3799 1221 3873 istas
1237 3798 1326 3872 dues
1343 3821 1448 3872 veras
1464 3806 1604 3872 senten-

383 3913 581 4002 tiasunam
601 3913 742 3990 seilicet
755 3914 816 3988 ubi
830 3913 956 4010 sugam
974 3912 1117 4002 sinitur,
1130 3921 1194 3986 aut
1210 3911 1365 4000 iubetur,
1378 3910 1528 3986 alteram
1542 3907 1603 3982 ubi

382 4025 552 4121 arguitur
568 4036 676 4126 atque
693 4027 859 4128 culpatur
872 4028 924 4103 sio
942 4027 1147 4123 intelligere
1166 4025 1311 4100 student
1328 4035 1369 4100 ut
1386 4024 1479 4099 inter
1495 4047 1535 4098 se
1551 4047 1601 4098 re·

382 4143 568 4242 pariantur
586 4167 655 4217 non
673 4167 750 4218 esse
767 4143 955 4218 contraria
967 4143 1063 4216 sicut
1080 4165 1149 4214 non
1167 4145 1277 4216 suut?
1290 4143 1337 4214 Et
1349 4139 1416 4214 hoc
1433 4139 1603 4237 quomodo

383 4255 570 4353 reperitur,
595 4255 666 4330 nisi
690 4257 896 4330 attendatur
921 4254 1106 4353 quodiam
1132 4253 1298 4352 superius
1323 4251 1532 4352 disputavi?
1556 4253 1602 4326 Et

382 4369 487 4468 paulo
505 4379 590 4468 post.
609 4369 676 4444 Vel
699 4371 794 4444 siout
811 4370 908 4464 fugit
932 4378 1080 4444 sanctus
1099 4367 1319 4442 Athanasius
1337 4365 1604 4440 Alexandrinus

382 4481 682 4582 Episcopuscum
697 4507 778 4559 eum
798 4482 1000 4586 specialiter
1016 4481 1279 4584 apprchendere
1292 4480 1526 4557 Constantius
1543 4505 1603 4556 ou·
