3654 5302
737 389 934 453 -375-

227 506 374 583 lutionis
391 505 548 584 breviter
563 507 687 584 ordine
710 507 881 598 diximus,
904 519 947 584 ut
970 507 1038 584 sub
1056 533 1187 608 magno
1208 512 1446 589 moderamine

225 631 384 719 pastores
397 620 568 696 aecclesiae
580 621 716 697 solvere
733 621 902 696 studeant
920 620 978 696 vel
991 620 1116 719 ligare.
1130 623 1198 698 Sed
1210 634 1334 700 utrum
1351 626 1445 704 iuste

226 758 271 806 an
285 733 419 809 iniuste
432 733 567 830 obliget
579 744 708 832 pastor,
721 733 875 834 pastoris
885 743 1006 810 tamen
1015 735 1193 810 sententia
1202 737 1310 834 gregi
1319 738 1446 814 timen-

225 847 269 920 dc
286 855 350 935 est,
366 869 412 922 ne
429 845 460 920 is
473 847 554 945 quis
566 846 698 936 subest,
711 855 747 923 et
759 871 844 922 cum
857 846 991 922 iniuste
1008 847 1157 922 forsitan
1175 847 1313 945 ligatur
1330 850 1444 948 ipsam

228 958 458 1055 obligationis
475 985 550 1034 suae
572 959 787 1035 sententiam
811 984 855 1036 ex
878 961 951 1035 alia
974 960 1082 1060 culpa
1107 973 1296 1037 mereatur.
1321 966 1446 1040 Pastor

226 1095 313 1170 ergo
329 1071 388 1148 vel
405 1072 587 1148 absolvere
604 1073 796 1150 indiscrete
813 1073 941 1150 timeat
957 1074 1017 1150 vel
1034 1074 1159 1172 ligare.
1176 1077 1212 1150 Is
1235 1084 1357 1151 autem
1382 1077 1445 1175 qui

226 1186 293 1261 sub
310 1211 419 1260 manu
436 1187 587 1284 pastoris
604 1196 671 1276 est,
688 1186 798 1284 ligari
815 1187 942 1263 timeat
957 1187 1016 1264 vel
1032 1187 1177 1277 iniuste,
1201 1213 1269 1264 nec
1293 1190 1445 1288 pastoris

226 1301 284 1376 sui
303 1300 478 1375 iudicium
496 1311 630 1378 temere
647 1301 890 1399 reprehendat,
907 1326 952 1378 ne
968 1309 1004 1378 et
1020 1301 1052 1376 si
1069 1302 1202 1377 iniuste
1218 1301 1356 1399 ligatus
1380 1313 1445 1392 est,

225 1439 273 1489 ex
289 1415 366 1512 ipsa
382 1414 518 1490 tumide
536 1415 822 1514 reprehensionis
848 1414 1014 1512 superbia
1039 1414 1145 1514 culpa
1172 1439 1250 1513 quea
1271 1437 1342 1489 non
1367 1425 1446 1491 erat

226 1531 298 1604 fiat.
314 1529 412 1604 Idem
429 1529 467 1602 in
485 1539 635 1626 regesto.
652 1531 819 1605 Ianuario
836 1527 1121 1626 Archiepiscopo.
1143 1528 1207 1603 Nil
1232 1537 1267 1604 te
1291 1529 1446 1605 ostendit

224 1645 267 1720 de
283 1643 475 1720 celestibus
492 1644 661 1741 cogitare,
678 1646 740 1720 sed
757 1655 937 1721 terrenam
954 1653 989 1716 te
1009 1641 1315 1716 conversationem
1332 1641 1446 1738 signi-

225 1761 322 1850 ficae,
340 1760 424 1835 dum
442 1783 504 1860 pro
527 1759 687 1836 vindicta
711 1762 861 1859 propriae
885 1756 1028 1830 iniuriae
1053 1755 1146 1854 quod
1170 1755 1283 1830 sacris
1308 1754 1445 1852 regulis

224 1873 443 1972 prohibetur,
459 1873 743 1951 maledictionem
756 1870 997 1948 anathematis
1014 1868 1194 1961 invexisti.
1208 1869 1310 1945 Unde
1324 1870 1366 1944 de
1380 1894 1446 1945 cee-

224 1995 299 2060 tero
316 1995 391 2060 esto
408 1985 692 2086 circumspectus
705 2012 747 2064 ac
765 1985 951 2075 sollicitus,
965 2009 1009 2060 ne
1024 1984 1055 2058 si
1068 1983 1140 2058 tale
1157 1983 1292 2081 aliquid
1310 1982 1445 2075 fecerit,

224 2100 264 2174 in
292 2109 327 2175 te
357 2101 450 2176 scias
479 2112 598 2200 postea
627 2101 895 2178 vindicandum.
918 2098 1016 2173 Idem
1045 2097 1085 2171 in
1116 2097 1317 2171 moralibus.
1342 2100 1446 2172 Sum·

223 2237 362 2314 mopere
379 2239 580 2313 precavere
597 2216 726 2292 debent
743 2225 896 2292 rectores
913 2210 1094 2299 ecclesie,
1111 2211 1222 2308 etqui
1235 2209 1377 2309 publica
1391 2211 1446 2286 iu·

224 2327 318 2404 dicia
340 2339 521 2420 exercent,
537 2340 579 2404 ut
596 2330 633 2403 in
652 2329 831 2406 dictandis
847 2325 1047 2416 sententiis,
1066 2324 1274 2400 nullatenus
1298 2325 1445 2402 levitate

223 2452 288 2517 aut
311 2442 425 2517 sorore
449 2443 548 2519 ducti
573 2443 647 2519 sint
663 2443 874 2542 precipites,
898 2441 960 2517 sed
984 2441 1103 2516 causis
1128 2440 1227 2538 prius
1251 2439 1446 2537 diligenter

225 2555 419 2648 ventilatis,
436 2581 520 2632 cum
538 2582 595 2633 res
612 2583 691 2658 quse
708 2557 942 2655 ignorabatur
959 2554 1111 2653 pleniter
1127 2554 1173 2628 ad
1194 2553 1359 2629 notitiam
1385 2579 1445 2629 ve-

225 2669 330 2760 nerit,
343 2680 431 2746 tunc
444 2671 567 2745 divina
580 2683 617 2748 et
628 2673 785 2747 humana
798 2671 856 2748 lex
868 2669 1079 2758 resolvatur,
1091 2677 1128 2743 et
1140 2668 1338 2742 secundum
1352 2668 1445 2767 quod

225 2783 274 2858 ibi
291 2783 526 2859 constitutum
544 2795 610 2876 est,
627 2796 760 2861 remota
778 2809 1008 2885 personarum
1026 2783 1232 2882 acceptione
1252 2782 1445 2858 diffinitiva

226 2898 424 2997 proferatur
442 2899 630 2974 sententia.
648 2899 744 2974 Hinc
762 2910 817 2975 est
841 2901 933 3000 quod
958 2903 1101 2998 Moyses
1126 2898 1299 2998 quaerelas
1323 2897 1444 2999 populi

225 3038 363 3112 semper
379 3013 423 3088 ad
441 3015 633 3088 Dominum
650 3013 921 3090 tabernaculum
936 3015 1124 3110 ingressus
1142 3012 1326 3102 referebat,
1343 3022 1379 3088 et
1391 3012 1445 3088 iu·

226 3135 287 3201 xta
305 3126 397 3225 quod
414 3125 588 3202 Dominus
601 3127 798 3226 imperabat
810 3127 944 3202 iudicia
956 3125 1180 3226 proponebat,
1192 3125 1364 3200 nimirum
1381 3150 1445 3202 nos

225 3241 429 3332 instituens,
449 3251 490 3315 ut
511 3263 580 3314 non
602 3265 648 3316 ex
668 3241 772 3316 corde
791 3249 922 3332 nostro,
939 3240 1000 3316 sed
1025 3250 1200 3339 praecepto
1220 3239 1341 3314 divino
1363 3264 1444 3316 con·

225 3355 484 3452 dempnationis
501 3354 561 3429 vel
577 3354 844 3432 iustificationis
865 3355 1081 3430 sententiam
1106 3355 1336 3453 proferamus.
1360 3359 1445 3427 Am·

225 3468 363 3543 brosius
380 3469 418 3542 in
434 3471 469 3544 ll
481 3468 571 3542 libro
583 3469 791 3544 officiorum.
803 3467 926 3542 Nichil
939 3468 992 3544 sic
1005 3467 1204 3566 opinionem
1217 3467 1326 3543 immo
1338 3467 1443 3562 fidem

224 3591 356 3680 gravat
372 3607 479 3681 quam
498 3583 528 3657 si
545 3582 583 3657 in
601 3582 801 3672 iudicando,
819 3583 1007 3680 potentiori
1025 3583 1132 3658 dones
1146 3609 1289 3660 causam
1303 3585 1445 3661 inferio

226 3697 287 3785 ris,
303 3696 361 3772 vel
379 3721 569 3797 pauperem
587 3699 813 3774 innocentem
832 3719 977 3793 arguas,
994 3696 1143 3773 divitem
1161 3723 1319 3790 excuses,
1340 3724 1443 3776 reum

226 3810 350 3910 oulpae.
370 3813 527 3886 Pronum
545 3811 687 3909 quidem
705 3833 823 3908 genus
840 3810 1024 3888 hominum
1043 3815 1163 3891 favere
1175 3815 1444 3908 oneratioribus,

225 3949 270 4000 ne
287 3925 379 4000 lesos
395 3949 472 4001 sese
488 3935 627 4024 putent,
644 3950 689 4000 ne
706 3925 796 4001 victi
814 3925 964 4003 doleant.
979 3929 1047 4004 Sed
1061 3929 1216 4028 primum
1230 3931 1262 4005 si
1274 3930 1443 4006 offensam

225 4038 361 4114 vereris
378 4063 447 4114 non
467 4039 619 4138 recipias
636 4039 822 4115 iudicium.
839 4040 879 4114 Si
896 4042 1060 4118 sacerdos
1072 4067 1120 4134 ee,
1132 4051 1196 4118 aut
1208 4043 1240 4117 si
1253 4043 1443 4143 quisquam

228 4154 332 4244 alius,
349 4178 419 4229 non
436 4153 602 4230 lacessas.
615 4157 716 4231 Licet
731 4154 797 4229 tibi
815 4155 920 4231 silere
937 4156 975 4229 in
992 4156 1136 4254 negotio
1152 4157 1338 4233 dumtaxat
1354 4158 1445 4233 iudi·

224 4269 345 4360 ciario,
358 4294 575 4369 quamquam
593 4272 641 4346 sit
658 4270 868 4348 constantiae
883 4270 1005 4346 adesse
1023 4270 1193 4369 aequitati.
1205 4275 1247 4346 In
1260 4297 1370 4348 causa
1382 4297 1444 4349 au·

224 4393 298 4459 tem
315 4384 393 4474 Dei,
410 4383 471 4460 ubi
489 4385 760 4476 communionis,
777 4381 977 4482 periculum
993 4391 1059 4474 est,
1084 4384 1192 4459 etiam
1216 4385 1444 4464 dissimulare

224 4509 412 4599 peccatum
430 4509 486 4577 est
504 4523 573 4576 non
591 4499 688 4588 leve,
698 4500 792 4590 Quid
804 4509 924 4578 autem
938 4500 1004 4576 tibi
1016 4501 1157 4601 prodest
1172 4501 1294 4579 favere
1311 4501 1444 4581 diviti?
