3638 5294
894 391 1090 454 -488-

377 509 546 589 ciendum
561 510 696 586 malum
713 509 921 586 6661111616
930 511 1165 610 plurimorum
1175 510 1380 610 acquiesces
1393 511 1604 612 sentiebat)

376 626 418 697 ut
429 647 517 699 auro
529 623 660 712 devies,
673 624 839 722 pauperis
852 648 989 723 quoque
999 648 1068 698 non
1079 624 1301 700 misereberis
1315 625 1352 698 in
1366 625 1521 720 negot-io,
1533 651 1602 701 nec

376 736 573 814 declinabis
589 737 627 810 in
644 737 776 813 iudicio
793 737 881 814 eius.
899 742 954 813 Ne
971 737 1127 836 accipias
1153 762 1300 812 munera
1326 762 1405 835 quae
1430 747 1602 814 excecant

367 850 484 928 etiam
505 850 698 947 prudentes
715 861 751 926 et
768 851 984 926 subvertunt
1000 847 1310 924 verbaiustorum.
1324 849 1518 946 Peregrina
1532 874 1603 924 mo

374 965 489 1041 lestus
502 987 573 1039 nou
585 963 666 1040 eris.
678 968 720 1038 In
731 964 900 1040 Levitico.
913 967 955 1038 In
969 962 1101 1038 iudicio
1113 987 1184 1038 non
1197 964 1399 1040 consideres
1412 987 1600 1061 personam

378 1079 556 1178 pauperie,
575 1103 642 1154 nec
659 1077 810 1153 honores
828 1079 931 1152 vultu
947 1074 1108 1175 potentis.
1127 1079 1286 1174 AEquum
1299 1075 1472 1152 iudicium
1485 1075 1533 1151 sit
1546 1076 1600 1150 in·

378 1199 433 1265 ter
453 1213 528 1278 nos,
544 1188 622 1263 sive
638 1187 742 1278 civis,
759 1188 836 1263 sive
856 1189 1068 1286 peregrinus
1081 1191 1293 1287 peccaverit.
1306 1193 1349 1264 In
1362 1193 1528 1266 Numero.
1542 1191 1599 1266 Ad

378 1299 489 1375 unius
510 1299 752 1376 testimonium
784 1323 887 1375 nemo
912 1301 1237 1400 condempnabitur.
1262 1307 1304 1378 In
1323 1304 1603 1380 Deuteronomio.

380 1414 491 1490 Nulla
509 1413 579 1488 erit
595 1413 764 1488 distantia
783 1437 1022 1511 personarum.
1040 1417 1094 1488 Ita
1112 1415 1208 1490 enim
1225 1417 1379 1490 audietis
1393 1441 1545 1514 parvum
1559 1427 1603 1492 ut

377 1552 554 1625 magnum
564 1552 630 1602 nec
642 1528 828 1625 accipietis
841 1529 1054 1626 cuiusquam
1070 1553 1256 1625 personam
1271 1532 1355 1628 quia
1365 1532 1429 1606 Dei
1444 1541 1498 1606 est
1510 1531 1601 1606 iudi·

379 1642 487 1716 cium.
509 1639 650 1716 Iudices
674 1651 711 1714 61
736 1640 928 1736 magistros
951 1641 1167 1716 constituere
1190 1643 1228 1714 in
1253 1642 1417 1717 omnibus
1443 1642 1517 1716 tuis
1542 1667 1605 1740 per

379 1753 545 1850 singulas
570 1753 686 1828 tribus
710 1763 791 1828 tuas
810 1764 851 1828 ut
868 1753 1028 1828 iudicent
1053 1754 1221 1852 populum
1248 1755 1342 1830 iusto
1368 1755 1510 1844 iudicio,
1531 1782 1599 1832 nec

379 1867 419 1940 in
445 1868 593 1942 alteram
619 1877 757 1964 partem
782 1867 972 1942 declinent.
998 1871 1077 1942 Non
1103 1867 1212 1942 stabit
1236 1868 1338 1944 testis
1361 1894 1458 1944 unus
1479 1881 1604 1945 eontra

379 1980 548 2079 aliquem.
561 1979 739 2078 Quicquid
756 1979 847 2053 illud
865 1979 1002 2076 peccati
1020 1989 1084 2069 est,
1102 1980 1163 2054 sed
1180 1991 1215 2055 et
1232 1981 1270 2054 in
1287 2005 1346 2056 ore
1364 1981 1527 2072 duorum,
1544 1983 1603 2058 vel

379 2093 491 2168 trium
509 2095 656 2168 testium
674 2093 784 2167 stabit
800 2115 904 2168 omne
920 2091 1081 2168 verbum.
1099 2092 1138 2166 Si
1163 2094 1303 2169 steterit
1324 2094 1426 2170 testis
1451 2097 1605 2171 mendax

380 2216 504 2283 contra
521 2205 701 2281 hominem
719 2226 895 2280 accusans
913 2230 993 2280 eum
1012 2207 1316 2304 prevaricationis
1338 2209 1485 2284 stabunt
1502 2210 1605 2284 ambo

382 2343 533 2418 quorum
551 2344 661 2394 causa
674 2328 728 2394 est
741 2327 824 2393 ante
838 2321 951 2394 Deum
967 2319 1005 2390 in
1019 2332 1210 2419 conspectu
1228 2323 1453 2398 sacerdotum
1466 2335 1503 2396 61
1515 2323 1607 2396 iudi-

379 2459 473 2509 cum.
491 2435 654 2531 Cumque
671 2433 948 2530 diligentissime
966 2443 1241 2530 perscrutantes,
1262 2433 1455 2510 inveniunt
1472 2433 1603 2508 salsum

380 2556 509 2622 testem
526 2546 658 2622 dixisse
676 2547 902 2622 mendacium
922 2557 1044 2620 contra
1061 2547 1209 2622 fratrem
1224 2574 1342 2636 suum,
1355 2548 1503 2624 reddent
1515 2549 1547 2623 ei
1561 2547 1608 2624 si·

380 2672 444 2738 cut
459 2661 561 2736 fratri
581 2685 644 2736 suo
662 2662 779 2737 facere
797 2661 985 2758 cogitavit,
1005 2669 1045 2735 ut
1061 2661 1247 2737 audientes
1265 2663 1375 2737 ceteri
1390 2671 1526 2736 metum
1544 2661 1606 2736 ha·

379 2775 497 2866 beant,
514 2787 550 2864 61
563 2800 788 2874 nequaquam
802 2777 956 2850 audeaut
970 2776 1096 2849 166616.
1109 2777 1190 2849 Non
1204 2774 1427 2850 misereberis
1440 2775 1529 2862 eius,
1543 2775 1605 2850 sed

379 2890 537 2964 animam
556 2913 617 2988 pro
634 2889 766 2980 anima,
783 2889 926 2964 oculum
945 2910 1007 2986 pro
1024 2886 1136 2976 oculo,
1154 2887 1296 2962 dentem
1310 2910 1373 2983 pro
1386 2887 1490 2962 dente
1506 2887 1606 2962 resti-

380 3015 470 3079 tues.
488 3003 557 3092 Qui
575 3013 698 3079 autem
716 3003 930 3101 superbierit
947 3001 1071 3077 nolens
1087 2999 1228 3075 obedire
1246 3001 1441 3075 sacerdotis
1458 3000 1608 3098 imperio

381 3119 443 3217 qui
455 3118 638 3192 ministrat
649 3116 797 3191 Domino
807 3119 878 3190 Deo
887 3126 959 3202 tuo,
972 3139 1017 3189 ex
1029 3114 1168 3189 decreto
1181 3113 1311 3190 iudicis
1324 3114 1496 3188 moriatur
1506 3114 1611 3190 bomo·

380 3232 442 3307 ille
455 3231 645 3306 etauleres
664 3229 798 3303 malum
813 3229 855 3304 de
874 3228 986 3303 medio
1004 3227 1125 3316 Israel,
1139 3237 1180 3300 ut
1193 3227 1317 3301 nullus
1330 3228 1497 3327 deinceps
1510 3228 1605 3302 intu-

381 3343 700 3441 mescatsuperbia.
710 3342 924 3418 Maledictus
938 3339 999 3439 qui
1014 3338 1186 3437 pervertit
1200 3339 1374 3415 iudicium
1387 3339 1606 3437 6116116611-

380 3457 459 3557 pilli
472 3468 509 3533 et
521 3458 649 3532 viduae.
663 3455 878 3532 Maledictus
893 3455 955 3552 qui
968 3453 1100 3550 accipit
1114 3477 1275 3542 munera,
1290 3463 1331 3527 ut
1344 3453 1522 3551 percutiat
1534 3454 1610 3527 ani-

379 3597 476 3646 mam
493 3571 684 3668 sanguinis
708 3569 920 3645 innocentis.
934 3569 1023 3642 IOB.
1044 3567 1146 3664 Ignis
1167 3567 1351 3642 devorabit
1369 3567 1605 3642 tabernacula

381 3709 505 3762 eorum
523 3685 584 3783 qui
605 3708 752 3759 munera
769 3683 922 3760 libenter
934 3680 1127 3778 accipiunt.
1145 3681 1262 3756 Causa
1281 3705 1387 3778 quarn
1407 3677 1608 3754 nesciebam

385 3797 664 3894 diligentissime
687 3795 962 3892 investigabam.
981 3792 1214 3868 Conterebam
1233 3793 1343 3867 molas
1368 3791 1484 3890 iniqui
1509 3801 1545 3866 61
1569 3791 1612 3867 de

384 3909 874 3989 dentibusilliusauferebam
890 3908 1054 4008 praedam.
1068 3909 1171 3982 Osnn.
1180 3906 1459 3982 Misericordiam
1474 3915 1510 3982 et
1522 3905 1612 3980 iudi·

381 4026 479 4102 cium
497 4024 648 4113 custodi,
673 4033 709 4098 et
733 4047 836 4122 spera
860 4023 898 4096 in
923 4026 996 4097 Deo
1020 4031 1081 4096 tuo
1110 4045 1259 4118 semper.
1276 4021 1380 4096 Odite
1399 4019 1546 4108 malum,
1571 4028 1609 4094 et

382 4138 587 4218 constituite
600 4137 637 4210 in
651 4147 751 4235 porta
768 4137 943 4212 iudicium
961 4136 994 4210 si
1009 4135 1098 4210 16116
1114 4134 1325 4210 misereatur
1338 4133 1513 4208 Dominus
1527 4132 1609 4208 reli-

383 4253 477 4352 quiis
491 4251 626 4349 Ioseph.
639 4251 806 4326 Indicabo
819 4251 884 4325 tibi
899 4250 1001 4324 bomo
1014 4249 1100 4346 quid
1113 4248 1161 4323 sit
1174 4249 1304 4324 bonum
1318 4257 1382 4322 aut
1395 4248 1480 4346 quid
1493 4247 1610 4320 Domi-

381 4391 451 4440 nus
469 4364 628 4462 requirat
644 4373 728 4452 616,
747 4364 870 4462 utique
887 4363 1005 4438 166616
1021 4362 1196 4437 iudicium
1215 4372 1251 4437 et
1268 4362 1445 4436 iustitiam
1460 4374 1496 4436 et
1514 4359 1610 4434 solli·

383 4478 496 4555 citum
514 4476 699 4554 ambulare
716 4503 800 4554 curn
825 4481 896 4554 Deo
914 4487 983 4554 tuo.
1003 4479 1081 4551 Non
1099 4475 1263 4575 pervenit
1288 4499 1400 4573 usque
1425 4475 1470 4550 ad
1497 4475 1609 4546 finem
