3582 5288
910 397 1107 461 -130-

398 521 584 598 crotalium
613 501 826 596 Pontificum
851 521 1091 594 Romanorum
1108 518 1395 616 copstitutorum
1417 517 1613 594 secundum

396 659 528 710 morem
543 635 670 711 feceris
684 633 910 710 mentionem.
923 633 992 708 Sed
1006 657 1072 708 nec
1085 630 1185 704 illam
1199 630 1340 731 propria
1357 629 1616 727 subscriptione

397 744 1455 847 munieris‚necquodaliquembanciureiurandofirmanda
1465 743 1616 818 miseris.

938 975 1069 1059 oxon.
1120 969 1123 974 ’

490 1201 664 1278 Iohannes
682 1203 875 1301 Episcopus
892 1201 1022 1276 dilecto
1047 1199 1120 1275 lilio
1146 1200 1337 1275 blichaheli
1354 1199 1507 1295 glorioso
1526 1199 1616 1295 regi,

396 1315 542 1389 seu-toti
559 1315 788 1412 generalitati
806 1317 927 1411 gentis
944 1313 1158 1410 Bulgaricaa.
1183 1317 1281 1388 Inter
1302 1323 1430 1388 cetera.
1455 1316 1562 1386 Porro
1584 1312 1616 1384 si

397 1429 602 1503 Graecorum
620 1427 765 1527 perfidia
778 1453 853 1504 sese
866 1454 888 1502 a
906 1427 1052 1524 regione
1068 1438 1201 1515 vestra,
1213 1451 1292 1524 quae
1306 1428 1343 1499 in
1356 1437 1476 1500 nostra
1491 1426 1616 1522 utique

398 1539 528 1614 diocesi
546 1539 658 1637 posita
675 1550 730 1614 est
747 1549 789 1614 ut
804 1540 953 1638 antiqua
970 1541 1103 1639 scripta
1120 1540 1367 1616 demonstrant
1391 1540 1538 1614 minima
1563 1562 1618 1614 co

395 1650 564 1740 hibuerit‚
589 1653 715 1726 scitote
733 1651 817 1750 quia
834 1652 1075 1750 patriarcham
1094 1652 1278 1749 Ignatium
1296 1651 1356 1751 qui
1374 1652 1468 1728 sedis
1488 1661 1617 1727 nostra

398 1764 521 1840 favore
538 1764 708 1840 thronum
731 1766 874 1862 recepit,
891 1765 1007 1840 denuo
1023 1765 1251 1862 depositionis
1275 1775 1459 1862 tamquam
1484 1763 1618 1839 violen-

395 1886 473 1952 tum
491 1887 527 1954 et
542 1879 774 1955 temerarium
793 1879 1055 1966 submittemus
1072 1889 1108 1954 et
1125 1881 1316 1976 Episcopos
1328 1903 1371 1952 ac
1384 1877 1617 1976 Presbyteros

396 1994 614 2083 Graecorum,
627 1994 689 2092 qui
703 1993 779 2069 illic
796 1993 1033 2069 inveniuntur
1049 1992 1257 2090 depositioni
1275 2001 1311 2066 ct
1327 1991 1545 2066 anathemati
1560 2017 1618 2064 su-

394 2103 569 2200 bigamus.

934 2248 1084 2332 oxeffl.

490 2447 664 2522 Iohannes
681 2449 876 2548 Episcopus
889 2447 1018 2522 dilecto
1032 2447 1104 2520 filio
1117 2445 1291 2522 Hludoico
1302 2445 1458 2540 glorioso
1473 2444 1549 2540 regi
1564 2444 1616 2516 in·

394 2567 448 2632 ter
465 2569 603 2634 catera.
621 2561 747 2636 Multis
759 2587 802 2637 ac
815 2561 928 2634 variis
941 2559 1211 2657 manifestisque
1224 2558 1411 2656 prudentia
1424 2567 1487 2631 tuo
1501 2557 1616 2655 potuit

394 2670 537 2746 indiciis
550 2674 857 2771 comprehendere,
868 2672 1112 2748 Pannonicum
1125 2671 1282 2746 diocesin
1291 2671 1336 2744 ab
1349 2670 1433 2745 olim
1444 2669 1616 2767 Apostoli·

394 2807 435 2858 ca
452 2785 544 2860 sedis
561 2785 764 2883 privilegiis
782 2788 998 2885 deputatam,
1016 2785 1046 2858 si
1064 2785 1158 2883 apud
1175 2783 1423 2859 excellentiam
1445 2793 1545 2857 tuam
1563 2784 1616 2856 iu-

394 2897 494 2971 stitia
508 2899 551 2973 da
564 2898 625 2975 illo
638 2925 720 2976 cum
735 2901 830 2976 sicut
846 2900 948 2975 decet
960 2901 1149 2976 invenerit.
1163 2904 1238 2975 Hoc
1251 2900 1347 2974 enim
1357 2899 1543 2998 synodalia
1555 2923 1617 2994 ge·

394 3021 449 3085 sta
467 3012 639 3103 iudicant,
647 3014 818 3112 hystoria
827 3015 1026 3113 conscripta
1040 3015 1292 3089 demonstrant.
1302 3016 1439 3088 Verum
1448 3011 1532 3110 quia
1540 3011 1617 3109 qui·

392 3123 541 3200 busdam
560 3125 744 3202 hostilium
761 3127 1004 3203 turbationum
1022 3127 1266 3202 simultatibus
1287 3126 1561 3227 impedientibus
1575 3125 1615 3198 il-

393 3236 453 3313 luc
465 3237 510 3312 ab
524 3239 726 3336 Apostolice
736 3240 825 3316 Sede
835 3249 968 3316 nonest
978 3239 1039 3314 diu
1049 3262 1197 3316 exmore
1206 3240 1364 3316 directus
1375 3239 1536 3328 antistes
1549 3239 1614 3315 hoc

392 3349 487 3448 apud
503 3349 649 3447 ignaros
666 3352 817 3427 venitin
830 3353 989 3428 dubium.
1003 3357 1050 3428 Et
1064 3353 1167 3428 infra.
1181 3358 1295 3430 Nemo
1311 3365 1433 3429 autem
1450 3353 1492 3429 de
1508 3375 1614 3427 anno-

393 3488 474 3536 rum
487 3487 634 3540 numero
655 3465 980 3541 resultandisumat
989 3467 1196 3558 fomentum,
1205 3467 1289 3564 quia
1301 3477 1434 3542 sanctae
1447 3469 1613 3540 Romanae

392 3575 453 3651 oui
474 3577 547 3652 Deo
571 3587 715 3654 auctore
739 3578 918 3654 servimus
942 3579 1101 3655 Ecclesia
1122 3579 1325 3677 privilegia,
1345 3603 1424 3678 quae
1445 3579 1484 3652 in
1512 3579 1612 3652 firme

392 3697 501 3785 petrae
518 3689 724 3766 stabilitatis
740 3700 841 3793 petre
857 3693 1025 3791 suscepit,
1043 3691 1154 3766 nullis
1178 3692 1396 3790 temporibus
1417 3701 1613 3788 angustan-

393 3809 465 3889 tur,
481 3801 594 3876 nullis
611 3826 803 3900 regnorum
822 3805 1042 3902 partionibus
1055 3805 1344 3905 praeiudicantur.
1358 3805 1426 3880 Sed
1448 3817 1484 3881 et
1509 3829 1612 3880 vane

393 3911 513 3986 randae
523 3915 798 4013 Romanaeleges
811 3917 985 3992 divinitus
998 3918 1141 3993 nonnisi
1154 3928 1232 4016 post
1240 3918 1279 3994 Ο.
1288 3941 1399 3994 annos
1408 3919 1612 3993 admittunt.

812 4185 814 4192 v
918 4143 1086 4228 Ollllllll.

488 4365 662 4441 Iohannes
679 4367 875 4466 Episcopus
891 4368 1044 4464 glorioso
1061 4369 1139 4446 viro
1156 4369 1418 4447 Karolomanno
1434 4371 1556 4449 dilecti
1574 4373 1611 4446 fi-

393 4475 433 4548 lii
451 4478 562 4553 nostri
590 4479 755 4554 Hludoici
775 4481 873 4576 regis
898 4480 981 4571 filio,
998 4482 1092 4556 inter
1112 4492 1238 4557 cetera.
1264 4487 1388 4582 Itaque
1414 4485 1549 4559 reddito
1569 4509 1610 4560 ac
