3582 5288
724 405 920 468 -lll-

208 525 313 622 gavit
336 527 563 620 sententiam.
581 529 631 601 Ut
647 525 762 622 igitur
780 526 823 600 de
841 526 958 600 tribus
975 526 1145 623 capitulis
1161 527 1277 601 omnis
1293 553 1315 602 a
1332 529 1433 603 vobis

207 639 393 714 auferatur
418 638 593 728 dubietas,
617 639 749 713 librum
776 663 881 737 quem
900 639 942 714 de
960 637 1028 713 hac
1047 664 1084 714 re
1102 648 1235 714 sanotae
1254 641 1432 716 memoriae

207 753 369 828 decessor
383 779 485 827 meus
498 753 670 851 Pelagius
683 753 839 850 scripsit,
853 753 953 828 vobis
971 751 1059 827 utile
1073 752 1231 828 iudicavi
1251 755 1430 830 transmit·

209 877 296 944 tere.

738 1097 909 1182 Olllllll.
950 1161 953 1171 .

302 1325 501 1420 Gregorius
514 1323 751 1428 PresbyteriS,
770 1323 985 1397 [liaconibus
998 1333 1034 1398 et
1051 1323 1145 1398 clero
1163 1322 1432 1398 Mediolanensi.

208 1441 306 1512 Inter
322 1451 460 1514 caetera.
478 1439 652 1526 Quoniam
672 1438 823 1512 obeunte
840 1447 988 1536 pastore,
1011 1439 1088 1512 sine
1111 1437 1248 1536 proprio
1273 1461 1336 1511 vos
1362 1462 1430 1513 non

206 1553 308 1630 decet
332 1579 409 1628 esse
434 1555 606 1643 antistite,
630 1554 773 1628 omnino
797 1561 901 1647 grate
927 1551 1150 1648 suscepimus
1167 1552 1259 1648 quod
1277 1551 1431 1626 Deusde-

206 1667 261 1741 dit
284 1667 474 1743 diaconum
505 1677 666 1742 vestrum
696 1667 740 1741 ad
769 1666 993 1763 episcopatus
1023 1665 1182 1739 officium
1213 1689 1276 1739 vos
1297 1667 1432 1738 unani·

205 1805 282 1855 mes
307 1780 459 1876 elegisse
485 1783 557 1856 Deo
586 1792 731 1856 auctore
752 1781 942 1876 signastis.
968 1784 1015 1855 Et
1038 1779 1143 1852 infra.
1176 1781 1226 1853 Ut
1250 1779 1366 1875 igitur
1390 1778 1428 1852 in

204 1895 398 1970 ordinando
423 1919 463 1970 eo
488 1895 549 1992 qui
575 1921 596 1968 a
621 1895 721 1969 vobis
746 1895 883 1969 electus
900 1904 954 1970 est
979 1893 1080 1967 nulla
1106 1892 1216 1990 possit
1234 1915 1331 1966 mora
1349 1916 1430 1968 oon-

205 2007 360 2104 tingere,
393 2009 646 2083 Pantaleonem
673 2007 857 2082 notarium·
887 2017 1049 2082 nostrum
1074 2007 1342 2080 transmisimus
1367 2005 1429 2103 qui

206 2145 289 2196 eum
315 2132 357 2196 ut
382 2123 490 2197 moris
507 2131 561 2197 cst
585 2123 771 2197 annitente
796 2145 990 2197 consensus
1007 2119 1119 2195 nostri
1138 2120 1351 2196 auctoritate
1378 2121 1429 2192 fa-

206 2237 280 2311 ciat
303 2236 517 2311 consecrari.
538 2235 607 2312 Cui
631 2236 738 2326 etiam
764 2236 805 2310 de
824 2235 974 2332 possessi
1000 2233 1140 2308 vinculi
1166 2233 1247 2332 quis
1274 2256 1430 2328 magnus

206 2349 384 2446 quondam
407 2349 596 2448 presbyter
613 2349 820 2424 commissas
838 2347 1023 2438 habuerat,
1040 2347 1098 2422 vel
1124 2347 1166 2421 de
1195 2346 1276 2420 aliis
1300 2355 1429 2421 vestrae

203 2461 366 2537 ecclesia
395 2461 640 2536 utilitantibus
670 2461 755 2559 quid
779 2486 888 2558 agere
913 2462 1038 2540 debeat
1063 2461 1101 2534 in
1136 2461 1303 2558 praesenti
1330 2469 1428 2534 man-

203 2575 379 2648 davimus.
404 2579 536 2650 Vestra
561 2573 682 2672 itaque
715 2575 748 2648 ei
773 2574 916 2650 dileetio
949 2575 986 2648 in
1011 2569 1176 2649 omnibus
1202 2599 1239 2648 se
1264 2574 1428 2648 devotam

203 2697 245 2760 ut
270 2688 373 2762 decet
390 2687 532 2762 studeat
549 2687 724 2762 exhibere.
741 2687 838 2764 ldem
863 2689 908 2763 ad
933 2690 1083 2764 eosdem.
1100 2688 1263 2763 Iudicavi
1288 2713 1309 2760 a
1327 2687 1427 2762 vobis

202 2799 300 2874 ultra
325 2824 395 2876 non
420 2800 524 2875 debet
548 2801 658 2890 semel
692 2802 860 2898 perlatus.
887 2801 955 2876 Sed
985 2809 1084 2875 tanto
1117 2825 1216 2874 nuno
1246 2799 1426 2874 subtiliter

203 2913 419 2989 iudicandus
436 2923 490 2989 est
514 2925 648 3012 quanto
673 2915 895 3012 postmodum
920 2912 1133 2988 iudicandus
1158 2937 1229 2988 non
1246 2921 1310 2987 est.
1328 2911 1426 2986 Idem

201 3029 245 3102 ad
257 3029 415 3104 eosdem.
431 3029 505 3102 Nos
521 3027 558 3100 in
576 3025 718 3102 homine
735 3027 797 3125 qui
815 3050 885 3101 non
903 3026 1127 3103 acatholicis
1145 3026 1306 3122 eligitur,
1325 3023 1427 3098 nulla

201 3143 402 3241 praebemus
420 3140 555 3216 ratione
567 3164 792 3229 consensum,
809 3165 877 3216 uec
894 3141 925 3213 si
949 3140 1104 3214 alieuius
1126 3138 1355 3238 usurpatione
1376 3137 1427 3212 fa·

200 3267 300 3332 otum
315 3246 435 3344 fuerit,
448 3255 485 3328 in
499 3254 616 3329 locum
631 3253 689 3328 vel
703 3254 862 3329 ordinem
876 3254 979 3328 illum
993 3253 1186 3329 sacerdotis
1199 3253 1423 3351 suscipimus.

199 3368 481 3445 Idem'Mairimo
507 3367 723 3442 Salonitauo.
749 3371 821 3442 Nos
847 3359 1149 3443 consecrationem
1168 3366 1286 3442 dicere
1311 3365 1425 3440 nullo

200 3483 301 3556 modo
326 3507 514 3581 possumus
531 3505 610 3580 quae
634 3481 679 3556 ab
696 3481 1014 3556 excommunicatis
1039 3479 1243 3554 hominibus
1265 3489 1319 3554 est
1336 3479 1425 3554 cale-

199 3591 311 3670 brata.
330 3598 427 3670 -Item
445 3595 644 3690 Gregorius
661 3595 731 3684 Vll
748 3593 786 3667 in
805 3597 838 3664 V
857 3592 947 3666 libro
964 3593 1020 3666 sui
1048 3591 1204 3690 registri.
1226 3590 1425 3666 Ordinatio-
1533 3611 1540 3621 ·

197 3733 262 3782 nos
282 3731 407 3782 eorum
431 3710 494 3805 qui
519 3706 563 3781 ab
580 3705 898 3781 excommunicatis
916 3715 1002 3780 sunt
1026 3703 1191 3793 ordinati,
1216 3713 1422 3780 sanctorum

198 3831 341 3918 patrum
360 3828 548 3918 sequentes
565 3818 723 3915 vestigia
740 3818 863 3893 irritas
880 3843 957 3894 esse
975 3841 1172 3895 censemus.
1211 3886 1214 3891 .

762 4043 857 4129 OLX.

293 4275 494 4370 Gregorius
513 4271 693 4347 Antonino
711 4269 941 4344 Subdiaoono.
968 4273 1170 4346 Honoratus
1193 4269 1421 4345 Archidiaco-

197 4413 265 4462 nus
286 4387 459 4463 Ecclesiae
487 4385 703 4461 Salonitanae
729 4409 749 4456 a
776 4392 909 4458 sanotae
935 4383 1113 4458 memoriae
1137 4383 1319 4458 decessore
1346 4405 1422 4457 rnoo

198 4502 304 4577 missa
317 4501 575 4600 supplicatione
588 4506 803 4598 poposcerat,
815 4508 857 4573 ut
869 4497 913 4574 ab
923 4497 1101 4574 Antistite
1114 4520 1178 4573 suo
1192 4497 1330 4572 invitus
1343 4519 1421 4594 pro·
