3582 5288
713 390 909 454 -163-

197 511 337 598 Quibus
353 511 505 612 receptis
522 511 684 588 Liberius
701 511 994 604 communicavit,
1010 511 1244 610 scribensque·
1258 510 1420 588 Orienta-

197 622 291 700 libus
308 623 553 703 testimonium
571 624 644 701 illis
661 625 843 724 perhibuit
859 625 1080 702 orthodoxiae.

702 829 919 914 ccxxxiii„

723 1034 762 1086 In
775 1033 899 1088 eadem.

293 1195 420 1270 Mundi
437 1218 531 1270 anno
556 1197 609 1270 Vl
626 1195 714 1269 XX⁰
740 1198 862 1272 VIIII⁰
887 1196 1019 1272 divium
1043 1195 1301 1274 incarnationis
1324 1221 1419 1273 anno

198 1313 409 1386 DXXVIIlI
423 1310 559 1386 decimo
577 1309 771 1385 Iustiniani
784 1309 936 1408 imperii.
951 1309 1131 1408 Agapitus
1144 1307 1325 1386 Romanus
1338 1311 1420 1410 Epi·

193 1448 319 1523 scopus
332 1425 528 1502 ascendens
541 1423 882 1524 Constantinopolim
896 1425 1074 1524 synodum
1087 1424 1283 1502 celebravit
1295 1433 1419 1501 contra

197 1538 770 1640 impiumSeverumetIulianum
780 1537 1420 1630 Alioarnasensem,etcaetcrosTheo

197 1654 388 1752 paschitas.
396 1657 496 1730 Inter
505 1677 593 1752 quos
606 1661 642 1730 et
651 1652 848 1728 Anthimus
860 1661 902 1728 ut
914 1661 1175 1728 consentaneus
1187 1676 1310 1729 eorum
1319 1653 1420 1752 depo

197 1768 301 1860 situs,
313 1794 335 1843 a
347 1768 475 1844 throno
487 1768 663 1866 proiectus
676 1776 741 1858 est,
754 1791 836 1843 oum
851 1765 1103 1865 Episcopatum
1116 1765 1292 1842 tenuisset
1308 1766 1419 1863 regiae

196 1882 295 1958 urbis
310 1883 495 1959 mensibus
507 1885 552 1958 X.
569 1885 616 1956 Et
628 1891 856 1958 consecratus
869 1889 999 1978 est·pro
1010 1903 1051 1956 eo
1068 1883 1219 1956 Mennas
1231 1879 1419 1979 presbyter

194 2003 230 2068 et
253 1993 490 2076 Xenodochus
508 1998 621 2068 Senso
638 1991 683 2068 ab
706 1993 863 2092 Agapito,
879 1995 975 2092 Papa
992 1996 1158 2070 Romano.
1184 1995 1294 2068 Porro
1321 1997 1417 2088 Aga-

195 2107 291 2205 pitus
307 2107 478 2183 dormivit
495 2107 542 2182 ibi
560 2117 596 2182 et
612 2106 787 2183 successit
803 2106 836 2180 ei
856 2106 1043 2181 Silverius.

691 2333 923 2421 Gdllllllllll.

289 2569 395 2638 Anno
406 2564 479 2638 XX
492 2561 631 2661 imperii
648 2561 842 2637 Iustiniani
860 2571 964 2662 capta
980 2570 1034 2637 est
1052 2564 1162 2638 Roma
1178 2587 1200 2635 a
1225 2561 1364 2654 Gothis,
1380 2570 1416 2640 et

194 2679 291 2774 Papa
309 2676 472 2773 Vigilius
492 2677 591 2752 venit
608 2674 964 2773 constantinopolim,
981 2683 1018 2751 et
1041 2683 1229 2774 susceptus
1242 2677 1288 2752 ab
1303 2680 1418 2774 Impe-

195 2800 312 2866 ratore
329 2815 411 2866 oum
430 2791 571 2888 ingenti
588 2790 730 2880 honore,
749 2788 1015 2888 repromittebat
1026 2787 1145 2866 faeere
1158 2789 1333 2867 unitatem
1351 2793 1418 2866 Eo-

193 2905 312 2982 clesim
336 2905 531 2982 Catholicae
547 2914 584 2982 et
603 2903 907 2982 anathematizare
929 2906 994 2978 ΙΙΙ·
1014 2904 1182 3003 capitula.
1199 2905 1340 3004 Quique
1356 2929 1418 2981 ex·

192 3019 552 3100 communicationem
569 3022 639 3094 IIII
656 3017 834 3095 mensium
851 3017 947 3096 dedit
964 3021 1106 3094 Mennae
1123 3019 1417 3118 Constantinopo·

192 3135 305 3210 litano
323 3135 494 3233 Episcopo
511 3135 549 3209 in
568 3133 830 3232 Epithymium.
847 3130 1064 3229 Indignatus
1080 3141 1203 3208 autem
1219 3135 1414 3232 Imperator

193 3258 317 3324 eontra
335 3247 516 3344 Vigilium
541 3256 682 3347 propter
699 3245 962 3346 Epythimium
979 3246 1117 3344 etquis
1142 3246 1327 3324 differebat
1350 3247 1416 3322 im-

194 3363 291 3459 plere
308 3386 388 3460 quae
412 3361 629 3437 videbantur
653 3385 760 3459 super
785 3359 959 3438 unitatem
986 3361 1234 3452 ecclesiarum,
1259 3360 1357 3436 misit
1374 3370 1416 3436 ut

192 3475 561 3573 comprehenderetur.
586 3475 655 3562 Qui
674 3483 839 3549 metuens
856 3474 1028 3572 impeturn
1049 3474 1288 3572 Imperatoris,
1308 3474 1354 3549 ad
1365 3475 1416 3550 al·

192 3599 269 3666 tare
287 3589 396 3686 Sergi
422 3589 597 3687 Martyris
615 3587 821 3663 monasterii
847 3587 1034 3662 Hormisde
1059 3587 1234 3688 confugit.
1249 3589 1297 3664 Et
1321 3588 1415 3665 idem

195 3711 333 3779 tractus
349 3702 469 3778 tenuit
486 3702 672 3777 columnas
688 3711 870 3801 portantes
887 3700 1012 3776 Altare
1030 3710 1066 3778 et
1082 3701 1147 3777 has
1164 3703 1305 3794 everrit,
1330 3728 1414 3780 cum

193 3827 287 3893 esset
302 3825 341 3892 ot
364 3839 507 3914 corpore
532 3817 691 3913 grandis.
708 3819 904 3914 Imperator
928 3824 1048 3890 autem
1064 3817 1259 3913 penitentia
1284 3817 1415 3894 duetus

193 3930 352 4029 suscepit
368 3933 500 4028 Papam
519 3929 711 4026 Vigilium.
729 3929 798 4018 Qui
825 3937 1011 4025 rogatusa
1036 3929 1217 4007 Theodora
1234 3935 1415 4028 Augusta,

193 4045 351 4142 suscepit
367 4045 537 4119 Mennam
554 4042 801 4118 Patriarcham
821 4044 1254 4143 constantinopolitanum
1266 4046 1305 4120 in
1317 4045 1415 4121 lesti-

193 4157 306 4232 vitate
324 4155 584 4254 Apostolorum.
600 4159 647 4231 Et
659 4155 764 4254 paulo
779 4167 865 4254 post.
877 4158 1044 4233 Ianuario
1056 4182 1140 4234 vero
1154 4183 1321 4235 mensese
1333 4183 1415 4258 sup

194 4269 346 4370 positum
361 4279 415 4346 est
427 4293 556 4345 nomen
569 4272 711 4346 Menum
728 4271 949 4348 Patriarohae
966 4272 1362 4372 Constantinopolitani,
1378 4283 1414 4350 et

193 4385 421 4483 prepositum
434 4393 488 4459 est
500 4406 629 4460 nomen
641 4383 773 4480 Vigilii
787 4384 994 4483 praecellens
1006 4386 1043 4461 in
1057 4385 1236 4484 diptichis.
1250 4389 1296 4462 Et
1308 4386 1413 4462 infra.

195 4504 299 4574 Anno
315 4496 459 4596 Imperii
477 4497 669 4574 Iustiniani
687 4500 814 4573 XXVI
831 4497 927 4574 facta
944 4507 998 4573 est
1011 4507 1136 4575 sancta
1147 4507 1184 4573 et
1196 4497 1414 4577 universalis
