3646 5292
749 413 946 480 -251-

772 630 922 715 XXIIII.

452 837 489 886 In
507 835 686 889 canonibus
704 835 933 902 Apostolorum
951 849 1022 904 cap.
1043 839 1237 893 XXXVIIII.

331 1007 412 1081 Non
428 1006 535 1082 li0eat
551 1006 713 1106 episcopo
731 1007 939 1106 parentibus
964 1006 1041 1085 suis
1066 1035 1146 1109 quae
1171 1011 1237 1086 Dei
1261 1021 1348 1089 sunt
1365 1012 1458 1090 dare.

236 1119 384 1206 Quodsi
402 1145 574 1219 pauperes
587 1130 683 1212 sunt,
696 1129 879 1220 tamquam
897 1123 1113 1223 pauperibus
1130 1125 1182 1202 eis
1200 1125 1459 1219 subministret,

235 1255 280 1308 ne
296 1255 418 1308 eorum
437 1235 621 1312 occasione
638 1234 789 1314 ecclesia
806 1235 1037 1335 depraedetur.

794 1443 899 1530 xiv.

553 1641 603 1694 Ex
621 1641 753 1695 concilio
773 1640 953 1706 agathensi
972 1653 1044 1709 cap.
1064 1645 1137 1696 1111.

330 1798 464 1876 Clerici
480 1801 589 1878 etiam
607 1802 666 1879 vel
682 1803 885 1895 saeculares,
903 1805 966 1903 qui
982 1804 1176 1882 oblationes
1190 1814 1378 1907 parentum
1391 1817 1456 1884 aut

234 1913 383 1989 donatas
397 1924 463 1992 aut
474 1925 688 1993 testamento
702 1917 845 1993 relictas
859 1917 1013 1995 retinere
1025 1921 1328 2019 praesumpserint,
1339 1931 1404 1997 aut
1416 1922 1452 1997 id

234 2027 326 2125 quod
342 2027 411 2126 ipsi
428 2029 640 2107 donaverint
652 2031 826 2108 aecclesiis
839 2031 900 2108 vel
919 2035 1144 2110 monasteriis
1157 2035 1381 2128 crediderint,
1394 2047 1459 2113 aut

235 2141 435 2235 ferendum,
448 2145 544 2221 sicut
555 2155 681 2222 sancta
693 2145 882 2222 constituit
894 2146 1054 2245 synodus
1066 2147 1168 2224 velut
1180 2157 1362 2235 necatores
1373 2173 1459 2249 pau·

239 2278 363 2352 perum
382 2280 565 2357 quousque
582 2259 731 2336 reddant
747 2259 792 2335 ab
809 2259 971 2336 ecclesiis
989 2259 1236 2338 excludantur.

779 2459 907 2546 XXVI.

554 2665 604 2716 Ex
622 2665 757 2718 concilio
777 2667 929 2721 Icasense
949 2677 1021 2732 cap.
1041 2669 1128 2721 XXI.
1225 2635 1227 2638 ι

331 2823 401 2911 Qui
419 2823 612 2902 oblationes
630 2827 878 2904 defunctorum
896 2829 1063 2922 retinent,
1079 2840 1115 2907 et
1131 2833 1293 2908 ecclesiis
1316 2835 1455 2910 tradere

237 2945 432 3029 morantur,
450 2948 492 3014 ut
508 2939 679 3038 sacrilegi
695 2939 739 3016 ab
756 2941 918 3018 aecclesia
932 2953 1018 3020 sunt
1030 2945 1216 3038 obiciendi,
1229 2947 1332 3046 quasi
1348 2972 1456 3044 egen·

237 3049 330 3125 tium
348 3061 564 3144 neacatores,
581 3077 647 3129 neo
664 3054 849 3131 credentes
866 3055 999 3134 iudicio
1016 3060 1092 3136 Dei.

747 3290 751 3307 “
770 3257 916 3344 XXVII.

364 3471 402 3522 In
420 3470 554 3524 concilio
572 3470 760 3538 maguntino
780 3471 832 3524 oui
849 3469 983 3539 praefuit
999 3476 1165 3530 Romanus
1183 3475 1327 3542 negatus

481 3559 659 3615 Bonifatius
677 3562 799 3626 martyr
815 3562 850 3614 et
867 3561 1042 3630 episcopus
1061 3575 1134 3630 cap.
1153 3566 1210 3618 xi.

307 3730 478 3807 Ecclesia
494 3731 694 3830 antiquitus
710 3732 925 3825 constitutae,
941 3757 1009 3810 nec
1025 3734 1185 3826 decimis,
1202 3760 1270 3812 nec
1287 3735 1370 3810 aliis
1382 3759 1458 3836 pos·

233 3844 450 3921 sessionibus
463 3868 525 3944 prc
537 3846 640 3920 novis
653 3845 815 3921 oratoriis
828 3847 906 3922 sine
920 3871 1097 3926 consensu
1109 3847 1301 3948 episcopali
1313 3848 1456 3949 priven-

235 3968 305 4034 tur.
322 3962 411 4034 Item
429 3959 468 4032 in
485 3959 616 4035 eodem.
629 3962 680 4036 Ut
692 3959 889 4035 terminum
907 3959 1035 4040 habeat
1053 3987 1276 4063 unaquaeque
1293 3963 1456 4039 aecclesia

234 4075 277 4151 de
294 4074 424 4174 quibus
436 4074 523 4150 locis
536 4073 692 4150 decimas
708 4073 871 4172 accipiat.
884 4075 1110 4177 Quicumque
1123 4100 1207 4154 vero
1223 4076 1379 4152 voluerit
1391 4101 1458 4152 aec·

236 4189 382 4266 alesiam
400 4189 528 4280 facere,
546 4213 629 4265 cum
648 4211 824 4265 consensu
842 4189 998 4288 episcopi
1015 4189 1136 4283 faciat,
1152 4189 1257 4268 cuius
1270 4188 1458 4288 parrochia

234 4303 354 4379 fuerit.
372 4307 632 4379 Verumtamen
650 4307 792 4378 omnino
810 4301 1066 4401 providendum
1080 4315 1145 4397 est,
1159 4313 1200 4381 ut
1213 4303 1383 4382 aecclesiae
1395 4329 1457 4377 an·

234 4417 403 4516 tiquiores
421 4427 562 4516 propter
575 4417 668 4494 hanc
681 4417 903 4494 occasionem
916 4441 1019 4491 suam
1033 4417 1208 4493 iustitiam
1222 4427 1285 4492 aut
1298 4417 1454 4493 decimas

234 4553 305 4605 non
322 4531 481 4629 perdant,
495 4531 555 4608 sed
574 4556 712 4636 semper
730 4530 993 4634 antiquioribus
1010 4532 1181 4610 aecclesiis
1198 4529 1457 4632 persolvantur.
