3582 5288
886 383 1084 446 -140-

377 525 494 578 manae
511 499 683 578 Ecclesiae
700 501 878 578 dixerunt.
895 501 999 577 Sicut
1016 501 1205 598 Vulgariae
1221 499 1322 577 nobis
1339 500 1480 576 diverso
1499 501 1602 576 modo

374 617 595 692 ordinatione
613 615 791 713 pertinere
808 615 968 691 dicentes
985 615 1212 690 mendacium
1236 637 1307 690 non
1332 613 1525 712 loquimur,
1548 615 1601 688 ita

373 731 549 805 nimirum
567 729 716 804 eandem
734 728 952 826 Vulgariam
971 753 1015 804 ex
1032 731 1240 803 Graecorum
1257 751 1370 823 regno
1394 726 1505 801 fuisse
1529 750 1601 801 non

375 867 562 941 negamus,
579 843 649 918 Sed
666 852 702 918 et
718 841 818 918 aliud
834 843 1000 917 ordinant
1017 843 1097 916 iura
1115 841 1265 930 sedium,
1278 840 1378 914 aliud
1395 839 1602 937 partiuntur

373 958 569 1032 divisiones
586 981 791 1055 regnorum.
807 961 881 1032 Nos
898 957 941 1032 de
958 956 1132 1030 diuisione
1149 978 1342 1052 regnorum
1357 977 1427 1027 non
1443 953 1602 1050 agimus,

374 1072 434 1147 sed
460 1071 502 1145 de
533 1072 611 1148 iure
637 1072 774 1147 sedium
799 1071 990 1168 loquimur.
1015 1069 1155 1144 Vicarii
1185 1066 1477 1143 Patriarcharum
1506 1067 1603 1142 dixe-

377 1194 472 1260 runt.
490 1185 585 1260 Illud
602 1187 694 1284 quod
712 1185 812 1260 vobis
829 1185 970 1260 diverso
987 1183 1088 1257 modo
1114 1181 1331 1277 Vulgariam
1349 1181 1527 1278 pertinere
1551 1181 1603 1254 di·

375 1301 470 1390 citis,
490 1299 648 1375 ediscere
674 1299 852 1374 volumus.
877 1296 1004 1395 Legati
1029 1299 1197 1370 Romanae
1222 1293 1393 1368 Ecclesiae
1417 1293 1601 1392 responde·

376 1423 471 1489 runt.
489 1413 598 1490 Sedes
616 1413 820 1512 Apostolica
838 1414 939 1486 iuxta
956 1409 1049 1510 quod
1062 1407 1302 1486 decretalibus
1314 1415 1520 1483 sanctorum
1537 1409 1603 1483 Ro

374 1551 562 1602 manorum
588 1525 789 1601 Praesulum
815 1526 934 1600 doceri
951 1524 1122 1623 poteritis,
1146 1531 1337 1619 utramque
1360 1525 1524 1619 Epyrum
1541 1543 1602 1595 no-

373 1668 457 1716 vam
475 1641 645 1718 videlicet
663 1653 698 1717 et
717 1649 875 1714 veterem
892 1649 1075 1736 totamque
1092 1635 1313 1711 Thessaliam
1339 1645 1446 1733 etque
1470 1634 1602 1709 Darda-

375 1757 472 1830 niam
492 1755 530 1830 in
549 1779 618 1852 qna
636 1765 672 1830 et
690 1755 856 1829 Dardana
875 1754 1006 1828 civitas
1022 1753 1124 1828 hodie
1142 1761 1372 1841 monstratur,
1385 1750 1490 1824 cuius
1502 1775 1601 1826 nunc

376 1871 528 1968 patriam
546 1868 591 1942 ab
603 1867 660 1942 his
673 1868 849 1964 Vulgaris
863 1866 1043 1963 Vulgaria
1057 1867 1201 1956 dicitur,
1213 1864 1413 1962 antiquitus
1430 1864 1601 1939 canonice

375 1982 564 2072 ordinavit,
582 1981 749 2070 obtinuit,
767 2005 809 2056 ac
826 2005 889 2078 per
906 1981 971 2055 hoc
987 1981 1245 2056 ordinationem
1263 2002 1371 2076 quam
1388 1987 1478 2053 tuno
1493 2001 1602 2076 paga-

375 2117 502 2169 norum
512 2094 720 2190 Vulgarum
735 2095 932 2191 irruptione
946 2096 1126 2184 omiserat,
1135 2119 1233 2169 nunc
1245 2119 1266 2166 a
1280 2093 1601 2190 Constantinopoli·

372 2218 457 2284 tana
468 2208 631 2284 Ecclesia
641 2209 741 2283 modo
750 2208 1073 2304 fingiturabstulit,
1081 2209 1141 2283 sed
1149 2207 1194 2281 ab
1202 2207 1260 2282 his
1269 2206 1375 2281 sactis
1385 2205 1601 2281 Christianis

374 2323 528 2419 reoaepit.
547 2322 710 2396 Secundo
723 2321 823 2396 modo
837 2321 921 2420 quia
940 2322 1123 2419 Vulgares
1140 2322 1203 2421 qui
1217 2322 1254 2395 in
1268 2346 1306 2396 re
1318 2319 1448 2418 gentili
1461 2319 1530 2394 sibi
1542 2345 1602 2418 pa·

371 2437 479 2509 triam
493 2434 741 2531 subiugantes‚
752 2459 835 2510 ecce
848 2459 910 2532 per
923 2445 1009 2534 quot
1022 2457 1134 2512 annos
1149 2435 1305 2509 retinent
1316 2432 1408 2531 quod
1421 2443 1600 2530 ceperant,

375 2549 436 2624 sed
454 2547 666 2646 Apostolicae
675 2557 788 2624 semet
797 2550 996 2647 patrocinio
1005 2548 1289 2645 ordinationique
1299 2546 1500 2645 specialiter
1508 2569 1601 2621 com-

373 2663 557 2739 mittentes
574 2663 675 2737 nobis
691 2662 795 2738 debet
811 2687 879 2738 nec
896 2664 1076 2739 immerito
1093 2661 1234 2750 subiici,
1252 2683 1339 2759 quos
1356 2660 1519 2736 ultronea
1540 2684 1600 2735 vo-

371 2777 509 2852 luntate
528 2778 721 2874 magistros
739 2777 859 2873 elegit.
878 2779 997 2852 Tertio
1014 2776 1115 2850 modo
1140 2775 1224 2873 quia
1249 2774 1388 2850 eosdem
1414 2774 1597 2872 Vulgares

371 2903 495 2966 sancta
521 2891 628 2967 Sedes
655 2891 858 2989 Apostolica
884 2893 986 2966 iussu
1010 2888 1188 2986 quondam
1214 2887 1434 2963 sanctissimi
1455 2888 1597 2965 Nicolai

372 3007 478 3102 Papae
494 3014 568 3078 tam
587 3029 649 3102 per
666 3003 802 3101 aliquot
819 3015 981 3080 nostrum
1000 3005 1063 3102 qui
1079 3003 1140 3078 hic
1158 3029 1285 3077 sumus
1301 3013 1338 3078 et
1362 3003 1438 3079 illic
1462 3005 1596 3081 multas

370 3119 539 3194 ecclesias
557 3119 763 3192 dedicantes
775 3118 975 3194 sacerdotes
992 3119 1209 3207 creavimus
1227 3143 1335 3216 quam
1353 3143 1414 3215 per
1431 3118 1597 3210 Paulum,

370 3233 611 3320 Dominicum
628 3231 847 3328 Leopardum
865 3256 908 3306 ac
925 3235 1132 3306 Formosum
1150 3231 1373 3306 venerabiles
1397 3232 1598 3332 Episcopos,

371 3347 432 3421 sed
449 3355 486 3422 et
503 3344 729 3420 Grimeldum
748 3345 1004 3442 Coepiscopum
1022 3355 1197 3433 nostrum,
1214 3369 1321 3443 quern
1338 3344 1514 3420 hactenns
1537 3345 1597 3422 isti

370 3461 554 3557 Vulgares
571 3485 655 3535 oum
675 3459 800 3534 multis
817 3458 1057 3536 sacerdotibus
1070 3459 1201 3534 nostris
1215 3459 1253 3531 in
1267 3469 1460 3556 conspectu
1477 3468 1598 3535 nostro

369 3575 521 3651 confessi
539 3583 636 3661 sunt,
653 3599 674 3647 a
691 3572 844 3648 diversis
861 3571 1040 3649 erroribus
1058 3571 1102 3646 ad
1119 3568 1344 3647 Catholicam
1362 3571 1468 3647 fidem
1483 3571 1597 3648 multo

370 3689 497 3765 sudore
515 3688 651 3766 Christi
668 3689 789 3784 gratia
806 3688 958 3786 perduoe
975 3686 1196 3762 transferens
1216 3709 1300 3761 ecce
1316 3685 1413 3760 ultra
1429 3687 1597 3763 triennis

370 3805 471 3877 nium
490 3804 619 3893 tenuit,
636 3811 745 3892 tenet,
770 3804 988 3892 ordinatae
1012 3800 1177 3899 disponit.
1202 3801 1353 3900 Ideoque
1378 3824 1597 3899 consequens

371 3941 441 3993 non
454 3927 519 4006 est,
532 3927 574 3991 ut
588 3917 666 3992 sine
683 3917 903 3993 conscientia
923 3916 1072 3990 Romani
1090 3915 1276 3989 Pontificis
1292 3915 1455 3990 Ecclesia
1471 3919 1597 3990 Rome·

371 4057 418 4105 na
434 4032 477 4106 de
494 4031 624 4130 quibus
641 4030 915 4128 presentialiter
932 4030 1064 4103 vestita
1081 4029 1242 4104 cernitur
1259 4029 1439 4126 spolietur.
1456 4029 1595 4103 Vicani

370 4143 664 4220 Patriarcherum
683 4143 949 4242 responderunt.
970 4143 1023 4217 Ad
1042 4167 1148 4240 quem
1166 4144 1317 4217 istorum
1339 4143 1521 4217 modorum
1546 4143 1596 4217 di·

369 4267 530 4355 coeptare
550 4258 683 4347 velitis
707 4257 844 4332 edicite.
869 4257 996 4354 Legati
1022 4259 1190 4331 Romenae
1214 4255 1388 4330 Ecclesiae
1413 4255 1596 4353 responde·

370 4382 466 4447 runt.
487 4376 619 4448 Sancta
637 4373 745 4449 Sedes
763 4371 968 4470 Apostolica
985 4395 1049 4446 vos
1066 4372 1151 4470 quia
1168 4396 1295 4447 revera
1311 4371 1497 4445 inferiores
1510 4371 1595 4446 estis

371 4510 478 4586 super
496 4511 606 4563 causa
623 4513 689 4564 sua
706 4485 844 4564 iudices
861 4509 930 4561 non
948 4485 1060 4584 elegit
1077 4509 1144 4561 nec
1161 4509 1223 4584 per
1241 4507 1305 4560 nos
1322 4484 1445 4580 eliget,
1461 4493 1504 4558 ut
1516 4493 1594 4582 pote
