3582 5288
857 365 1096 465 '-ras-

386 517 662 617 ehiepiscopum,
679 519 739 594 vel
755 519 834 594 eius
851 519 1010 594 Clericus
1031 517 1209 592 nuntiata.
1236 519 1306 592 Pro
1330 517 1460 616 quibus
1484 518 1607 616 exqui-

344 676 347 686 ·
386 633 515 721 randis,
539 643 646 730 atque
670 633 843 708 canonica
860 632 1082 717 discretione
1112 631 1150 705 in
1179 631 1248 706 bac
1273 635 1431 706 Romana
1457 631 1606 706 civitate

387 747 616 837 ventilandis,
632 771 701 821 non
720 748 834 822 solum
859 747 1039 846 prophatae
1064 748 1224 823 civitatis
1241 748 1455 846 Episcopum
1476 747 1606 822 emissa

385 861 619 957 perceptione,
648 861 844 936 sedetiam
874 862 953 936 eius
983 861 1133 936 clericos
1159 861 1357 959 dequibus
1386 860 1605 936 referebatur

386 974 506 1072 aliqua
524 975 756 1066 commisisse,
773 976 1002 1078 praecipimus
1018 999 1176 1051 evocare.
1201 979 1248 1049 Et
1272 975 1357 1073 quia
1380 985 1463 1050 ante
1487 977 1606 1050 faetus

386 1088 529 1185 quidem
547 1089 745 1187 Episcopus
762 1091 960 1166 secundum
978 1090 1071 1188 quod
1083 1091 1149 1164 Dei
1166 1089 1305 1164 iussum
1322 1089 1441 1164 fuerat
1458 1090 1495 1162 in
1513 1089 1607 1162 hanc

387 1201 573 1276 civitatem
584 1203 708 1278 venire
722 1203 947 1292 curavimus
956 1227 1039 1278 vero
1052 1203 1176 1279 clerici
1185 1204 1324 1302 proprio
1337 1211 1437 1279 reatu
1451 1201 1608 1279 convicti

387 1314 511 1390 venire
529 1316 708 1405 timentes,
721 1317 793 1390 visi
805 1327 891 1391 sunt
904 1343 925 1390 a
937 1342 1040 1392 sacra
1053 1317 1302 1394 communione
1314 1317 1461 1411 privari,
1473 1325 1509 1391 et
1524 1341 1609 1389 ana-

386 1427 556 1503 thematis
573 1429 720 1518 vinoulo
737 1431 909 1505 innodari.
926 1435 973 1505 Et
997 1441 1075 1528 post
1099 1431 1166 1507 hoc
1191 1430 1300 1504 misso
1317 1430 1470 1504 Barbato
1490 1429 1608 1504 defen-

387 1565 475 1632 sore,
493 1544 695 1640 regionario
712 1556 847 1620 sanctae
863 1542 992 1620 nostrae
1010 1544 1179 1620 Ecclesiae
1196 1545 1242 1619 ad
1258 1544 1405 1619 eandem
1419 1543 1604 1618 civitatem

386 1656 641 1748 Calaritanam,
659 1669 700 1733 nt
716 1661 902 1757 praedictos
919 1659 1078 1735 Clericos
1094 1657 1274 1732 debuisset
1286 1655 1470 1744 deducere,
1482 1663 1604 1729 actum

386 1777 440 1843 est
457 1779 499 1843 ut
515 1770 718 1846 Theodorus
735 1773 880 1870 quidam
898 1794 1090 1870 pervorsus
1107 1769 1267 1842 eiusdem
1291 1767 1465 1842 Sardiniae
1490 1765 1605 1840 diabo

385 1879 457 1954 lica
473 1881 668 1959 intentione
684 1895 860 1982 arreptus,
877 1885 1002 1960 venire
1018 1906 1076 1958 eos
1093 1883 1165 1957 iarn
1183 1883 1269 1956 navi
1291 1883 1473 1980 impositos
1490 1881 1606 1979 prohi-

385 1993 474 2084 buit,
490 2003 526 2070 et
542 1996 717 2072 violenter
734 1997 869 2073 ablatos
886 1999 925 2072 in
942 1997 1151 2072 Africanam
1166 1995 1387 2094 provinciam
1400 1993 1602 2070 destinavit.

386 2108 603 2205 Scripsimus
622 2111 743 2210 itaque
760 2111 833 2186 filio
850 2122 969 2186 nostro
987 2111 1141 2207 Georgio
1159 2109 1342 2198 Praefecto
1359 2108 1431 2182 tale
1449 2117 1606 2182 tantum·

323 2275 325 2280 ,
385 2222 613 2318 que-facinus
626 2223 802 2299 Theodoro
815 2224 973 2303 eiusdem
987 2223 1114 2299 insulae
1127 2223 1268 2322 praesidi
1281 2221 1402 2297 iubere
1415 2222 1607 2317 corrigere,

385 2343 421 2409 et
437 2335 534 2432 ipsas
551 2359 718 2433 personas
734 2347 864 2412 nostrae
881 2338 1095 2413 iurisditioni
1114 2337 1323 2436 suppositas,
1336 2335 1437 2411 nobis
1454 2337 1492 2410 in
1509 2335 1604 2410 hanc

386 2447 572 2524 civitatem
592 2451 787 2524 Romanam
801 2451 967 2548 dirigere.
980 2454 1169 2549 Propterea
1180 2449 1399 2548 experientia
1412 2460 1476 2523 tua
1489 2450 1603 2524 eidem

385 2561 667 2636 eminentissimo
684 2563 849 2660 praefecto
866 2563 1126 2638 imminendum
1140 2564 1354 2662 deproperet,
1368 2573 1409 2637 ut
1421 2562 1514 2637 tanti
1532 2561 1604 2633 viri

384 2675 526 2750 facinus
543 2675 792 2752 ulciscendum
818 2679 969 2767 studeat,
990 2685 1026 2752 et
1050 2701 1111 2773 eas
1135 2677 1235 2751 nobis
1261 2701 1427 2774 personas
1452 2674 1604 2770 dirigire

384 2812 454 2862 non
471 2790 620 2864 omittat.
638 2790 764 2866 Sciens
781 2793 953 2891 quianon
970 2788 1085 2864 solum
1107 2787 1145 2862 hi
1170 2787 1232 2887 qui
1258 2788 1409 2863 crimine
1437 2797 1606 2862 tenentur

383 2899 551 2974 obnoxiia
564 2925 665 2976 sacra
678 2912 764 2977 sunt
776 2904 1025 2979 communione
1037 2903 1181 3001 privati,
1193 2913 1229 2979 et
1241 2903 1481 2978 anathematis
1494 2927 1605 3002 poena

385 3011 543 3102 multati,
562 3015 749 3090 sedetiam
768 3015 805 3088 hi
823 3013 884 3114 qui
902 3043 986 3092 cum
1009 3017 1061 3091 eis
1077 3016 1247 3091 videntur
1267 3016 1461 3092 coniuncti.
1483 3019 1609 3092 Exem-

383 3123 462 3220 plar
486 3151 573 3201 vero
602 3153 713 3202 saerae
738 3130 913 3204 Theodori
939 3141 976 3206 et
1001 3130 1250 3204 Valentiniani
1275 3141 1346 3204 tuae
1376 3129 1604 3227 experientia

385 3237 597 3312 curavimus
615 3239 876 3332 destinandum,
889 3254 925 3318 et
941 3243 1057 3319 eidem
1069 3245 1352 3320 eminentissimo
1365 3245 1531 3342 praefecto
1545 3269 1604 3342 per

383 3359 484 3424 tuam
502 3353 760 3448 experientiam
777 3355 1019 3452 dirigendum,
1036 3359 1141 3432 cuius
1157 3358 1265 3433 series
1290 3382 1360 3432 non
1385 3357 1501 3432 solum
1522 3358 1601 3432 eius

384 3465 616 3542 eminentiam
630 3493 757 3545 verum
772 3470 880 3545 etiam
897 3495 1020 3547 omnes
1036 3471 1250 3569 omninoqui
1264 3495 1285 3544 a
1298 3470 1390 3546 sedis
1403 3469 1605 3570 apostolica

384 3577 516 3653 ditione
532 3580 728 3657 exorbitare
740 3584 962 3658 contendunt
973 3583 1209 3658 nihilominus
1222 3583 1426 3673 informare,
1439 3583 1607 3680 quemad·

384 3691 528 3766 modum
554 3695 780 3770 serenissimi
802 3697 982 3796 principes
1002 3696 1178 3774 hactenus
1198 3723 1320 3774 omnes
1345 3697 1609 3773 innovaverunt

385 3814 516 3878 cuneta
526 3806 719 3904 privilegia
734 3809 834 3884 Sedis
844 3809 1067 3907 Apostolicae,
1076 3821 1112 3886 et
1125 3811 1297 3910 quoeolim
1307 3811 1422 3887 eidem
1435 3822 1521 3886 sunt
1530 3835 1610 3886 eon-

386 3939 486 3990 cessa
503 3917 581 4014 ipsa
598 3917 749 3996 lectione
766 3922 895 4019 poterit
911 3923 1108 4022 approbari.
1124 3927 1218 4000 Nam
1234 3925 1277 4001 de
1296 3923 1439 3999 Domini
1457 3924 1523 4000 Dei
1549 3947 1607 3998 no

382 4029 449 4102 stri
476 4029 718 4108 misericordia
741 4036 962 4127 confidimus,
988 4037 1080 4135 quod
1104 4037 1185 4112 iura
1208 4038 1267 4114 vel
1292 4037 1485 4135 privilegia
1511 4038 1606 4114 beati

382 4142 481 4216 Petri
503 4145 710 4221 curabimus
730 4160 906 4247 expetere,
930 4161 1039 4249 atque
1060 4149 1269 4226 inmutilata
1294 4151 1491 4226 intentione
1516 4175 1610 4250 quae

383 4253 452 4328 sita
468 4265 576 4354 atque
593 4257 755 4357 impetita
772 4261 970 4338 defendere.
988 4267 1065 4338 Tua
1090 4289 1177 4362 ergo
1201 4263 1420 4364 experientia
1444 4266 1604 4342 eiusdem

383 4389 483 4442 sacre
513 4379 634 4445 tenore
651 4375 839 4448 attentius
864 4375 1056 4472 relegendo
1085 4377 1253 4468 suffulta,
1281 4399 1352 4452 non
1379 4378 1496 4454 solnm
1523 4377 1607 4453 emi-

387 4481 601 4558 nentissimo
618 4485 991 4582 praefecturarum
1008 4488 1091 4562 aliis
1111 4488 1189 4566 haec
1202 4491 1325 4566 eadem
1342 4491 1527 4566 insinuare
1540 4512 1610 4564 non
