3618 5316
899 393 940 410 -
964 359 1030 426 ara
1055 393 1096 410 -

922 531 1072 616 Ollbtl.

391 709 580 776 exlegibus
593 708 825 776 imperatorum
838 707 990 762 videlicet
1002 708 1107 763 caroli
1119 708 1153 762 et
1164 705 1359 762 Hludouuici
1372 705 1608 774 imperatorum

900 799 992 852 XXX
1018 800 1089 852 vn.

483 933 720 1011 Deceruimus
735 942 772 1010 et
788 933 958 1010 contiuua
982 933 1065 1031 lege
1089 930 1284 1022 sancimus,
1301 941 1343 1008 ut
1363 930 1426 1031 qui
1451 931 1611 1007 decimas

389 1059 466 1148 post
490 1047 724 1124 creberrimas
748 1044 1006 1124 ¹admonitiones
1030 1056 1067 1123 et
1092 1045 1359 1146 praedicationes
1382 1045 1609 1122 sacerdotum

385 1163 469 1238 dare
493 1159 734 1258 neglexerint,
751 1161 1116 1238 excommunicentur.
1140 1162 1390 1246 Iuramentum
1424 1183 1509 1235 vero
1534 1182 1607 1234 non

390 1274 671 1372 costringantur,
684 1284 824 1374 propter
837 1276 1037 1373 periculum
1052 1274 1212 1373 periurii.
1228 1277 1319 1350 Item
1337 1273 1375 1348 in
1392 1273 1526 1348 eisdem
1544 1272 1609 1348 lib.

387 1391 433 1478 V,
449 1412 524 1486 cap.
546 1391 587 1464 V.
603 1390 655 1464 De
679 1387 737 1462 his
761 1389 824 1486 qui
848 1389 1004 1466 decimas
1029 1389 1100 1464 iam
1126 1414 1188 1488 per
1206 1387 1336 1463 multos
1352 1411 1464 1462 annos
1480 1402 1546 1462 aut
1562 1413 1609 1463 ex

390 1510 490 1598 parte
507 1509 571 1575 aut
587 1525 631 1576 ex
648 1511 719 1577 toto
735 1501 819 1577 dare
836 1502 1064 1599 neglexerint
1084 1503 1251 1578 volumus
1269 1512 1310 1578 ut
1326 1527 1387 1602 per
1405 1501 1609 1578 missusne

390 1621 482 1689 stros
499 1613 770 1711 costringantur.
787 1641 899 1715 usque
923 1618 967 1692 ed
993 1617 1284 1694 emendationem.
1300 1619 1391 1692 Item
1415 1616 1454 1690 in
1471 1615 1603 1691 eisdem

386 1751 463 1826 cap.
488 1729 550 1802 Vl.
575 1727 800 1826 Quicrimque
826 1753 910 1805 vero
933 1729 1091 1806 decimas
1116 1729 1292 1804 abstrahit
1308 1731 1352 1805 de
1372 1727 1534 1819 ecclesia,
1560 1729 1607 1804 ad

385 1865 491 1940 quam
509 1865 571 1941 per
588 1840 764 1916 iustitiam
782 1841 884 1918 debet
900 1842 990 1932 dari,
1006 1852 1042 1918 et
1059 1867 1137 1918 eam
1150 1851 1431 1940 presumptuose
1448 1851 1512 1914 aut
1528 1865 1607 1939 pro

386 1962 464 2052 pter
481 1977 642 2042 munera,
661 1963 725 2029 aut
742 1955 952 2046 amicitiam,
969 1956 1027 2032 vel
1045 1955 1155 2029 aliam
1173 1955 1369 2054 quamlibet
1385 1955 1605 2030 occasionem

385 2069 431 2144 ad
448 2068 596 2145 alteram
616 2069 817 2146 aecclesiam
838 2070 1019 2162 dede1·it,a
1035 2070 1163 2146 comite
1181 2070 1239 2146 vel
1256 2095 1279 2145 u
1296 2069 1404 2144 misso
1420 2078 1538 2144 nostro
1553 2067 1606 2142 di-

385 2182 600 2280 stringatur,
617 2191 658 2258 ut
675 2183 833 2259 eiusdem
850 2183 996 2260 decimae
1012 2183 1249 2282 quantitatem
1268 2209 1350 2260 cum
1370 2209 1435 2258 sua
1453 2182 1533 2278 lege
1552 2207 1605 2256 re·

386 2297 524 2373 stituat.

907 2499 1075 2584 CXLVII.

383 2723 463 2775 Item
477 2733 519 2776 ex
532 2721 664 2787 legibus
676 2721 831 2774 Romanis
844 2733 864 2774 a
876 2719 997 2774 domno
1010 2721 1164 2774 Lethario
1177 2722 1373 2809 imperatore
1386 2721 1600 2788 promulgatis

889 2821 964 2875 cap.
992 2811 1095 2863 vnn.

479 2995 529 3069 Ut
545 2989 660 3066 omnis
675 2990 865 3067 decimatio
881 2990 1053 3092 episcopo,
1070 2991 1128 3067 vel
1145 2991 1178 3067 ei
1195 2989 1257 3090 qui
1274 2991 1319 3066 ab
1331 3015 1371 3066 eo
1383 2991 1602 3066 substitutus

383 3116 438 3181 est
462 3099 672 3204 praebeatur,
689 3102 883 3202 nullusque
908 3129 988 3179 earn
1011 3129 1085 3179 suae
1102 3104 1272 3203 cappellae
1288 3103 1359 3178 nisi
1377 3104 1602 3180 concessione

383 3219 441 3294 sui
467 3217 623 3318 episcopi
647 3219 817 3296 conferat.
836 3217 1007 3316 Alioquin
1028 3218 1171 3315 legibus
1195 3217 1364 3293 humenis
1388 3227 1601 3294 coerceatur.

385 3333 486 3420 Quod
510 3331 541 3406 si
568 3357 638 3408 non
662 3331 916 3423 emendaverit,
940 3333 986 3406 ab
1010 3332 1171 3430 episcopo
1191 3331 1529 3409 excommunicetur.
1548 3333 1603 3407 Ad

382 3446 551 3522 ultimum
570 3445 649 3545 ipsa
664 3446 824 3545 cappella
842 3471 922 3545 quae
945 3445 1063 3543 magis
1087 3443 1349 3521 contentionem
1374 3468 1482 3542 quam
1507 3444 1603 3520 utili-

385 3567 496 3636 tatem
514 3568 670 3658 prestat,
686 3561 902 3636 destruatur.

881 3751 1067 3838 OXLVlll.

834 3955 991 4010 Eiusdem
1004 3967 1077 4022 cap.
1092 3955 1147 4007 XI.

478 4116 517 4191 Si
535 4116 616 4216 quis
633 4124 838 4193 sanctorum
863 4126 1006 4217 patrum
1033 4119 1180 4215 regulas
1193 4118 1458 4216 contempserit,
1475 4127 1511 4194 et
1526 4117 1602 4215 glo

382 4231 658 4307 riosissimorum
684 4231 940 4329 imperatorum
966 4231 1084 4307 Caroli
1108 4243 1146 4307 et
1170 4232 1391 4307 Hludouuici
1416 4242 1523 4331 atque
1539 4235 1602 4307 Io·

382 4345 504 4436 tharii,
518 4355 553 4422 et
566 4345 784 4422 Hludouuici
802 4345 867 4420 filii
884 4345 1028 4436 eiusde
1041 4345 1189 4422 decimis
1206 4346 1244 4420 in
1261 4369 1384 4421 eorum
1397 4346 1601 4448 capitulari-

383 4459 451 4536 bus
468 4467 605 4537 statuta
620 4471 658 4538 et
674 4460 823 4554 sancita,
836 4483 905 4536 nou
923 4460 1177 4552 observaverit,
1189 4459 1247 4540 vel
1262 4459 1415 4539 retinere
1433 4485 1600 4562 praesum·
