3642 5294
725 365 899 426 ..71-

192 494 284 574 erat,
301 488 470 561 Romanae
487 487 595 565 cessit
612 487 705 575 sedi,
723 484 823 558 nullu
839 498 895 560 est
911 511 990 583 quse
1007 485 1086 560 eius
1104 509 1173 561 non
1196 487 1243 561 sit
1259 487 1420 566 subiecta

194 597 333 674 ditioni.
359 599 415 676 Ad
444 625 551 698 quam
576 624 698 676 omnes
722 599 825 698 quasi
850 599 894 672 ad
916 609 1025 697 caput
1048 599 1149 673 iuxta
1172 601 1419 696 Apostolorum

197 735 393 811 eorumque
407 739 653 790 successorum
671 713 884 803 sanctiones,
902 712 1066 812 Episcopi
1085 713 1147 811 qui
1163 715 1345 790 voluerint
1361 714 1420 790 vel

194 825 326 923 quibus
343 851 489 902 necesse
506 827 616 902 fuerit
632 827 827 922 suffugere,
848 850 998 924 eamque
1019 825 1198 925 appellare
1216 827 1354 904 debent.
1372 831 1420 902 Et

195 949 274 1038 post
290 965 416 1038 pauca.
1435 953 1440 958 '

298 1055 416 1129 Simul
433 1055 575 1153 quidem
594 1055 792 1152 inspiranto
810 1054 958 1128 Domino
975 1053 1251 1143 constituerunt,
1265 1055 1420 1129 utnulla

200 1169 302 1244 fieret
319 1169 479 1266 synodus
497 1179 625 1266 praeter
642 1169 798 1244 eiusdem
817 1169 912 1242 sedis
937 1167 1199 1242 auctoritatem.
1221 1173 1296 1244 Nec
1321 1169 1420 1244 ullus

197 1282 394 1379 Episcopus
411 1281 482 1356 nisi
499 1283 662 1379 legitima
683 1283 818 1380 synodo
840 1307 904 1357 suo
921 1291 1078 1379 tempore
1095 1283 1287 1380 apostolica
1300 1296 1420 1361 aucto·

198 1394 305 1470 ritate
323 1404 517 1470 convocata
531 1420 637 1493 super
655 1395 871 1494 quibuslibet
885 1395 1098 1471 criminibus
1112 1397 1286 1494 pulsatus,
1299 1398 1421 1472 audia-

197 1519 258 1582 tur
275 1507 335 1582 vel
352 1507 541 1583 iudicetur.
559 1508 651 1595 Quia
669 1518 710 1582 ut
724 1509 829 1606 paulo
843 1509 1009 1607 superius
1023 1509 1245 1608 prmlibatum
1260 1523 1325 1584 est.
1339 1511 1420 1609 Epi-

194 1645 380 1720 scoporum
399 1622 532 1698 iudicia
549 1633 585 1698 et
602 1648 824 1698 summarum
842 1649 1034 1698 causarum
1049 1625 1194 1719 negotia
1207 1623 1283 1698 sive
1301 1625 1419 1714 dubia,

195 1736 409 1834 Apostolicae
427 1738 520 1812 sedis
536 1739 748 1813 auctoritate
762 1745 847 1811 sunt
859 1736 1000 1832 agenda
1013 1745 1049 1810 et
1062 1735 1225 1811 finienda.
1239 1739 1286 1810 Et
1299 1739 1419 1810 omnia

194 1850 509 1946 comprovincialia
527 1852 671 1947 negotia
694 1875 756 1948 per
781 1849 1031 1924 auctoritatem
1055 1849 1165 1922 huius
1189 1860 1322 1925 sanctae
1340 1851 1418 1924 uni-

195 1962 348 2036 versalis
374 1963 586 2061 Apostoliooe
611 1963 780 2064 Ecclesiae
807 1963 1034 2037 retractanda
1059 1962 1089 2036 si
1115 1962 1224 2036 huius
1249 1963 1419 2038 Ecclesiae

201 2077 408 2174 praeceperit
424 2077 598 2152 Pontifex.

728 2296 871 2406 paxu.

290 2523 544 2600 Dilectissimis
561 2525 734 2599 iratribus
753 2521 986 2597 Antiochenis
1000 2521 1195 2620 Episcopis‚
1212 2522 1416 2598 Marcellus.

192 2642 269 2712 Nec
287 2661 371 2712 vero
384 2637 492 2714 liceat
505 2639 582 2713 sine
595 2637 800 2736 praeiudicio
813 2639 911 2712 Ilom.
925 2635 1109 2724 Ecelesiae,
1124 2636 1183 2710 cui
1196 2635 1234 2709 in
1252 2635 1418 2713 omnibus

193 2749 315 2826 causis
332 2751 481 2826 debetur
503 2751 705 2827 reverentia
730 2747 914 2836 custodiri,
932 2747 1068 2822 relictis
1093 2747 1151 2822 his
1176 2749 1418 2826 sacerdotibus

193 2865 255 2962 qui
273 2866 312 2938 in
330 2867 452 2940 eadem
471 2867 657 2965 provincia
674 2865 740 2940 Dei
758 2862 930 2940 ecclesias
952 2871 1044 2936 nutu
1067 2863 1188 2938 divino
1212 2865 1419 2960 gubernant

193 2977 238 3052 ad
256 2978 347 3053 alias
364 2979 553 3053 convalere
570 2978 775 3077 provincias
794 2977 853 3052 vel
878 2975 1032 3050 aliarum
1050 2977 1318 3074 provinciarum
1336 2978 1419 3076 Epi·
1525 2991 1530 2997 '

194 3115 378 3189 scoporum
397 3092 571 3168 iudicium
589 3093 706 3191 expeti
724 3091 781 3166 vel
800 3091 884 3190 pati.
902 3092 971 3165 Sed
987 3091 1152 3166 omnibus
1170 3092 1328 3166 eiusdem
1343 3115 1419 3190 pro·
1555 3097 1557 3101 ’

194 3205 326 3282 vinciae
340 3206 522 3304 Episcopis
535 3206 766 3304 congregatis
779 3205 953 3281 iudicium
967 3207 1180 3282 auctoritate
1192 3207 1301 3280 huius
1315 3206 1417 3281 Sedis

194 3319 418 3395 terminetur.
436 3321 536 3408 Quod
553 3331 673 3395 tamen
693 3329 734 3394 ut
749 3319 936 3417 praefatum
953 3328 1007 3394 est
1024 3344 1086 3418 per
1111 3320 1189 3395 eius
1205 3319 1362 3396 vicarios
1387 3319 1418 3394 si

195 3433 344 3508 libuerit
369 3434 634 3510 retractandum
661 3443 697 3509 et
727 3432 898 3532 quicquid
923 3433 1056 3508 iniuste
1081 3444 1206 3509 actum
1233 3443 1289 3510 est
1313 3433 1420 3508 reior-

200 3548 382 3622 mendum.

738 3777 876 3860 LXXII.

288 4006 522 4082 Marcellinus
543 4006 739 4104 Episcopus
759 4013 893 4080 sanctae
910 4005 1082 4082 Ecclesiae
1105 4004 1281 4081 catholice
1307 4005 1415 4080 Urbis

194 4121 323 4208 Romae‚
342 4119 526 4194 Murentio.
540 4119 751 4194 Sinodcrum
765 4119 899 4218 absque
911 4120 1022 4195 huius
1035 4129 1169 4198 sanctur
1182 4121 1282 4196 Sedis
1295 4129 1416 4226 aucto

195 4233 299 4307 ritate
309 4233 561 4330 Episcoporum
571 4257 787 4331 quamquem
797 4236 966 4332 quosdam
976 4235 1166 4334 Episcopos
1181 4234 1323 4333 possitis
1336 4258 1417 4310 con·

194 4368 349 4442 gregare
366 4369 437 4420 non
454 4347 600 4444 potestis
617 4345 834 4444 regulariter
847 4347 975 4423 fecere.
992 4351 1118 4447 Neque
1141 4346 1258 4421 ullum
1273 4346 1416 4446 Episco

196 4483 279 4555 pum
298 4459 360 4557 qui
377 4459 472 4535 hanc
489 4460 724 4558 appellaverit
741 4461 980 4558 Apostolicam
999 4463 1123 4538 Sedens
1138 4461 1342 4560 dampnare,
1354 4486 1416 4535 an-
