3642 5294
896 426 935 441 -
964 390 1069 457 10..

367 467 468 599 Quod
483 509 526 587 de
544 510 703 611 qualibet
720 513 844 588 mundi
862 521 962 610 parte
979 512 1023 588 ad
1042 515 1202 590 eamdem
1227 516 1437 614 appelletur,
1462 519 1507 592 ab
1525 517 1587 593 illa

439 655 627 728 nusquam.
644 631 729 728 Cap.
747 630 839 706 CIII.
857 630 1042 706 CXXVII.

366 745 466 833 Quod
482 768 616 819 nonum
634 743 842 842 Capitulum
861 743 1150 820 Chalcedonense
1166 743 1209 818 de
1226 739 1473 842 appellatione,
1488 773 1510 821 a
1531 747 1587 823 de·

439 858 547 934 cretis
567 861 634 932 ΡΡ.
652 858 733 932 Iulii
752 869 788 933 ot
806 858 964 935 Victoris
981 858 1031 932 sit
1046 869 1244 956 acceptum.
1262 859 1346 958 Cap.
1360 861 1422 934 XI.
1435 863 1586 938 XXXII.

439 975 566 1048 LVIII.
955 983 958 995 '

371 1087 471 1175 Quod
488 1090 646 1162 Romana
664 1087 772 1162 Sedes
789 1089 897 1162 etium
915 1088 1125 1163 inferiorum
1143 1086 1355 1162 clericorum
1380 1113 1507 1163 causas
1531 1089 1586 1164 de·

440 1201 621 1278 terminat.
639 1203 723 1301 Cap.
741 1203 908 1279 CXXXI.
926 1203 1111 1278 CXXXII.
1129 1201 1305 1277 CLXIIII.
1323 1201 1463 1276 CLXV.

370 1321 419 1393 Ut
452 1317 651 1394 difficiliora
680 1319 824 1416 negotia
858 1315 1038 1415 gradatim
1067 1315 1111 1390 ad
1145 1340 1223 1390 eam
1257 1316 1472 1391 deferantur.
1505 1317 1588 1416 Cap.

438 1434 590 1507 XVIIII.
607 1434 770 1507 XLVIII.
787 1433 953 1508 XCVIII.
971 1432 1137 1506 CXXXI.
1154 1430 1315 1506 CCXXI.
1364 1477 1367 1484 ι

366 1546 466 1632 Quod
490 1545 587 1621 solus
612 1549 793 1622 Romanus
818 1545 986 1621 Pontifex
1002 1544 1136 1643 absque
1161 1543 1520 1642 comprovincialibus
1544 1547 1587 1620 E·

438 1659 589 1757 piscopis
605 1661 846 1759 quorumlibet
862 1687 990 1737 causas
1008 1659 1133 1733 audiat
1145 1659 1238 1756 quod
1257 1658 1348 1732 nulli
1366 1658 1428 1731 alii
1445 1659 1585 1737 Pontifi-

436 1772 582 1849 cilicet.
600 1775 684 1872 Cap.
702 1779 800 1850 XIII.
817 1779 909 1850 LVI.

372 1887 472 1974 Quod
496 1889 528 1962 ei
555 1887 662 1964 liceat
679 1889 828 1965 ubilibet
853 1888 1017 1965 sinodum
1044 1885 1222 1962 celebrare
1248 1895 1284 1960 et
1308 1886 1588 1961 consecrationes

439 2000 566 2076 facere.
584 2002 668 2100 Cap.
686 2003 843 2078 CLVIII.
862 2003 1095 2078 CCXXXIII.

366 2114 465 2202 Quod
479 2114 555 2189 sine
571 2114 646 2188 ulla
660 2115 781 2190 sinodo
798 2117 914 2190 solvat
930 2139 1018 2215 quos
1036 2113 1161 2211 iniqua
1174 2113 1320 2186 sinodus
1332 2113 1488 2188 damnat.
1501 2115 1584 2211 Cap.

366 2344 466 2431 Quod
479 2343 585 2419 etiam
600 2369 684 2419 curn
696 2346 769 2421 solo
781 2345 932 2421 concilio
949 2343 1161 2420 clericorum
1180 2363 1327 2416 suorum
1340 2340 1485 2416 damnet
1497 2363 1583 2440 quos

435 2467 602 2555 oporteat.
620 2459 705 2556 Cap.
722 2459 759 2532 in
778 2461 829 2533 ΙΙο
847 2459 938 2533 libro
955 2459 1129 2533 XXXVI.
1145 2457 1354 2531 XXXVIII.

366 2571 464 2658 Quod
482 2571 615 2669 absque
633 2573 753 2647 sinodo
772 2573 1023 2670 Episcoporum
1042 2569 1267 2645 damnaverit
1282 2568 1482 2667 Episcopos.
1500 2568 1583 2666 Cap.

437 2684 529 2760 CIII.
547 2695 584 2760 et
600 2684 638 2758 in
656 2687 706 2759 ΙΙο
724 2685 784 2760 lib.
802 2689 1056 2762 LXXXVIIII.

365 2799 464 2885 Quod
490 2799 567 2874 sine
592 2797 700 2874 huius
725 2824 899 2876 consensu
925 2801 1027 2876 nulla
1052 2801 1197 2875 sinodus
1222 2799 1424 2897 quempiam
1442 2797 1585 2872 damnet

437 2912 662 3010 Episcopum.
681 2914 766 3012 Cap.
783 2915 1004 2990 CXXXIIII.

366 3027 466 3114 Quod
483 3026 558 3102 haec
576 3027 650 3102 sola
668 3029 778 3117 sedes,
795 3029 873 3103 sine
888 3030 961 3104 ulla
980 3031 1235 3128 Episcoporum
1253 3027 1375 3103 sinodo
1391 3025 1584 3125 quemlibet

441 3140 586 3215 damnet
603 3142 827 3240 Episcopum.
846 3144 931 3241 Cap.
949 3145 1169 3222 CXXXIIII.
1647 3213 1651 3222 ,

364 3256 416 3328 De
435 3255 643 3330 maturitate
660 3259 847 3332 sententiae
866 3260 1077 3356 Apostolieae
1095 3258 1205 3333 Sedis.
1223 3258 1306 3355 Cap.
1330 3258 1531 3332 CXXXIII.
1548 3266 1584 3330 et

435 3369 648 3444 CLXXVII.
667 3370 864 3445 CCXVIII.
882 3373 1061 3448 CCXXII.
1079 3374 1276 3448 CCXXIII.
1387 3415 1391 3432 ·
1583 3391 1587 3402 “

364 3483 463 3570 Quod
489 3483 701 3581 Apostolicae
720 3485 821 3559 Sedis
846 3487 1020 3563 iudicium
1047 3487 1233 3562 retractari
1260 3510 1330 3562 non
1355 3485 1474 3584 possit.
1499 3487 1583 3584 Cap.

437 3597 529 3672 CIII.
547 3607 583 3673 et
600 3597 638 3671 in
657 3597 746 3672 libro
763 3599 849 3673 ΙΙΙΙο
867 3601 979 3679 XCV.

363 3710 462 3797 Quod
479 3711 616 3786 ratione
638 3711 805 3808 exigente
830 3713 908 3811 ipsa
933 3741 1041 3790 suum
1067 3725 1262 3796 retractare
1288 3714 1473 3790 iudicium.
1499 3715 1582 3813 Cap.

437 3826 656 3898 LXXXVII.
675 3825 876 3900 CXXXIII.
894 3837 930 3902 et
947 3829 983 3902 in
998 3828 1089 3903 libro
1106 3831 1174 3903 III⁰
1192 3829 1304 3904 XCII.
1317 3829 1513 3904 CCXXIII.

362 3939 462 4026 Quod
495 3941 707 4015 necessitate
740 3953 891 4038 cogente
924 3967 1036 4018 novas
1069 3941 1237 4015 instituat
1262 3941 1372 4037 leges.
1407 3941 1491 4039 Cap.
1509 3941 1581 4017 CI.

436 4053 651 4128 CXCVIIII.
668 4055 903 4130 CCXXXVI.

363 4166 462 4252 Quod
478 4165 613 4265 absque
631 4167 709 4241 eius
725 4169 938 4244 auctoritate
954 4170 1047 4244 nihil
1064 4172 1148 4246 novi
1168 4172 1334 4272 praesumi
1352 4171 1456 4247 debet
1473 4173 1511 4245 iu
1528 4195 1582 4247 ee-

434 4277 554 4354 clesia.
572 4279 657 4377 Cap·
675 4283 827 4356 XVIIII.
846 4283 952 4359 CCII.
969 4285 1203 4360 CCXXXVI.
1221 4287 1417 4362 CCXXIII.

363 4389 462 4478 Quod
479 4415 588 4466 causa
614 4392 781 4489 exigente
807 4406 1012 4473 sanctorum
1038 4409 1180 4497 patrum
1206 4411 1380 4500 temperet
1404 4401 1580 4475 instituta.

435 4503 520 4607 Cap.
538 4505 595 4580 CI.
612 4505 687 4581 CV.
706 4507 900 4582 CLXXVI.
918 4510 956 4583 in
973 4513 1059 4586 IIII⁰
1078 4511 1167 4588 libro
1184 4514 1331 4588 XCIIII.
1348 4514 1460 4590 XCV.
1513 4507 1516 4516 ’
