3642 5294
911 421 952 436 ..
977 388 1022 450 34
1047 421 1088 436 .-

383 507 479 582 brari
496 506 719 604 conscripsit,
745 505 811 580 His
834 515 871 580 et
894 505 979 580 aliis
1002 505 1280 605 quamplurimis
1304 508 1487 606 exemplis,
1511 521 1609 609 putet

384 620 488 720 plura
511 644 600 708 esse,
616 644 725 719 quam
743 621 816 695 XX
827 643 905 718 cap.
917 621 1062 718 Nyceni
1075 621 1231 710 concilii,
1247 632 1284 697 et
1299 646 1421 697 veram
1435 647 1513 700 esse
1525 648 1612 724 prae·

382 737 517 813 dictam
537 735 622 812 Iulii
639 739 705 810 ΡΡ.
721 735 918 834 epistolam.
935 736 1046 810 Nobis
1062 745 1183 811 antem
1201 736 1347 834 quidam
1369 737 1522 812 fratrum
1547 761 1607 812 no-

384 861 540 926 strorum
559 849 791 925 Aurientales
807 849 930 924 testati
952 858 1040 922 sunt
1056 873 1095 922 se
1121 849 1253 923 vidisse
1279 849 1482 926 Concilium
1508 854 1613 928 Nice·

384 989 484 1052 num,
497 963 633 1038 habens
645 963 814 1062 potiorem
830 963 928 1038 11110‘
934 961 1209 1060 evangeliorum
1224 965 1523 1060 magnitudinem,
1531 991 1612 1042 cun-

381 1075 502 1154 tineus
518 1077 556 1151 in
572 1103 612 1153 se
629 1077 805 1152 sessiones
821 1077 1090 1175 Episcoporum,
1107 1087 1144 1152 et
1157 1078 1449 1170 introductiones,
1462 1081 1611 1156 iudicia·

382 1215 453 1290 que
469 1193 692 1292 querimonia
708 1203 818 1292 atque
843 1191 1074 1268 diffinitiones
1098 1202 1135 1267 et
1158 1193 1433 1269 constitutiones
1456 1219 1524 1270 nec
1540 1217 1611 1268 non

383 1317 420 1382 et
435 1308 717 1408 subscriptiones
733 1333 867 1386 eorum.

761 1559 907 1632 rucrru
931 1559 1049 1632 niatu
1073 1555 1233 1631 antuus.
1375 1533 1388 1556 '

702 1733 763 1818 Ex
790 1734 961 1820 Concilio
989 1736 1132 1820 Niceno
1160 1755 1241 1838 cap.
1269 1733 1330 1816 vl.

479 1997 646 2074 Aurrovs
665 2015 892 2064 cousvnrvuo
910 2015 1109 2082 onrranvrr,
1125 1993 1169 2067 de
1181 2017 1253 2092 qua
1269 1989 1397 2066 scribit
1415 1988 1612 2064 Anaclctus

383 2105 422 2178 in
439 2104 545 2179 tertia
562 2103 710 2202 epistola
723 2129 800 2192 sua,
813 2115 854 2178 ut
871 2104 979 2180 Urbis
996 2109 1106 2181 Rome
1124 2106 1321 2204 Episcopus
1337 2104 1467 2180 habeat
1479 2103 1611 2202 princi·

384 2229 507 2316 patum
531 2229 568 2294 et
589 2217 838 2293 suburbicaria
856 2217 933 2295 loca
950 2218 1042 2294 idest
1060 2243 1175 2316 regna
1200 2245 1280 2318 quae
1303 2228 1393 2294 tunc
1417 2229 1521 2292 erant
1546 2215 1613 2290 sub

385 2332 473 2438 urbe
497 2343 534 2409 et
553 2356 692 2409 omnem
716 2334 939 2431 provinciam
959 2359 1026 2408 sua
1043 2333 1286 2410 sollicitudine
1311 2332 1498 2429 gubernet.
1524 2334 1612 2418 Qnae

383 2471 469 2523 vero
485 2447 580 2546 apud
596 2449 786 2546 Egyptum
806 2459 903 2536 sunt,
921 2448 1149 2524 Alexandrina
1167 2448 1365 2546 Episcopus
1382 2445 1539 2522 omnium
1554 2445 1613 2518 ha-

382 2559 465 2636 beat
481 2560 772 2638 sollicitudinem.
791 2563 967 2638 Similiter
987 2574 1108 2639 autern
1123 2564 1269 2638 etcirca
1283 2559 1511 2635 Antiochiam
1526 2557 1612 2634 etin

381 2674 513 2751 ceteris
538 2675 733 2773 provinciis
757 2677 951 2774 privilegia
974 2677 1115 2776 propria
1131 2686 1324 2752 serventur
1340 2671 1512 2748 ecelesiis
1529 2670 1613 2744 Alia

381 2788 571 2864 translatio
583 2791 636 2864 sic
649 2789 766 2865 habet.
779 2791 939 2889 Antiqua
953 2791 1174 2866 consuetudo
1187 2797 1395 2888 permaneat
1407 2787 1446 2861 in
1456 2789 1513 2881 Eg
1513 2798 1612 2884 ypto,

382 2902 441 2978 vel
458 2902 559 2978 Libia
577 2913 613 2979 et
633 2905 827 3004 Pentapoli,
845 2916 887 2980 ut
909 2905 1177 2981 Alexandrinus
1202 2903 1401 3002 Episcopus
1425 2899 1554 2974 horum
1578 2923 1612 2974 o

384 3015 522 3092 mnium
540 3017 670 3093 habeat
687 3028 908 3116 potestatem,
926 3043 1034 3117 quam
1052 3018 1198 3117 quidem
1216 3026 1252 3092 et
1269 3019 1428 3091 Romano
1440 3011 1614 3111 Episcopo

267 3122 268 3128 ’
383 3129 517 3228 pariter
527 3153 601 3206 mos
610 3141 674 3206 est.
688 3131 863 3214 Similiter
874 3142 997 3208 autem
1011 3132 1151 3230 etapud
1165 3129 1394 3208 Antiochiam
1404 3137 1613 3224 ceterasque

382 3242 587 3341 provincias
604 3268 670 3319 sua
687 3244 883 3342 privilegia
900 3246 1098 3344 unicuique
1115 3253 1307 3320 serventur
1323 3239 1495 3318 ecclesia.
1522 3299 1526 3310 ,

780 3475 826 3559 IL
845 3473 905 3560 Ex
923 3473 1054 3560 utem
1074 3493 1155 3577 cap.
1175 3473 1217 3556 V.

458 3702 631 3776 Servetur
656 3711 693 3776 et
716 3702 786 3776 ista
804 3704 994 3792 sententia,
1013 3709 1054 3774 ut
1070 3700 1118 3788 bi,
1136 3699 1198 3796 qui
1215 3697 1261 3772 ab
1277 3696 1360 3772 aliis
1376 3694 1618 3772 excommuni-

388 3821 530 3902 cantur,
546 3813 592 3890 ab
607 3813 690 3888 aliis
707 3814 752 3889 ad
769 3815 1057 3890 communionem
1071 3835 1142 3887 uon
1156 3811 1388 3910 recipiantur.
1400 3807 1619 3908 Requiratur

384 3951 470 4003 sane
487 3927 519 4000 si
536 3927 625 4003 forte
642 3928 765 4027 aliqua
783 3927 1043 4025 indignatione,
1059 3937 1124 4001 aut
1140 3925 1378 4013 contentione,
1403 3934 1468 3998 aut
1492 3921 1617 4020 aliqua

385 4040 619 4116 commotione
637 4041 802 4140 Episcopi
820 4041 877 4116 sui
902 4039 1206 4117 excommunicati
1231 4048 1327 4116 sunt.
1352 4039 1402 4114 Ut
1426 4059 1514 4132 ergo
1538 4035 1616 4108 haec

384 4153 497 4250 digna
515 4153 652 4252 possint
667 4153 930 4229 examinatione
949 4152 1121 4252 perquiri,
1139 4162 1236 4228 recte
1252 4152 1373 4226 visum
1391 4160 1447 4226 est
1463 4174 1526 4249 per
1543 4149 1615 4222 sin·
1638 4191 1640 4194 -

385 4265 492 4361 gulos
510 4289 624 4340 annos
641 4267 679 4339 in
697 4265 855 4363 singulis
872 4265 1075 4367 quibusque
1093 4265 1300 4365 provinciis,
1316 4265 1371 4341 bis
1388 4265 1427 4338 in
1452 4286 1547 4338 anno
1571 4264 1617 4336 E·

386 4378 610 4478 piscopornm
628 4379 820 4456 concilium
835 4380 925 4470 fieri,
939 4389 980 4456 ut
998 4379 1107 4456 simul
1121 4379 1159 4452 in
1174 4403 1287 4452 unum
1301 4376 1558 4457 convenientes
1571 4399 1617 4451 ex

385 4492 481 4566 omni
493 4493 678 4590 provincia
686 4493 892 4570 huiusmodi
905 4494 1112 4567 examinent
1125 4491 1339 4590 questiones.
1348 4493 1398 4566 Ut
1411 4491 1463 4564 ita
1470 4489 1618 4565 demum
