3638 5294
741 447 776 460 -
807 413 938 476 509-

226 541 309 608 strae
326 536 492 608 Romanae
504 532 665 609 ecclesiae
678 534 796 610 facere
810 533 986 608 volumus.
1000 535 1100 608 Item.
1117 532 1331 630 Apocrisarii
1349 558 1446 607 man·

204 651 206 656 ’
226 646 403 722 daverunt
417 649 566 742 Ignatio.
580 647 739 742 Dignare
756 648 878 723 adesse
893 657 933 721 ut
945 658 1153 744 cooperante
1170 649 1241 722 Deo
1259 649 1444 742 negotium

225 771 330 834 tuum
348 761 541 854 diligenter
559 761 817 856 investigatum
837 763 930 836 iusto
955 773 991 836 et
1017 771 1112 836 recto
1130 761 1261 836 iudicio
1278 760 1444 838 termine·

226 883 298 960 tur,
314 873 471 947 consulit
495 873 610 968 igitur
635 874 816 948 sanctitati
843 883 903 948 tue
930 875 1153 949 mediocritas
1178 884 1309 962 nostra,
1327 883 1368 948 ut
1393 899 1446 949 se·

227 986 384 1060 cundum
403 986 574 1061 canonica
591 988 851 1076 auctoritatem,
868 997 904 1060 et
922 991 1088 1060 Romanae
1110 986 1280 1062 aecclesiae
1298 1010 1444 1061 consue·

226 1099 399 1186 tudinem,
416 1098 708 1174 inexcusabiliter
725 1109 760 1174 et
785 1099 880 1174 omni
905 1099 1089 1174 occasione
1107 1108 1240 1174 remota
1259 1100 1384 1173 venias
1401 1101 1445 1174 ad

225 1211 401 1308 synodum
428 1222 586 1284 nostram
612 1213 724 1286 multe
748 1213 843 1286 enim
870 1213 1116 1288 accusationes
1141 1221 1265 1286 contra
1291 1223 1325 1285 te
1347 1212 1444 1287 lactc

224 1333 309 1395 sunt
334 1321 371 1395 in
389 1326 547 1396 Romana
564 1323 725 1398 aecclesia
746 1325 840 1422 apud
856 1324 1078 1398 beatissimos
1095 1324 1279 1421 pontifices
1297 1324 1445 1398 Benedi-

224 1445 322 1508 ctum
348 1445 384 1509 et
400 1435 624 1510 Nicholaum.
643 1437 744 1512 Unde
769 1439 905 1510 iustum
931 1437 1051 1510 visum
1072 1444 1126 1510 est
1143 1436 1243 1510 nobis
1260 1435 1442 1537 occultum

227 1549 362 1622 vulnus
376 1573 436 1646 per
449 1549 696 1624 auctoritatem
715 1550 922 1625 canonicam
938 1573 1065 1624 curare
1079 1548 1247 1624 cauterio.
1256 1552 1345 1622 Item
1357 1555 1444 1644 Apo·

223 1661 362 1734 crisarii
392 1663 652 1737 mandaverunt
670 1663 822 1758 Ignatio.
839 1664 1016 1737 Miramur
1033 1662 1124 1760 quod
1141 1661 1277 1758 expetis
1303 1685 1366 1735 nos
1391 1662 1445 1734 iu·

224 1799 303 1848 rare
321 1776 519 1871 evangelia.
539 1778 689 1864 Quando
710 1776 915 1874 apocrisarii
934 1780 1099 1850 Romanae
1124 1774 1294 1850 aecclesiae
1319 1773 1357 1846 in
1376 1777 1442 1872 Sy-

224 1889 311 1961 nodo
329 1889 448 1963 iurare
472 1890 617 1985 expetiti
636 1900 732 1978 sunt,
750 1900 790 1964 ut
814 1889 851 1961 in
870 1912 934 1964 nos
956 1889 1055 1962 modo
1072 1888 1241 1962 iuremus.
1259 1891 1331 1960 Nos
1350 1887 1445 1960 iura·

224 2011 384 2074 mentum
415 2027 498 2076 cum
528 2003 727 2077 sacerdotes
756 2001 870 2076 simus
899 2026 1013 2099 usque
1038 2002 1082 2074 ad
1106 2000 1230 2074 horam
1257 1999 1362 2088 hanc,
1379 2025 1442 2097 per

220 2115 377 2208 gratiam
396 2115 460 2188 Dei
486 2127 522 2189 et
547 2114 770 2211 disciplinam
788 2114 902 2189 sancti
921 2113 1033 2210 patris
1050 2113 1161 2186 nostri
1180 2115 1285 2208 Papae
1302 2111 1442 2186 Nicolai

220 2249 335 2322 neque
352 2226 525 2314 iuramus
543 2251 657 2324 neque
675 2227 874 2302 iurabimus
892 2251 954 2324 pro
979 2249 1113 2322 magno
1134 2225 1192 2300 vel
1214 2249 1319 2315 parvo
1337 2249 1444 2319 nego·

221 2338 280 2412 tio.
291 2343 338 2413 Et
354 2340 383 2412 si
404 2342 440 2412 in
459 2339 587 2414 ceteris
604 2339 791 2436 petitiones
809 2351 947 2416 vestras
965 2338 1309 2436 complevimu‘s,hoc
1326 2362 1441 2435 neque

224 2451 452 2528 sanctitatem
470 2444 568 2525 tuam
589 2453 690 2527 decet
707 2461 881 2549 expetere,
894 2477 1008 2550 neque
1022 2475 1085 2526 nos
1098 2453 1224 2526 facere.
1238 2454 1338 2526 Item.
1353 2459 1443 2548 Apo·

226 2565 365 2640 crisarii
380 2565 556 2640 dixerunt.
565 2569 637 2640 Nos
651 2589 712 2662 pro
726 2566 857 2639 iniuria
872 2577 991 2640 nostra
1004 2565 1188 2661 Ignatium
1208 2565 1443 2662 condempna-

223 2704 259 2752 re
277 2704 346 2753 nou
366 2703 554 2776 possumus
571 2681 629 2755 sed
656 2703 719 2777 pro
744 2679 860 2776 culpis
884 2679 960 2751 suis
985 2678 1015 2750 si
1041 2678 1072 2751 ei
1099 2678 1235 2751 fuerint
1256 2677 1442 2774 aprobatae.

221 2793 310 2865 Item
322 2791 523 2865 Theodorus
540 2792 724 2888 episcopus
737 2791 910 2866 Laodicia
928 2791 1026 2866 dixit.
1036 2791 1197 2866 Ecclesia
1214 2800 1335 2863 nostra
1352 2791 1443 2865 alias

220 2903 496 2979 consuetudines
513 2903 620 2978 habet
637 2929 744 3002 quam
766 2917 895 2979 vestra.
914 2905 983 2978 Sed
1008 2904 1198 3002 imperator
1216 2913 1364 2976 sanctus
1383 2928 1440 2977 ve

220 3016 353 3120 luntati
382 3025 511 3090 vestrm
540 3015 756 3113 obsequitur.
783 3017 1001 3113 Apocrisarii
1031 3016 1208 3090 dixerunt.
1237 3018 1310 3089 Nos
1340 3016 1442 3089 iuxta

219 3129 513 3204 consuetudinem
532 3137 689 3202 nostram
707 3131 867 3205 iudicare
884 3154 953 3203 non
979 3128 1147 3202 volumus
1172 3126 1232 3201 sed
1258 3127 1358 3200 iuxta
1385 3151 1443 3201 ca-

218 3240 384 3316 nonicam
401 3238 651 3314 auctoritatem
669 3251 705 3316 et
722 3241 1012 3316 constitutionem
1031 3244 1198 3315 Romanae
1215 3238 1396 3314 aecclesia.

749 3427 840 3478 Actio
861 3427 916 3478 111.

315 3580 532 3678 Apocrisarii
560 3580 735 3654 dixerunt.
752 3580 874 3652 Nostis
900 3579 1028 3652 fratres
1045 3578 1137 3676 quod
1153 3577 1346 3652 transactis
1371 3579 1442 3652 die-

217 3690 286 3764 bus
301 3701 384 3765 anto
401 3691 531 3788 pascha
549 3715 694 3766 causam
717 3691 852 3785 Ignatii
870 3690 1065 3764 terminare
1083 3690 1323 3787 nequivimus.
1341 3688 1443 3764 Unde

218 3805 452 3900 praecepimus
465 3828 560 3891 eum,
571 3802 672 3877 hodie
684 3802 788 3876 nobis
801 3825 988 3878 occurrere
1002 3813 1037 3876 et
1050 3803 1277 3876 sanctitatem
1286 3809 1443 3876 vestram

218 3915 419 3989 convenire.
436 3915 475 3988 Si
493 3915 608 4010 igitur
625 3913 743 4011 placet
760 3914 859 3988 vobis
878 3915 1000 3989 veniat
1016 3915 1191 4011 Ignatius.
1206 3913 1371 4013 Episcopi
1390 3913 1440 3986 di·

218 4035 359 4100 xerunt.
375 4030 515 4100 Iustum
534 4036 588 4101 est
606 4035 647 4100 ut
663 4026 795 4099 veniat.
813 4029 903 4101 Item
919 4026 1054 4100 Bardas
1068 4027 1241 4124 patricius
1254 4026 1352 4099 dixit.
1366 4029 1440 4098 Vos

218 4137 304 4215 iusti
321 4138 458 4214 iudices
475 4139 561 4213 estis
577 4163 599 4212 a
617 4162 748 4233 magno
764 4146 801 4213 et
818 4137 1059 4212 iustoiudicio
1086 4137 1219 4226 emissi,
1235 4137 1341 4212 cuius
1366 4160 1443 4234 per·

219 4274 341 4324 sonam
359 4249 507 4326 habetis.
521 4254 621 4324 Item.
632 4249 848 4348 Apocrisarii
862 4249 1029 4325 dixerunt
1041 4249 1085 4324 ad
1099 4257 1324 4324 accusatores
1334 4251 1441 4343 Igna·

217 4361 269 4436 tii.
283 4366 337 4436 Ex
350 4373 449 4459 parte
464 4374 583 4435 vestra
597 4361 740 4460 quidam
759 4370 938 4437 venerunt
951 4364 1097 4435 Romam
1112 4361 1348 4437 reclamantes
1362 4383 1444 4434 con-

217 4485 274 4547 tra
295 4474 489 4569 Ignatium.
511 4479 748 4548 Accusatores
769 4472 947 4572 dixerunt.
963 4475 1028 4546 Ita.
1049 4474 1096 4547 Et
1114 4484 1203 4548 tunc
1220 4495 1392 4571 pauperes
1408 4498 1443 4546 e·
