3646 5292
701 419 899 483 -173-

189 539 341 637 pticollis
356 541 452 616 areis
471 541 607 616 moenia
625 540 808 616 subversis
834 539 991 615 delubris
1015 540 1205 615 demonum
1223 541 1409 638 figmentis

188 661 225 727 et
241 651 359 749 geniis
376 653 414 726 in
432 653 537 749 signo
553 653 660 728 Ihesu
678 654 820 728 Domini
838 655 968 744 Cruce,
985 665 1261 755 sanctorumque
1285 657 1406 732 basili·

188 765 251 856 cis,
265 765 395 864 peonis
412 775 448 841 et
464 767 607 866 tytulis,
623 793 749 844 verum
768 777 804 843 et
825 769 1083 868 plenitudinem
1104 769 1207 845 orbis.
1226 773 1313 858 ouae
1338 795 1408 846 non

187 889 260 952 tam
270 879 401 954 civitas
409 879 593 960 hominum
604 905 711 979 quem
723 890 926 980 martyrum
940 882 1088 958 dicenda
1097 892 1152 958 est
1164 882 1406 982 cymiterium.
1424 873 1434 895 ⁶

186 994 227 1065 In
244 1015 316 1090 qua
331 1003 397 1068 aut
413 993 465 1067 nil
482 1004 546 1070 aut
564 995 717 1070 nimium
736 994 800 1070 soli
819 1004 960 1070 constat
976 997 1069 1093 quod
1082 1005 1286 1073 sanctorum
1300 1022 1408 1072 cruor

182 1105 371 1182 inficiendo
396 1132 466 1183 non
492 1107 678 1206 possideat.
695 1108 841 1198 Balnea,
859 1108 1030 1206 propolas,
1053 1109 1245 1200 meritoria,
1263 1109 1407 1209 templa,

185 1219 336 1310 theatra,
352 1231 472 1298 turres
496 1233 532 1297 et
557 1222 690 1320 criptas
708 1222 845 1298 circum
863 1221 1092 1320 madidasque
1118 1224 1274 1324 popinas,
1299 1249 1407 1299 arcus

185 1342 222 1408 et
239 1343 361 1432 pontes
378 1335 544 1434 pomeria,
558 1346 671 1410 rostra
688 1335 875 1432 forumque
889 1361 971 1410 cum
986 1336 1114 1433 pontis,
1127 1336 1301 1428 domibus,
1314 1337 1408 1413 ther·

186 1447 265 1537 mis,
274 1447 646 1547 stabulisquecloacis.
656 1448 716 1524 Sic
726 1448 905 1544 sanguine
914 1449 1051 1546 piorum
1063 1473 1167 1547 quem
1179 1451 1288 1549 impia
1298 1476 1408 1549 quon-

185 1561 266 1635 dam
284 1572 320 1637 et
336 1563 492 1639 erudelis
510 1564 641 1662 passim
655 1563 756 1638 velut
768 1587 897 1660 aquam
912 1562 1037 1636 effudit
1049 1587 1116 1638 nee
1128 1563 1187 1660 pia
1200 1572 1236 1638 et
1249 1564 1349 1639 mitis
1361 1568 1406 1639 ad

184 1677 335 1752 tutelam
358 1678 415 1752 sui
433 1688 603 1754 venerata
628 1677 789 1775 suscipit.
815 1679 862 1750 Et
887 1676 973 1773 quid
998 1675 1129 1774 plura?
1153 1677 1228 1752 lraec
1253 1703 1406 1774 reguum

183 1793 289 1868 terris
306 1801 341 1867 et
358 1793 455 1867 fama
475 1794 646 1868 terminat
658 1793 776 1866 astris.
791 1789 860 1867 Cui
873 1813 944 1863 non
957 1789 1234 1886 plus'terrenum
1249 1815 1403 1888 rognum

186 1928 294 2001 quam
309 1905 449 1981 eaeleste
463 1905 645 1982 successit.
661 1909 851 2003 Postquam
866 1903 962 1978 enim
976 1903 1067 2001 lapis
1079 1903 1139 1978 ille
1154 1904 1359 2000 reprobatus
1372 1915 1408 1980 et

183 2017 362 2113 probatus,
371 2018 533 2094 abscisus
546 2018 587 2092 de
601 2027 721 2093 moute
735 2017 811 2091 sine
826 2015 992 2090 manibus
1002 2039 1156 2112 regnum
1166 2007 1404 2092 Romanorum

183 2141 219 2206 et
243 2131 280 2204 in
306 2131 381 2230 ipso
399 2135 604 2208 Graecorum
629 2135 822 2207 Persarum
846 2140 882 2206 et
903 2129 1168 2205 Babiloniorum
1194 2130 1256 2228 qui
1281 2131 1319 2202 in
1338 2133 1406 2205 Da·

182 2243 301 2320 nhiele
312 2245 437 2320 bestiis
454 2245 659 2322 crudelibus
676 2255 712 2320 et
729 2253 858 2319 statuae
875 2243 1162 2341 corruptibilium
1181 2243 1405 2319 metallorum

182 2358 226 2432 ad
250 2358 586 2435 demonstrationem
616 2358 789 2457 principis
817 2357 928 2432 huius
954 2358 1079 2432 mundi
1103 2357 1142 2430 in
1168 2359 1220 2433 eis
1244 2367 1332 2433 lune
1354 2383 1407 2433 re·

181 2471 329 2566 grantis
354 2473 549 2548 contritum
566 2471 731 2546 funditus
748 2481 785 2546 et
801 2472 840 2545 in
858 2471 1090 2546 fundamento
1102 2471 1303 2568 apostolieae
1321 2471 1402 2547 fidei

181 2584 353 2660 fundatus
365 2585 529 2684 implevit
543 2585 750 2661 universam
767 2596 900 2662 terram
919 2607 1020 2659 mons
1037 2585 1404 2680 cognosceremus,

181 2697 267 2774 feeit
284 2723 347 2774 nos
363 2699 519 2774 exomni
539 2699 636 2774 tribu
653 2709 690 2774 et
706 2699 834 2798 lingua
851 2708 888 2774 et
904 2698 1031 2798 populo
1044 2709 1080 2774 et
1093 2697 1235 2774 natione
1250 2721 1405 2794 regnum

180 2821 218 2886 et
233 2814 434 2888 sacerdotes
451 2817 523 2889 Deo
540 2823 659 2888 nostro
677 2839 783 2912 super
800 2823 946 2903 terram,
959 2822 1001 2886 ut
1013 2813 1085 2886 iam
1100 2835 1170 2887 non
1184 2821 1312 2909 regnet
1324 2836 1404 2910 pee-

182 2935 302 3001 catum
327 2926 366 3000 in
384 2936 503 3001 nostro
520 2927 662 3002 mortali
679 2951 822 3026 corpore
840 2928 884 3002 ad
901 2927 1133 3002 obediendum
1151 2926 1405 3024 concupiscen-

180 3039 240 3113 tiis
257 3040 346 3130 eius‚
363 3039 425 3116 sed
449 3040 590 3115 iustitia
608 3041 825 3140 sempiterna
851 3065 931 3140 quae
951 3050 1006 3116 est
1026 3041 1193 3118 Christus
1213 3065 1275 3140 per
1296 3040 1401 3116 fidem

180 3151 317 3228 habitet
332 3163 440 3253 atque
458 3165 588 3252 regnat
604 3155 642 3230 in
659 3155 791 3230 nostris
804 3156 970 3232 cordibus
986 3179 1119 3255 nosque
1132 3181 1216 3232 cum
1230 3180 1271 3232 eo
1282 3179 1403 3254 perpe·

180 3275 242 3341 tuo
267 3290 471 3364 regnemus.
