3638 5294
880 427 918 443 -·
945 393 1010 455 514
1036 427 1075 439 ··-

372 513 460 588 siam
475 513 521 588 ab
533 512 682 609 indigna
692 521 727 587 et
735 511 876 586 barbari
887 511 1137 587 sensuseruile
1148 511 1323 588 servitute
1331 521 1367 587 et
1377 514 1595 610 usque'nunc

371 628 471 702 vobis
485 627 650 702 illicitam
664 625 916 701 coutumeliam
931 637 967 699 et
981 625 1159 699 maculam
1173 625 1357 714 abicite‚et
1366 625 1519 722 gloriam
1534 649 1594 700 rc·

372 753 484 814 stram
499 752 534 816 et
548 741 746 815 claritatem
763 739 944 815 communi
959 741 1201 814 aeclesiarum
1218 765 1303 838 pace
1318 740 1495 816 resumite.
1504 743 1594 815 Item

374 853 1598 952 P.Presbiterdixit.QuodsanctissimusPapalohannesPhotiumpa·

373 970 544 1043 triarcam
559 968 704 1044 fratrem
719 975 755 1041 et
767 961 983 1042 sacerdotem
999 966 1199 1064 habetipsa
1211 967 1416 1064 quaehabeo
1428 968 1532 1040 missa
1542 977 1598 1041 est

374 1081 589 1178 pontificalis
606 1080 695 1154 stola
719 1089 883 1154 testatur.
900 1081 1048 1176 Propter
1072 1080 1139 1155 hoc
1159 1081 1252 1156 enirn
1274 1081 1372 1154 misit
1388 1105 1465 1154 eam
1484 1081 1538 1153 illi
1557 1091 1598 1153 ut

376 1195 613 1270 omnishomo
634 1203 836 1289 cognoscat,
854 1193 945 1291 quod
968 1193 1115 1267 fratrem
1140 1219 1221 1267 eum
1240 1193 1346 1267 habet
1363 1203 1398 1268 et
1415 1193 1599 1268 commini-

377 1318 503 1382 strum.
516 1311 564 1383 Et
576 1306 644 1382 hec
657 1307 807 1382 dixisset
820 1331 975 1402 surgens
989 1307 1104 1380 reddit
1117 1308 1296 1406 patriarca
1309 1307 1454 1380 missam
1468 1332 1489 1378 a
1503 1309 1599 1403 Papa

376 1421 570 1498 Iohannem
596 1420 849 1495 sacerdotalem
877 1419 1015 1507 stolam,
1033 1419 1181 1517 pallium
1208 1421 1325 1494 albam
1351 1420 1542 1517 planetam,
1563 1430 1601 1493 ct

337 1599 341 1606 .
378 1535 547 1609 sandalia.
558 1538 689 1609 Sancta
701 1535 867 1631 Synodus
880 1534 980 1608 dixit.
991 1535 1029 1607 Si
1044 1535 1211 1631 praecepit
1224 1535 1398 1610 sanctitas
1410 1533 1601 1622 vestravi·

375 1649 523 1722 deamus
534 1647 595 1721 hic
612 1671 674 1744 per
690 1646 845 1742 singula.
859 1651 906 1720 Et
922 1645 1104 1743 accipiens
1118 1649 1246 1720 Petrus
1259 1647 1462 1722 Cardinalis
1479 1656 1516 1720 et
1537 1645 1600 1743 qui

376 1788 457 1837 cum
477 1786 517 1835 eo
533 1773 635 1836 erant
653 1761 915 1856 religiosissimi
932 1759 1086 1856 episcopi
1112 1769 1148 1833 et
1174 1759 1292 1834 crateri
1312 1759 1460 1833 Romani
1491 1758 1601 1855 expli·

377 1886 530 1950 cuerunt
543 1876 580 1948 in
599 1884 790 1970 conspectu
808 1874 946 1972 synodi.
962 1871 1109 1945 Photius
1123 1873 1308 1946 Patriarca
1323 1872 1422 1946 dixit.
1434 1871 1603 1946 Christus

377 1991 475 2062 Deus
492 1997 613 2062 noster
626 1988 687 2084 qui
701 1987 858 2060 nubibus
870 1987 984 2084 operit
1001 1985 1140 2073 carlum,
1154 1999 1189 2059 et
1202 1997 1366 2058 naturam
1387 1985 1535 2059 indutus
1547 1993 1603 2058 est

365 2110 534 2190 ,nostram
549 2101 623 2197 ipse
636 2100 783 2174 fratrem
797 2109 832 2173 et
846 2099 1133 2173 comministrum
1148 2109 1308 2172 nostrum
1323 2111 1359 2173 ct
1377 2099 1602 2196 spiritualem

378 2223 513 2310 patrem
528 2237 617 2310 papa
631 2212 806 2286 Iohannes
820 2212 856 2284 in
871 2211 1035 2310 praesenti
1052 2211 1135 2285 vitae
1149 2213 1251 2284 firma
1264 2211 1381 2286 salute
1394 2223 1473 2286 tuta
1486 2221 1604 2302 custo

380 2326 439 2399 dia
456 2325 607 2414 muniat,
619 2335 654 2400 et
667 2325 703 2398 in
718 2325 842 2398 futura
859 2323 1014 2421 nuptiali
1028 2335 1126 2399 veste
1139 2323 1305 2399 indutum
1324 2325 1477 2420 dignum
1496 2324 1601 2397 illum

240 2451 243 2456 '
378 2438 479 2512 beato
503 2461 629 2534 sponso
657 2437 829 2512 ostendat.
846 2439 946 2512 Item.
970 2441 1007 2511 P.
1024 2437 1197 2534 presbiter
1214 2437 1313 2512 dixit.
1333 2436 1463 2514 Audite
1480 2461 1604 2512 omues

380 2551 472 2647 quod
485 2550 573 2624 dicit
585 2561 733 2624 sanctus
747 2573 836 2648 papa
851 2550 961 2624 Felix.
975 2550 1013 2623 si
1029 2552 1109 2647 quis
1123 2551 1294 2625 inventus
1306 2550 1417 2624 fuerit
1435 2551 1605 2624 resistens

380 2666 523 2738 Sanctae
549 2663 614 2737 Dei
639 2662 809 2752 oecclesie,
825 2663 965 2738 *habens
986 2663 1023 2734 in
1049 2662 1145 2736 omui
1169 2663 1429 2750 manifestatus,
1446 2662 1605 2759 primum

379 2777 522 2875 quidem
539 2787 748 2851 amoneatur
764 2777 809 2849 ab
826 2777 987 2873 episcopo
1000 2800 1063 2850 suo
1081 2787 1117 2851 et
1134 2777 1163 2851 si
1179 2800 1249 2851 non
1263 2775 1508 2851 emendaverit
1525 2785 1605 2848 tum

381 2891 440 2964 det
453 2901 578 2964 sancta
592 2891 752 2988 synodus
765 2899 889 2964 contra
906 2915 987 2964 cum
1002 2889 1229 2976 seutentiam,
1242 2889 1294 2964 sic
1308 2899 1343 2963 et
1356 2911 1420 2962 uos
1432 2887 1607 2961 habentes

260 3075 264 3083 ,
382 3003 473 3100 quod
492 3011 698 3100 potestatem
718 3001 909 3100 apostolico
925 3005 1021 3099 Papa
1036 3001 1191 3098 primum
1210 3001 1513 3076 commonebimus
1526 2997 1607 3074 etsi

385 3115 566 3189 noluerint
583 3113 723 3189 obedire
739 3115 964 3190 abscidamus
981 3137 1042 3188 eos
1060 3113 1154 3188 sicut
1171 3113 1313 3212 putrida
1332 3112 1490 3188 membra
1507 3136 1552 3186 ne
1570 3121 1608 3186 et

383 3237 552 3302 caeterum
570 3251 698 3324 corpus
715 3227 807 3324 quod
824 3251 953 3301 sanum
972 3234 1026 3303 est
1042 3236 1173 3325 pereat.

917 3411 1008 3465 Actio
1029 3415 1070 3464 11.

480 3565 669 3640 Residente
689 3564 812 3638 Photio
830 3564 1032 3661 patriarcha
1057 3579 1094 3638 et
1111 3565 1383 3638 consedentibus
1400 3565 1547 3638 vicariis
1572 3589 1610 3636 a·

386 3681 563 3781 postolicae
577 3679 689 3768 Sedis,
702 3704 768 3754 nec
782 3702 852 3752 non
870 3689 905 3754 et
922 3677 1148 3776 apocrisariis
1167 3676 1418 3750 Alexandrina
1436 3677 1610 3764 ccclesia,

386 3802 422 3867 et
439 3791 672 3878 Antiochene‚
698 3801 733 3866 et
758 3789 1075 3864 Hierosolomitaue
1101 3813 1184 3862 cum
1209 3789 1351 3864 cunctis
1376 3787 1548 3886 episcopis
1572 3799 1612 3863 et

387 3903 603 4002 presbiteris.
621 3903 770 3976 Photius
787 3903 966 4000 patriarca
982 3901 1082 3990 dixit,
1100 3901 1216 3996 gloria
1234 3903 1443 3998 magnitudo
1468 3912 1504 3976 et
1528 3924 1613 3996 gra·

387 4017 519 4090 tiaram
538 4013 631 4089 actio
648 4014 695 4086 sit
713 4014 862 4086 Domino
880 4016 953 4088 Deo
969 4025 1088 4088 nostro
1112 4014 1150 4086 in
1175 4014 1297 4090 secula
1324 4015 1538 4089 seculorum.
1565 4017 1614 4088 Et

388 4153 470 4202 cnm
489 4126 650 4223 synodus
667 4126 904 4221 respondisset
920 4151 1037 4214 amen,
1054 4135 1293 4200 cantaverunt
1309 4125 1451 4223 quidem
1477 4126 1635 4223 apocri-.

389 4241 474 4314 sarii
497 4243 599 4337 Papae
617 4238 745 4334 lingua
762 4239 873 4313 latina
894 4239 1026 4313 laudes
