3582 5288
910 436 953 450 ..
978 401 1020 464 32
1045 436 1086 451 ..

390 522 636 621 praeberemus.
655 522 756 609 Quod
773 522 916 619 quidem
934 519 1129 596 necessitas
1147 519 1325 616 temporis,
1339 541 1405 594 nec
1424 517 1498 592 ulla
1517 528 1612 616 pote-

390 646 446 709 rat
461 635 680 711 consuetudo
697 634 912 732 permittere.
929 637 1065 708 Tamen
1082 633 1121 705 in
1137 631 1195 705 his
1212 631 1384 708 fratribus
1400 631 1466 706 hoc
1478 639 1533 706 est
1546 633 1613 704 Pa-

389 750 528 827 scasino
545 760 581 826 et
598 749 769 826 Lucentio
785 749 968 848 Episcopis
985 746 1163 822 Bonifatio
1179 756 1215 820 et
1227 745 1362 822 Basilio
1383 745 1612 843 Presbyteris

389 864 451 963 qui
477 865 521 938 ab
542 863 744 962 Apostolica
769 864 857 938 sede
874 862 1001 938 directi
1022 871 1119 946 sunt,
1137 885 1192 935 me
1210 859 1331 934 sinodo
1347 873 1469 934 vestra
1486 859 1611 934 frater·

388 979 484 1052 nitas
501 978 645 1054 estimet
660 977 857 1076 praesidere.
870 977 968 1052 Idem
982 974 1198 1050 Pulcherriar
1214 973 1513 1069 Augustalium
1528 995 1610 1046 vero

389 1091 505 1189 pietas
521 1091 718 1188 imperialis
741 1116 797 1166 me
814 1091 928 1166 credit
940 1089 1066 1165 debere
1083 1088 1214 1163 iterum
1233 1112 1310 1162 asse
1326 1087 1488 1175 concilio,
1501 1086 1609 1160 etiam

388 1204 420 1278 si
448 1205 647 1281 seeundum
675 1203 811 1302 aliquid
839 1204 1042 1301 praecedens
1066 1203 1272 1298 exigeretur
1295 1200 1518 1298 exemplum,
1542 1225 1610 1276 nec

387 1327 508 1393 tamen
532 1341 759 1416 nequaquam
783 1322 899 1415 posset
928 1317 1079 1416 impleri.
1108 1316 1200 1403 Quia
1230 1339 1350 1389 rerum
1380 1313 1609 1412 praesentium

387 1431 497 1506 nimis
513 1431 650 1508 incerta
668 1431 837 1520 condicio,
854 1456 875 1504 a
892 1441 992 1507 tante
1014 1430 1121 1506 Urbis
1146 1428 1288 1527 populis,
1311 1453 1367 1503 me
1392 1427 1514 1502 abesse
1539 1451 1610 1502 non

387 1546 531 1634 sineret,
556 1555 592 1621 et
616 1545 654 1618 in
677 1545 958 1642 desperationem
975 1545 1089 1619 animi
1106 1543 1409 1619 tumultuantium
1427 1543 1611 1618 mitteren-

386 1669 458 1750 tur,
474 1660 505 1735 si
522 1685 585 1759 per
601 1659 823 1736 occasionem
840 1685 958 1736 causae
975 1658 1226 1735 ecclesiasticae
1244 1657 1386 1731 viderer
1403 1657 1555 1754 patriam
1574 1668 1610 1732 et

387 1774 505 1849 sedem
522 1774 750 1873 apostolicam
769 1773 862 1849 velle
880 1774 1050 1848 deserere.
1068 1776 1202 1846 Tamen
1215 1771 1253 1844 in
1267 1771 1324 1845 his
1338 1771 1508 1846 iratribus
1522 1771 1611 1847 meis

389 1911 477 1986 quos
495 1887 575 1963 viee
589 1913 668 1962 mea
683 1887 792 1977 misit,
806 1912 863 1964 me
876 1911 1015 1986 quoque
1032 1887 1155 1964 adesse
1168 1912 1250 1962 oum
1270 1887 1410 1962 ceteris
1426 1887 1488 1984 qui
1505 1887 1615 1962 affue-

388 2003 461 2076 rint
477 2003 652 2076 estimate.

939 2229 1059 2313 xovl.

483 2455 752 2552 Metropolitana
769 2457 937 2531 defuneto
953 2481 1036 2532 eum
1054 2458 1092 2530 in
1110 2459 1184 2532 loeo
1200 2459 1279 2534 eius
1296 2458 1391 2532 alius
1409 2457 1517 2533 fuerit
1530 2459 1611 2532 sub-

388 2569 579 2664 rogandae,
601 2568 839 2665 provinciales
852 2569 1016 2668 Episcopi
1034 2571 1078 2645 ad
1095 2571 1280 2646 civitatem
1292 2571 1512 2669 metropolim
1530 2597 1610 2646 eou-

386 2683 511 2757 venire
528 2680 708 2756 debebunt
724 2691 765 2756 ut
778 2683 937 2758 omnium
951 2683 1164 2760 clericorum
1177 2696 1284 2784 atque
1298 2685 1457 2760 omnium
1473 2684 1610 2760 civium

386 2795 571 2870 voluntate
588 2795 749 2870 discussa
763 2823 806 2872 ex
822 2795 1042 2894 presbyteris
1060 2798 1217 2873 eiusdem
1232 2798 1392 2874 eeclesia
1405 2797 1464 2872 vel
1481 2823 1525 2872 ex
1538 2797 1611 2871 dia-

387 2908 535 2983 conibus
552 2909 708 3006 optimus
725 2909 892 3006 eligatur.
911 2913 957 2982 Et
974 2923 1051 3007 post
1068 2937 1191 3018 pauca.
1211 2913 1302 2987 Cum
1321 2936 1407 3007 ergo
1420 2911 1463 2986 de
1477 2907 1610 2984 summi

387 3023 578 3114 sacerdotis
591 3023 761 3098 electione
774 3023 1000 3112 tractabitur,
1013 3024 1075 3099 ille
1087 3024 1251 3098 omnibus
1265 3033 1492 3122 praeponatur
1504 3047 1609 3121 quem

387 3135 473 3210 cleri
493 3135 675 3233 plebisque
692 3159 887 3212 consensus
904 3138 1125 3213 concorditer
1148 3138 1345 3235 postularit.
1370 3141 1425 3211 Ita
1450 3147 1492 3210 ut
1516 3137 1547 3210 si
1573 3136 1610 3214 iu

385 3247 493 3321 aliam
512 3248 602 3324 forte
619 3272 805 3346 personam
823 3248 979 3345 partium
1005 3275 1043 3325 se
1057 3261 1140 3325 vota
1158 3250 1359 3337 diviserint,
1373 3248 1612 3346 metropolita-

386 3361 424 3434 ni
442 3361 574 3436 iudicio
591 3361 621 3435 is
638 3361 744 3436 alteri
762 3371 998 3459 praeponatur,
1015 3363 1078 3461 qui
1096 3363 1289 3439 maioribus
1306 3363 1436 3438 studiis
1461 3363 1610 3436 iuvatur

386 3485 422 3549 et
436 3475 574 3549 meritis
586 3485 738 3550 tautum.
752 3478 801 3552 Ut
813 3476 925 3549 nullis
938 3475 1064 3552 invitis
1073 3488 1109 3552 et
1123 3501 1192 3553 non
1202 3477 1406 3575 petentibus
1416 3477 1611 3566 ordinetur,

384 3611 429 3661 ne
446 3587 581 3662 civitas
597 3588 812 3686 Episcopum
830 3613 900 3663 non
918 3599 1078 3686 optatum
1095 3599 1159 3664 aut
1176 3599 1405 3688 contempnat
1420 3600 1486 3664 aut
1497 3589 1611 3664 oderit

388 3709 424 3775 et
442 3701 504 3774 fiat
522 3700 641 3774 minus
660 3701 827 3797 religiosa
845 3726 951 3800 quam
970 3702 1138 3778 convenit
1155 3703 1215 3778 oui
1234 3726 1304 3776 non
1321 3701 1466 3778 licuerit
1482 3701 1611 3778 habere

386 3837 493 3910 quem
508 3812 738 3890 voluitldem
755 3814 937 3912 Episcopis
951 3839 1013 3913 per
1026 3814 1229 3912 provincias
1244 3817 1488 3912 Sequanorum
1502 3824 1538 3890 et
1551 3815 1613 3887 Vi·

386 3927 543 4001 tensium
561 3928 654 4003 inter
671 3938 799 4004 cetera.
814 3933 906 4004 Vota
924 3929 1074 4018 civium,
1091 3928 1296 4003 testimonia
1314 3927 1535 4026 populorum,
1552 3927 1612 4002 ho·

387 4049 595 4114 noratorum
609 4041 947 4130 arbitrium,electio
959 4041 1171 4118 elericorum
1186 4041 1224 4114 in
1237 4041 1462 4118 sacerdotum
1475 4041 1613 4116 ordina·

385 4153 542 4226 tionibus
560 4153 818 4230 custodiantur.
835 4158 882 4229 Et
899 4155 1003 4228 infra.
1021 4157 1089 4230 Per
1107 4179 1231 4252 pacem
1253 4165 1290 4230 et
1314 4155 1471 4252 quietem
1497 4179 1612 4230 sacer-

384 4265 483 4342 dotes
499 4265 561 4363 qui
579 4266 694 4340 futuri
712 4277 797 4342 sunt
814 4268 1049 4365 postulentur.
1066 4272 1246 4344 Teneatur
1270 4269 1484 4363 subscriptio
1509 4269 1610 4346 cleri·

385 4401 521 4468 eorum,
537 4377 788 4454 honoratorum
805 4379 1063 4468 testimonium,
1081 4380 1214 4456 ordinis
1231 4405 1426 4458 consensus
1439 4390 1476 4456 et
1489 4381 1610 4480 plebis.
