3646 5292
935 400 1133 466 -246-

420 521 551 621 plante.
568 523 649 597 Non
673 521 760 598 licet
775 528 895 598 eutem
913 522 947 598 ei
964 523 1131 599 fraudare
1148 522 1342 624 quicquam
1360 551 1404 602 ex
1420 524 1495 602 illis
1511 524 1571 604 vel
1588 549 1642 602 co·

421 636 545 734 gnatis
562 633 713 736 propriis
730 636 814 712 dare
831 660 910 735 qum
927 636 992 713 Dei
1018 646 1113 712 sunt.
1131 637 1232 725 Quod
1256 637 1287 713 si
1305 639 1479 737 pauperes
1496 639 1643 731 fuerint,

420 759 463 826 ut
484 751 698 850 pauperibus
715 750 896 847 largiatur
912 751 974 826 sed
990 775 1061 827 non
1087 750 1155 826 sub
1171 750 1346 826 honorum
1363 755 1547 830 occasione
1564 777 1643 854 qua

419 875 506 939 sunt
522 861 683 940 ecclesie
704 863 974 939 defraudentur.
992 865 1093 953 Quod
1118 865 1150 941 si
1167 867 1433 942 excusationem
1451 868 1645 967 praetende-

421 977 504 1070 rint,
521 977 692 1053 damnum
718 978 836 1054 faeere
861 986 897 1053 et
920 977 1012 1052 nihil
1031 979 1077 1053 ad
1099 979 1297 1077 profectum
1322 1003 1454 1078 agrum
1480 981 1643 1074 existere,

420 1117 488 1168 nec
500 1091 553 1169 sic
566 1091 788 1191 principibus
806 1091 989 1168 tribuatur
1006 1115 1096 1189 ager
1113 1091 1173 1168 vel
1190 1093 1302 1182 locus,
1313 1095 1374 1170 sed
1391 1095 1531 1171 clericis
1548 1095 1645 1193 agri-

403 1205 629 1312 cultoribus.
647 1207 748 1294 Quod
769 1206 802 1282 si
826 1205 1024 1283 ealliditate
1051 1231 1139 1282 usus
1163 1206 1274 1283 fuerit
1298 1209 1474 1309 princepe,
1491 1218 1528 1284 et
1551 1233 1645 1285 acc

423 1321 504 1396 lonc
516 1319 575 1397 vel
592 1319 723 1398 clerieo
739 1321 868 1398 emerit
884 1343 1029 1418 agrum,
1043 1319 1151 1396 etiam
1166 1320 1219 1396 sic
1235 1321 1284 1397 sit
1301 1322 1405 1397 irrita
1421 1323 1591 1414 venditio,
1608 1332 1645 1399 ot

424 1433 636 1510 restituatur
660 1434 835 1533 episcopio
859 1434 920 1511 vel
945 1433 1172 1524 monasterio,
1189 1443 1226 1510 et
1250 1435 1436 1534 episcopus
1461 1436 1521 1512 vel
1537 1435 1645 1512 abbas

422 1546 489 1623 hoc
505 1546 641 1624 faciens
658 1547 836 1626 abiciatur
853 1557 1034 1648 tamquam
1054 1547 1116 1647 qui
1130 1547 1306 1648 dispergit
1318 1573 1398 1648 quae
1411 1573 1482 1626 non
1494 1551 1644 1648 colligit.

979 1750 1087 1835 llll.

859 1955 909 2009 Ex
927 1952 1001 2009 eod.
1021 1964 1093 2020 cap.
1112 1954 1200 2007 XIII.

375 2213 377 2218 Ι
519 2114 694 2204 Quoniam
727 2115 940 2216 quibusdam
965 2116 1057 2192 viris
1081 2109 1242 2215 quaedam
1269 2118 1492 2196 venerabiles
1517 2120 1642 2195 domus

423 2229 684 2330 supripiuutur,
698 2238 772 2306 tam
789 2230 959 2308 videlicet
975 2231 1163 2330 episcopia,
1177 2255 1285 2330 quam
1300 2234 1526 2325 monasteria,
1539 2243 1575 2309 et
1591 2233 1609 2308 f
1628 2277 1642 2290 ·

425 2352 484 2419 cta
501 2352 587 2418 sunt
603 2343 808 2420 eommunia
825 2345 1032 2436 diversoria,
1041 2343 1217 2443 siquidem
1234 2344 1417 2422 voluerint
1433 2346 1472 2421 hi
1489 2347 1552 2446 qui
1568 2347 1645 2422 haec

426 2455 582 2533 retinent
599 2445 747 2534 reddere
766 2482 819 2550 ea,
837 2469 879 2533 ct
903 2459 1100 2536 secundum
1118 2458 1369 2558 antiquitatem
1389 2470 1645 2551 restaurentur,

422 2571 514 2648 bene
531 2579 567 2646 et
582 2570 723 2669 optime.
742 2571 909 2670 Alioquia
926 2572 957 2648 si
974 2573 1017 2649 de
1035 2596 1138 2650 sacro
1154 2571 1318 2670 catalogo
1338 2573 1485 2666 fuerint,
1502 2573 1566 2650 hos
1589 2575 1645 2650 de

423 2684 507 2784 poni
531 2683 768 2783 precipimus.
785 2685 825 2758 Si
849 2707 935 2760 vero
961 2685 1126 2762 monachi
1152 2685 1211 2762 vel
1229 2685 1314 2761 laici
1331 2687 1644 2764 excommunicari.

423 2801 520 2888 Quos
536 2797 709 2872 nimirum
726 2806 865 2874 constat
881 2799 1158 2899 condempnatos
1175 2825 1252 2876 esse
1276 2825 1298 2873 e
1317 2805 1422 2876 Patre
1447 2809 1483 2876 et
1499 2800 1592 2875 Filio
1608 2810 1643 2876 et

426 2912 564 3013 Spiritu
577 2922 712 3003 sancte,
722 2923 758 2988 et
771 2913 989 3012 deputantur
1009 2915 1067 2990 ubi
1086 2915 1220 2990 vermis
1237 2936 1359 2991 eorum
1377 2938 1448 2990 non
1462 2915 1644 3006 morietur,

425 3037 462 3104 et
478 3026 577 3123 ignis
593 3049 664 3102 non
688 3027 935 3126 extinguetur,
952 3028 1039 3126 quia
1063 3030 1175 3103 aDeo
1200 3029 1438 3104 adversantur
1461 3028 1525 3127 qui
1549 3027 1645 3104 dicit.

424 3140 544 3218 Nolite
560 3140 677 3218 facere
694 3141 837 3217 domum
858 3141 970 3240 petris
988 3141 1070 3232 mei,
1085 3142 1229 3218 domum
1247 3142 1511 3240 negotiationis.

980 3344 1095 3429 VllII.

655 3549 705 3601 Ex
723 3548 800 3600 vm
819 3547 952 3616 synodo
972 3548 1077 3603 0ch
1096 3547 1228 3604 Petrum
1247 3550 1279 3602 in
1297 3548 1361 3602 dte.
1380 3549 1419 3601 x.

523 3709 743 3812 Apostolicos
767 3719 804 3788 et
820 3719 985 3810 paternos
1002 3734 1155 3788 canones
1173 3735 1349 3788 renovans
1367 3710 1444 3787 haec
1460 3719 1586 3788 sancta
1610 3721 1646 3788 et

427 3825 647 3930 universalis
672 3826 843 3926 synodus,
859 3827 1058 3924 diffinimus
1081 3826 1262 3902 neminem
1280 3849 1425 3924 prorsus
1441 3827 1645 3926 episcopum

427 3942 582 4019 vendere
599 3939 658 4016 vel
675 3949 872 4039 utcumque
897 3941 1065 4030 alienare,
1082 3939 1233 4038 cymilia
1257 3949 1294 4015 et
1310 3964 1397 4014 vase
1421 3947 1573 4029 sacrata,
1590 3965 1646 4015 ex-

430 4065 536 4156 cepta
557 4079 666 4131 causa
691 4054 778 4131 olim
807 4054 853 4129 ab
881 4055 1041 4155 antiquis
1065 4052 1263 4143 canonibus
1287 4051 1458 4142 ordinata,
1479 4051 1647 4129 videlicet

429 4194 508 4270 quae
536 4168 766 4266 accipiuntur
795 4169 834 4243 in
864 4167 1104 4267 redemptione
1129 4167 1366 4265 captivorum,
1391 4165 1453 4242 sed
1480 4190 1549 4242 nec
1577 4176 1647 4242 tra·

429 4285 512 4360 dere
529 4281 660 4357 salaria
680 4282 911 4359 ecclesiarum
931 4283 969 4356 in
986 4280 1256 4379 emphyteutica
1273 4289 1467 4380 pestanae
1483 4280 1574 4356 elias
1590 4306 1648 4356 ru·

429 4397 540 4473 eticae
557 4396 793 4495 possessiones
818 4397 1034 4472 venundare.
1051 4401 1106 4471 Ac
1122 4421 1185 4496 per
1208 4395 1276 4472 hoc
1293 4395 1554 4472 ecclesiasticos
1572 4396 1647 4472 red·

429 4511 526 4588 ditus
543 4510 671 4605 ledere,
688 4535 778 4612 quoe
793 4511 838 4587 ed
856 4510 1034 4612 propriam
1060 4511 1266 4604 utilitatem,
1282 4519 1318 4588 et
1342 4509 1386 4587 cb
1402 4534 1504 4587 esces
1519 4534 1646 4612 paupe·
