3638 5294
895 403 1093 467 -502-

377 523 462 597 dum
482 549 585 598 suum
602 548 711 621 posse.
729 524 790 599 Sic
814 523 961 598 adiuvet
986 525 1082 598 Deus
1107 523 1258 598 eundem
1280 523 1449 596 domnum
1476 545 1599 618 regem

377 635 1373 732 Ottonemethaecsanotaevangeliaethaecsacrosancta
1383 637 1602 712 sanctuaria.

797 832 1019 884 loramentum
1038 830 1187 884 Heinrtoi.

628 931 677 980 Ex
696 931 756 982 1111
775 927 859 982 libro
878 931 940 981 PP.
961 927 1109 994 Gregorii
1126 929 1187 981 v11
1205 940 1278 994 oep.
1297 931 1351 981 vl.

472 1093 551 1186 Ego
574 1115 637 1166 rex
655 1090 849 1166 Heinrious
866 1090 908 1165 de
927 1091 1208 1165 murmuratione
1226 1101 1261 1164 et
1285 1089 1484 1165 disensione
1496 1114 1602 1188 quam

377 1229 475 1278 nuno
493 1204 627 1281 habent
639 1203 1602 1303 contramcarchiepiscopietepiscopi,abbates,duces,

376 1325 413 1392 et
430 1317 577 1393 comites
596 1318 775 1417 ceterique
793 1318 971 1415 principes
996 1317 1100 1413 regni
1125 1317 1387 1393 teutonicorum
1405 1329 1442 1392 et
1458 1317 1522 1390 alii
1540 1317 1601 1414 qui

378 1429 488 1504 cosin
502 1431 624 1506 eadem
633 1430 865 1506 dissensionis
873 1456 982 1505 causa
991 1440 1174 1517 secuntur,
1183 1430 1277 1503 infra
1286 1430 1481 1505 terminum
1492 1455 1597 1528 quem

380 1542 545 1618 dominus
561 1568 651 1642 papa
669 1543 868 1640 Gregorius
884 1542 1123 1632 constituerit,
1136 1552 1200 1616 aut
1213 1542 1388 1616 iustitiam
1402 1543 1600 1617 secundum

377 1655 555 1731 iudiciuin
580 1658 670 1748 eius
687 1667 751 1732 aut
771 1657 994 1733 concordiam
1013 1657 1210 1732 secundum
1236 1656 1424 1731 consilium
1450 1657 1529 1731 eius
1553 1656 1603 1728 ia-

380 1767 487 1858 ciam,
503 1767 573 1842 nisi
592 1777 732 1844 certum
749 1769 1043 1866 impedimentum
1062 1770 1150 1842 mihi
1168 1769 1226 1845 vel
1239 1769 1306 1844 sibi
1320 1769 1505 1844 obstiterit.
1522 1773 1600 1856 Quo

379 1889 561 1957 transacto
576 1881 621 1956 ed
638 1884 882 1980 peragendum
901 1882 993 1958 idem
1011 1893 1157 1980 paratus
1175 1907 1244 1958 ero.
1269 1885 1357 1958 Item
1376 1883 1407 1956 si
1432 1881 1525 1956 idem
1544 1882 1601 1954 do

293 2067 295 2072 ,
377 2019 484 2068 mnus
500 2019 590 2093 papa
607 1995 806 2093 Gregorius
823 1996 920 2070 ultra
938 2006 1073 2072 montes
1090 2022 1153 2072 seu
1171 1998 1215 2072 ad
1232 1997 1323 2071 alins
1347 2006 1466 2095 partes
1491 2005 1604 2070 terra-

377 2133 458 2181 rum
472 2107 524 2183 ire
538 2107 703 2199 voluerit,
716 2134 866 2186 securus
880 2109 949 2184 erit
962 2134 1006 2184 ex
1019 2111 1089 2184 mei
1104 2120 1213 2206 parte,
1226 2120 1263 2185 et
1275 2133 1363 2208 qnos
1376 2108 1599 2204 costringere

376 2229 496 2318 potero
512 2221 557 2295 ab
573 2221 669 2296 omni
688 2221 819 2298 lesione
837 2222 923 2311 vite,
940 2232 976 2297 et
994 2223 1230 2298 membrorum
1246 2223 1334 2312 eius,
1347 2249 1409 2298 sou
1424 2222 1600 2320 captione,

378 2343 453 2408 tam
468 2335 555 2432 ipsc,
569 2359 676 2432 quam
690 2335 751 2433 qui
765 2335 802 2407 in
820 2334 898 2409 eius
915 2337 1093 2414 conductu
1111 2337 1170 2412 vel
1187 2338 1357 2412 comitatu
1377 2336 1522 2424 suerint,
1536 2361 1600 2410 seu

376 2449 439 2546 qui
457 2449 502 2522 ab
519 2448 581 2524 illo
598 2449 800 2539 mittentur,
816 2449 874 2524 vel
891 2450 1033 2524 adeum
1051 2449 1094 2524 de
1113 2449 1398 2547 quibuscumque
1416 2459 1595 2523 terrarum

376 2561 537 2660 partibus
550 2563 727 2651 venerint,
740 2562 777 2636 in
791 2563 917 2652 eunde,
931 2572 967 2638 et
984 2563 1172 2652 redeunde,
1190 2563 1248 2638 vel
1264 2563 1397 2638 alieubi
1418 2561 1591 2636 morando

376 2681 511 2776 Neque
530 2678 628 2752 aliud
645 2678 787 2776 aliquod
800 2677 1097 2780 impedimentum
1108 2675 1252 2750 hebebit
1263 2700 1308 2750 ex
1326 2699 1401 2750 meo
1418 2698 1594 2750 consensu

376 2791 471 2889 quod
483 2799 606 2866 contra
619 2791 785 2866 honorem
805 2817 912 2865 suum
926 2792 984 2864 sit.
998 2789 1086 2862 Etsi
1100 2790 1181 2887 quis
1198 2789 1249 2863 cis
1263 2789 1398 2878 feccrit,
1411 2813 1494 2863 cum
1509 2788 1600 2862 bona

376 2903 445 2980 fide
467 2905 663 2980 secundum
684 2930 802 2980 meum
822 2929 922 3002 posse
939 2901 1029 2977 illud
1046 2899 1232 2975 adiuvabo.
1249 2902 1287 2975 Si
1313 2926 1370 2975 me
1387 2903 1484 2976 Deus
1501 2901 1600 2974 adiu·

377 3027 440 3092 vet
457 3029 493 3093 et
510 3017 586 3093 haec
600 3028 724 3094 sancta
737 3018 937 3114 evangelia.
959 3021 1090 3090 Actum
1109 3003 1275 3103 Canusio,
1289 3019 1332 3087 V.
1349 3015 1422 3088 kal.
1435 3015 1515 3089 Feb.
1529 3015 1600 3088 ind.

379 3133 462 3220 XV,
486 3156 580 3206 anno
606 3131 747 3205 Domini
777 3131 889 3205 nostri
914 3133 994 3204 Iesu
1023 3130 1158 3207 Christi
1185 3134 1232 3204 M.
1250 3132 1395 3218 LXVII,
1420 3130 1601 3226 praesenti-

375 3243 444 3318 bus
458 3243 630 3342 episcopis
648 3244 819 3319 Umbcrto
845 3245 1072 3319 prenestino.
1091 3243 1238 3318 Giraldo
1256 3241 1410 3318 Ostiensi
1429 3243 1598 3317 cardina-

380 3356 475 3433 libus
502 3357 680 3432 Romanis.
706 3361 811 3432 Petro
835 3357 933 3431 tituli
959 3360 1074 3434 sancti
1097 3358 1323 3455 Chrisogoni,
1340 3367 1376 3432 ct
1397 3358 1538 3433 Conone
1555 3357 1599 3430 ti-

378 3469 447 3546 tuli
466 3481 600 3545 sanctae
614 3471 814 3558 Anastasio,
827 3481 863 3546 ot
876 3473 1044 3546 Romanis
1056 3471 1263 3546 diaconibus
1277 3470 1450 3567 Gregorio
1467 3479 1504 3543 ct
1515 3473 1599 3543 Ber·

375 3585 531 3660 nardoet
543 3584 757 3659 subdiacono
769 3585 948 3660 Umberto
961 3589 1050 3660 Item
1069 3610 1113 3659 ex
1125 3595 1225 3683 parte
1244 3583 1340 3682 regis
1361 3583 1604 3658 interfuerunt

376 3698 583 3774 Bremensis
600 3697 887 3796 archiepiscopus
901 3709 937 3774 et
949 3699 1104 3797 episcopi
1123 3699 1364 3775 Vercellensis
1377 3698 1600 3774 etOsnabru-

376 3811 503 3908 gensis
520 3821 556 3886 et
572 3811 680 3887 abbas
698 3811 949 3888 cluniacensis
966 3821 1003 3887 et
1020 3813 1125 3888 multi
1143 3812 1278 3888 nobiles
1296 3811 1378 3884 viri.

583 3999 664 4052 Item
682 3998 782 4050 eliud.
797 4003 847 4052 Ex
864 3999 982 4052 codam
1002 4013 1071 4065 reg.
1090 4001 1148 4054 lib.
1168 4001 1196 4052 V
1216 4011 1288 4064 cap.
1308 4000 1419 4050 vat.

472 4151 528 4226 Ab
553 4151 622 4228 hac
644 4152 729 4228 hora
746 4161 782 4228 et
799 4153 965 4252 deinceps
983 4177 1050 4250 ego
1066 4153 1119 4226 ill.
1137 4153 1251 4228 fidelis
1268 4176 1326 4228 oro
1339 4177 1401 4251 per
1415 4161 1549 4226 rectem
1565 4153 1602 4224 fi-

377 4266 456 4341 dem
475 4264 578 4340 beato
596 4267 701 4339 Petro
716 4265 872 4363 apostolo
889 4266 1035 4364 eiusque
1053 4267 1190 4342 vicario
1203 4269 1339 4340 Domno
1352 4289 1439 4364 pape
1461 4265 1523 4354 ill,
1539 4265 1601 4363 qui

378 4403 477 4453 nunc
496 4377 533 4451 in
552 4403 660 4453 carne
678 4378 782 4467 vivit,
799 4389 835 4453 et
851 4380 1117 4455 successoribus
1134 4379 1211 4454 cius
1230 4379 1414 4455 meliorum
1441 4377 1602 4453 cardina-

380 4490 469 4572 lium
498 4489 670 4572 electione
691 4491 920 4573 intrantibus.
943 4495 993 4570 Dc
1015 4491 1234 4570 ordinatione
1260 4516 1344 4568 vero
1369 4489 1602 4570 ecclesiarum
