<?xml version="1.0" encoding="UTF-8"?>
<!DOCTYPE html PUBLIC "-//W3C//DTD XHTML 1.0 Transitional//EN"
    "http://www.w3.org/TR/xhtml1/DTD/xhtml1-transitional.dtd">
<html xmlns="http://www.w3.org/1999/xhtml" xml:lang="en" lang="en">
 <head>
  <title>
</title>
<meta http-equiv="Content-Type" content="text/html;charset=utf-8" />
  <meta name='ocr-system' content='tesseract 3.04.00' />
  <meta name='ocr-capabilities' content='ocr_page ocr_carea ocr_par ocr_line ocrx_word'/>
</head>
<body>
  <div class='ocr_page' id='page_1' title='image "./deusdeditpresby00martgoog_0327.png"; bbox 0 0 3618 5316; ppageno 0'>
   <div class='ocr_carea' id='block_1_1' title="bbox 903 377 1102 442">
    <p class='ocr_par' dir='ltr' id='par_1_1' title="bbox 903 377 1102 442">
     <span class='ocr_line' id='line_1_1' title="bbox 903 377 1102 442; baseline 0.01 -2"><span class='ocrx_word' id='word_1_1' title='bbox 903 377 1102 442; x_wconf 77' lang='lat'>-302-</span> 
     </span>
    </p>
   </div>
   <div class='ocr_carea' id='block_1_2' title="bbox 368 495 1628 4582">
    <p class='ocr_par' dir='ltr' id='par_1_2' title="bbox 368 495 1628 4582">
     <span class='ocr_line' id='line_1_2' title="bbox 390 495 1625 597; baseline -0.003 -21"><span class='ocrx_word' id='word_1_2' title='bbox 390 497 609 576; x_wconf 81' lang='lat' dir='ltr'><strong>Enitendum</strong></span> <span class='ocrx_word' id='word_1_3' title='bbox 626 521 778 597; x_wconf 90' lang='lat' dir='ltr'><strong>quoque,</strong></span> <span class='ocrx_word' id='word_1_4' title='bbox 791 505 833 572; x_wconf 96' lang='grc' dir='ltr'><strong>ιιι</strong></span> <span class='ocrx_word' id='word_1_5' title='bbox 845 495 1028 574; x_wconf 88' lang='lat' dir='ltr'><strong>beneficiis</strong></span> <span class='ocrx_word' id='word_1_6' title='bbox 1040 495 1243 594; x_wconf 81' lang='lat' dir='ltr'>obligemus</span> <span class='ocrx_word' id='word_1_7' title='bbox 1256 503 1291 572; x_wconf 89' lang='lat' dir='ltr'><strong>et</strong></span> <span class='ocrx_word' id='word_1_8' title='bbox 1303 495 1525 574; x_wconf 86' lang='lat' dir='ltr'><strong>consolatum</strong></span> <span class='ocrx_word' id='word_1_9' title='bbox 1544 495 1625 595; x_wconf 92' lang='lat' dir='ltr'><strong>plu·</strong></span> 
     </span>
     <span class='ocr_line' id='line_1_3' title="bbox 390 610 1623 709; baseline 0 -24"><span class='ocrx_word' id='word_1_10' title='bbox 390 612 498 689; x_wconf 83' lang='lat' dir='ltr'><strong>nimos</strong></span> <span class='ocrx_word' id='word_1_11' title='bbox 515 638 739 690; x_wconf 88' lang='lat' dir='ltr'><strong>reservemus</strong></span> <span class='ocrx_word' id='word_1_12' title='bbox 756 613 925 709; x_wconf 82' lang='lat' dir='ltr'>gratiam,</span> <span class='ocrx_word' id='word_1_13' title='bbox 942 636 989 687; x_wconf 92' lang='lat' dir='ltr'><strong>ne</strong></span> <span class='ocrx_word' id='word_1_14' title='bbox 1005 611 1084 687; x_wconf 90' lang='lat' dir='ltr'><strong>iure</strong></span> <span class='ocrx_word' id='word_1_15' title='bbox 1100 610 1265 687; x_wconf 89' lang='lat' dir='ltr'><strong>beneficii</strong></span> <span class='ocrx_word' id='word_1_16' title='bbox 1279 611 1367 684; x_wconf 91' lang='lat' dir='ltr'><strong>fiant</strong></span> <span class='ocrx_word' id='word_1_17' title='bbox 1382 611 1623 698; x_wconf 82' lang='lat' dir='ltr'><strong>immemores,</strong></span> 
     </span>
     <span class='ocr_line' id='line_1_4' title="bbox 390 726 1625 826; baseline -0.002 -24"><span class='ocrx_word' id='word_1_18' title='bbox 390 727 451 826; x_wconf 91' lang='lat' dir='ltr'><strong>qui</strong></span> <span class='ocrx_word' id='word_1_19' title='bbox 469 754 506 804; x_wconf 92' lang='lat' dir='ltr'><strong>se</strong></span> <span class='ocrx_word' id='word_1_20' title='bbox 523 728 687 825; x_wconf 80' lang='lat' dir='ltr'><strong>graviter</strong></span> <span class='ocrx_word' id='word_1_21' title='bbox 704 727 796 804; x_wconf 86' lang='lat' dir='ltr'><strong>lesos</strong></span> <span class='ocrx_word' id='word_1_22' title='bbox 814 727 943 803; x_wconf 88' lang='lat' dir='ltr'><strong>dolent.</strong></span> <span class='ocrx_word' id='word_1_23' title='bbox 960 729 1052 826; x_wconf 89' lang='lat' dir='ltr'><strong>Sepe</strong></span> <span class='ocrx_word' id='word_1_24' title='bbox 1069 727 1166 802; x_wconf 89' lang='lat' dir='ltr'><strong>enim</strong></span> <span class='ocrx_word' id='word_1_25' title='bbox 1184 726 1221 800; x_wconf 91' lang='lat' dir='ltr'><strong>iu</strong></span> <span class='ocrx_word' id='word_1_26' title='bbox 1241 753 1309 802; x_wconf 90' lang='lat' dir='ltr'><strong>usu</strong></span> <span class='ocrx_word' id='word_1_27' title='bbox 1329 727 1441 817; x_wconf 88' lang='lat' dir='ltr'><strong>venit,</strong></span> <span class='ocrx_word' id='word_1_28' title='bbox 1463 735 1508 801; x_wconf 92' lang='lat' dir='ltr'><strong>ut</strong></span> <span class='ocrx_word' id='word_1_29' title='bbox 1532 749 1625 824; x_wconf 87' lang='lat' dir='ltr'><strong>quos</strong></span> 
     </span>
     <span class='ocr_line' id='line_1_5' title="bbox 391 840 1626 942; baseline -0.002 -27"><span class='ocrx_word' id='word_1_30' title='bbox 391 842 511 938; x_wconf 80' lang='lat' dir='ltr'><strong>gratia</strong></span> <span class='ocrx_word' id='word_1_31' title='bbox 525 841 736 931; x_wconf 84' lang='lat' dir='ltr'><strong>foveris,vel</strong></span> <span class='ocrx_word' id='word_1_32' title='bbox 749 840 1062 942; x_wconf 89' lang='lat' dir='ltr'><strong>aliquosuperiore</strong></span> <span class='ocrx_word' id='word_1_33' title='bbox 1076 840 1322 916; x_wconf 80' lang='lat' dir='ltr'><strong>cumulaveris</strong></span> <span class='ocrx_word' id='word_1_34' title='bbox 1335 840 1463 936; x_wconf 83' lang='lat' dir='ltr'><strong>gradu,</strong></span> <span class='ocrx_word' id='word_1_35' title='bbox 1477 849 1626 914; x_wconf 87' lang='lat' dir='ltr'><strong>avertas</strong></span> 
     </span>
     <span class='ocr_line' id='line_1_6' title="bbox 389 953 1626 1054; baseline -0.001 -25"><span class='ocrx_word' id='word_1_36' title='bbox 389 955 420 1029; x_wconf 86' lang='lat' dir='ltr'><strong>si</strong></span> <span class='ocrx_word' id='word_1_37' title='bbox 437 955 586 1052; x_wconf 87' lang='lat' dir='ltr'><strong>indigue</strong></span> <span class='ocrx_word' id='word_1_38' title='bbox 604 955 637 1030; x_wconf 92' lang='lat' dir='ltr'><strong>ei</strong></span> <span class='ocrx_word' id='word_1_39' title='bbox 653 956 809 1054; x_wconf 83' lang='lat' dir='ltr'><strong>aliquem</strong></span> <span class='ocrx_word' id='word_1_40' title='bbox 834 953 1109 1054; x_wconf 87' lang='lat' dir='ltr'><strong>praeponendum</strong></span> <span class='ocrx_word' id='word_1_41' title='bbox 1135 953 1283 1030; x_wconf 81' lang='lat' dir='ltr'><strong>iudices.</strong></span> <span class='ocrx_word' id='word_1_42' title='bbox 1300 954 1398 1030; x_wconf 89' lang='lat' dir='ltr'><strong>Idem</strong></span> <span class='ocrx_word' id='word_1_43' title='bbox 1424 954 1463 1027; x_wconf 91' lang='lat' dir='ltr'><strong>in</strong></span> <span class='ocrx_word' id='word_1_44' title='bbox 1488 953 1626 1028; x_wconf 90' lang='lat' dir='ltr'><strong>eodem.</strong></span> 
     </span>
     <span class='ocr_line' id='line_1_7' title="bbox 390 1065 1626 1168; baseline -0.004 -24"><span class='ocrx_word' id='word_1_45' title='bbox 390 1071 554 1146; x_wconf 84' lang='lat' dir='ltr'><strong>Perfecta</strong></span> <span class='ocrx_word' id='word_1_46' title='bbox 570 1069 766 1146; x_wconf 78' lang='lat' dir='ltr'><strong>liberalitas</strong></span> <span class='ocrx_word' id='word_1_47' title='bbox 784 1079 849 1160; x_wconf 88' lang='lat' dir='ltr'><strong>est,</strong></span> <span class='ocrx_word' id='word_1_48' title='bbox 866 1079 909 1145; x_wconf 94' lang='lat' dir='ltr'><strong>ut</strong></span> <span class='ocrx_word' id='word_1_49' title='bbox 926 1069 1082 1168; x_wconf 91' lang='lat' dir='ltr'><strong>primum</strong></span> <span class='ocrx_word' id='word_1_50' title='bbox 1107 1067 1263 1164; x_wconf 88' lang='lat' dir='ltr'><strong>opereris</strong></span> <span class='ocrx_word' id='word_1_51' title='bbox 1288 1067 1385 1141; x_wconf 87' lang='lat' dir='ltr'><strong>eirca</strong></span> <span class='ocrx_word' id='word_1_52' title='bbox 1410 1065 1626 1140; x_wconf 88' lang='lat' dir='ltr'><strong>domesticos</strong></span> 
     </span>
     <span class='ocr_line' id='line_1_8' title="bbox 390 1180 1624 1283; baseline -0.001 -27"><span class='ocrx_word' id='word_1_53' title='bbox 390 1183 482 1258; x_wconf 90' lang='lat' dir='ltr'><strong>fidei.</strong></span> <span class='ocrx_word' id='word_1_54' title='bbox 500 1183 655 1259; x_wconf 89' lang='lat' dir='ltr'><strong>Grandis</strong></span> <span class='ocrx_word' id='word_1_55' title='bbox 673 1183 791 1283; x_wconf 93' lang='lat' dir='ltr'><strong>culpa,</strong></span> <span class='ocrx_word' id='word_1_56' title='bbox 807 1184 837 1258; x_wconf 90' lang='lat' dir='ltr'><strong>si</strong></span> <span class='ocrx_word' id='word_1_57' title='bbox 856 1183 992 1258; x_wconf 84' lang='lat' dir='ltr'><strong>sciente</strong></span> <span class='ocrx_word' id='word_1_58' title='bbox 1010 1190 1046 1257; x_wconf 88' lang='lat' dir='ltr'><strong>te</strong></span> <span class='ocrx_word' id='word_1_59' title='bbox 1072 1181 1187 1256; x_wconf 90' lang='lat' dir='ltr'><strong>lidelis</strong></span> <span class='ocrx_word' id='word_1_60' title='bbox 1212 1191 1328 1280; x_wconf 86' lang='lat' dir='ltr'><strong>egeat.</strong></span> <span class='ocrx_word' id='word_1_61' title='bbox 1354 1180 1392 1256; x_wconf 86' lang='lat' dir='ltr'><strong>Si</strong></span> <span class='ocrx_word' id='word_1_62' title='bbox 1418 1181 1512 1257; x_wconf 87' lang='lat' dir='ltr'><strong>scias</strong></span> <span class='ocrx_word' id='word_1_63' title='bbox 1536 1205 1624 1255; x_wconf 91' lang='lat' dir='ltr'><strong>enm</strong></span> 
     </span>
     <span class='ocr_line' id='line_1_9' title="bbox 390 1295 1625 1396; baseline -0.001 -27"><span class='ocrx_word' id='word_1_64' title='bbox 390 1296 468 1371; x_wconf 89' lang='lat' dir='ltr'><strong>sine</strong></span> <span class='ocrx_word' id='word_1_65' title='bbox 489 1307 635 1396; x_wconf 89' lang='lat' dir='ltr'><strong>sumptu</strong></span> <span class='ocrx_word' id='word_1_66' title='bbox 654 1322 730 1373; x_wconf 86' lang='lat' dir='ltr'><strong>esse</strong></span> <span class='ocrx_word' id='word_1_67' title='bbox 747 1297 878 1372; x_wconf 90' lang='lat' dir='ltr'><strong>famem</strong></span> <span class='ocrx_word' id='word_1_68' title='bbox 895 1295 1071 1385; x_wconf 84' lang='lat' dir='ltr'><strong>tollerare,</strong></span> <span class='ocrx_word' id='word_1_69' title='bbox 1097 1321 1311 1396; x_wconf 90' lang='lat' dir='ltr'><strong>erumpnam</strong></span> <span class='ocrx_word' id='word_1_70' title='bbox 1330 1296 1541 1395; x_wconf 83' lang='lat' dir='ltr'><strong>perpetitur,</strong></span> <span class='ocrx_word' id='word_1_71' title='bbox 1558 1295 1625 1394; x_wconf 93' lang='lat' dir='ltr'><strong>qui</strong></span> 
     </span>
     <span class='ocr_line' id='line_1_10' title="bbox 392 1409 1626 1507; baseline 0 -23"><span class='ocrx_word' id='word_1_72' title='bbox 392 1410 590 1507; x_wconf 86' lang='lat' dir='ltr'><strong>praesertim</strong></span> <span class='ocrx_word' id='word_1_73' title='bbox 611 1435 719 1507; x_wconf 84' lang='lat' dir='ltr'><strong>agere</strong></span> <span class='ocrx_word' id='word_1_74' title='bbox 745 1410 944 1486; x_wconf 89' lang='lat' dir='ltr'><strong>erubescat.</strong></span> <span class='ocrx_word' id='word_1_75' title='bbox 969 1411 1008 1484; x_wconf 87' lang='lat' dir='ltr'><strong>Si</strong></span> <span class='ocrx_word' id='word_1_76' title='bbox 1026 1411 1064 1484; x_wconf 90' lang='lat' dir='ltr'><strong>in</strong></span> <span class='ocrx_word' id='word_1_77' title='bbox 1082 1435 1229 1486; x_wconf 89' lang='lat' dir='ltr'><strong>eausam</strong></span> <span class='ocrx_word' id='word_1_78' title='bbox 1247 1409 1452 1500; x_wconf 85' lang='lat' dir='ltr'><strong>inciderint,</strong></span> <span class='ocrx_word' id='word_1_79' title='bbox 1476 1419 1541 1484; x_wconf 90' lang='lat' dir='ltr'><strong>aut</strong></span> <span class='ocrx_word' id='word_1_80' title='bbox 1566 1433 1626 1484; x_wconf 88' lang='lat' dir='ltr'><strong>ea-</strong></span> 
     </span>
     <span class='ocr_line' id='line_1_11' title="bbox 391 1521 1628 1623; baseline -0.001 -26"><span class='ocrx_word' id='word_1_81' title='bbox 391 1524 572 1622; x_wconf 89' lang='lat' dir='ltr'><strong>ptivitatis</strong></span> <span class='ocrx_word' id='word_1_82' title='bbox 589 1548 748 1615; x_wconf 91' lang='lat' dir='ltr'><strong>suorum,</strong></span> <span class='ocrx_word' id='word_1_83' title='bbox 765 1534 829 1600; x_wconf 92' lang='lat' dir='ltr'><strong>ant</strong></span> <span class='ocrx_word' id='word_1_84' title='bbox 845 1524 1035 1623; x_wconf 81' lang='lat' dir='ltr'><strong>calupniae,</strong></span> <span class='ocrx_word' id='word_1_85' title='bbox 1052 1533 1089 1599; x_wconf 94' lang='lat' dir='ltr'><strong>et</strong></span> <span class='ocrx_word' id='word_1_86' title='bbox 1106 1547 1177 1600; x_wconf 91' lang='lat' dir='ltr'><strong>non</strong></span> <span class='ocrx_word' id='word_1_87' title='bbox 1195 1524 1357 1600; x_wconf 88' lang='lat' dir='ltr'><strong>adiuves.</strong></span> <span class='ocrx_word' id='word_1_88' title='bbox 1374 1521 1413 1597; x_wconf 90' lang='lat' dir='ltr'><strong>Si</strong></span> <span class='ocrx_word' id='word_1_89' title='bbox 1431 1522 1480 1598; x_wconf 87' lang='lat' dir='ltr'><strong>sit</strong></span> <span class='ocrx_word' id='word_1_90' title='bbox 1495 1521 1533 1596; x_wconf 93' lang='lat' dir='ltr'><strong>in</strong></span> <span class='ocrx_word' id='word_1_91' title='bbox 1546 1546 1628 1596; x_wconf 88' lang='lat' dir='ltr'><strong>car·</strong></span> 
     </span>
     <span class='ocr_line' id='line_1_12' title="bbox 391 1637 1628 1739; baseline -0.003 -25"><span class='ocrx_word' id='word_1_92' title='bbox 391 1663 483 1729; x_wconf 89' lang='lat' dir='ltr'><strong>cere,</strong></span> <span class='ocrx_word' id='word_1_93' title='bbox 495 1647 531 1715; x_wconf 92' lang='lat' dir='ltr'><strong>et</strong></span> <span class='ocrx_word' id='word_1_94' title='bbox 544 1640 654 1737; x_wconf 84' lang='lat' dir='ltr'><strong>paenis</strong></span> <span class='ocrx_word' id='word_1_95' title='bbox 671 1650 707 1716; x_wconf 89' lang='lat' dir='ltr'><strong>et</strong></span> <span class='ocrx_word' id='word_1_96' title='bbox 724 1639 912 1739; x_wconf 87' lang='lat' dir='ltr'><strong>suppliciis</strong></span> <span class='ocrx_word' id='word_1_97' title='bbox 928 1647 1069 1738; x_wconf 89' lang='lat' dir='ltr'><strong>propter</strong></span> <span class='ocrx_word' id='word_1_98' title='bbox 1086 1638 1247 1716; x_wconf 92' lang='lat' dir='ltr'><strong>debitum</strong></span> <span class='ocrx_word' id='word_1_99' title='bbox 1263 1638 1418 1737; x_wconf 87' lang='lat' dir='ltr'><strong>aliquod,</strong></span> <span class='ocrx_word' id='word_1_100' title='bbox 1433 1637 1552 1712; x_wconf 89' lang='lat' dir='ltr'><strong>iustus</strong></span> <span class='ocrx_word' id='word_1_101' title='bbox 1566 1661 1628 1713; x_wconf 85' lang='lat' dir='ltr'><strong>ex-</strong></span> 
     </span>
     <span class='ocr_line' id='line_1_13' title="bbox 392 1743 1628 1842; baseline -0.005 -14"><span class='ocrx_word' id='word_1_102' title='bbox 392 1743 584 1830; x_wconf 89' lang='lat' dir='ltr'><strong>crucietur.</strong></span> <span class='ocrx_word' id='word_1_103' title='bbox 602 1757 694 1828; x_wconf 91' lang='lat' dir='ltr'><strong>Nam</strong></span> <span class='ocrx_word' id='word_1_104' title='bbox 713 1762 749 1829; x_wconf 91' lang='lat' dir='ltr'><strong>et</strong></span> <span class='ocrx_word' id='word_1_105' title='bbox 765 1754 795 1827; x_wconf 88' lang='lat' dir='ltr'><strong>si</strong></span> <span class='ocrx_word' id='word_1_106' title='bbox 813 1752 979 1828; x_wconf 86' lang='lat' dir='ltr'><strong>omnibns</strong></span> <span class='ocrx_word' id='word_1_107' title='bbox 996 1752 1144 1827; x_wconf 91' lang='lat' dir='ltr'><strong>debetur</strong></span> <span class='ocrx_word' id='word_1_108' title='bbox 1161 1751 1416 1842; x_wconf 86' lang='lat' dir='ltr'><strong>misericordia,</strong></span> <span class='ocrx_word' id='word_1_109' title='bbox 1429 1759 1551 1825; x_wconf 91' lang='lat' dir='ltr'><strong>tamen</strong></span> <span class='ocrx_word' id='word_1_110' title='bbox 1570 1749 1628 1823; x_wconf 93' lang='lat' dir='ltr'><strong>iu·</strong></span> 
     </span>
     <span class='ocr_line' id='line_1_14' title="bbox 392 1863 1628 1965; baseline -0.003 -25"><span class='ocrx_word' id='word_1_111' title='bbox 392 1876 447 1941; x_wconf 91' lang='lat' dir='ltr'><strong>sto</strong></span> <span class='ocrx_word' id='word_1_112' title='bbox 463 1865 630 1965; x_wconf 89' lang='lat' dir='ltr'><strong>amplius,</strong></span> <span class='ocrx_word' id='word_1_113' title='bbox 647 1865 678 1940; x_wconf 87' lang='lat' dir='ltr'><strong>si</strong></span> <span class='ocrx_word' id='word_1_114' title='bbox 696 1875 852 1964; x_wconf 91' lang='lat' dir='ltr'><strong>tempore</strong></span> <span class='ocrx_word' id='word_1_115' title='bbox 866 1864 1070 1940; x_wconf 87' lang='lat' dir='ltr'><strong>afflictionis</strong></span> <span class='ocrx_word' id='word_1_116' title='bbox 1085 1889 1160 1938; x_wconf 87' lang='lat' dir='ltr'><strong>suae</strong></span> <span class='ocrx_word' id='word_1_117' title='bbox 1172 1863 1287 1940; x_wconf 91' lang='lat' dir='ltr'><strong>nichil</strong></span> <span class='ocrx_word' id='word_1_118' title='bbox 1301 1863 1479 1962; x_wconf 80' lang='lat' dir='ltr'><strong>impetret,</strong></span> <span class='ocrx_word' id='word_1_119' title='bbox 1492 1863 1521 1936; x_wconf 89' lang='lat' dir='ltr'><strong>si</strong></span> <span class='ocrx_word' id='word_1_120' title='bbox 1535 1871 1628 1937; x_wconf 88' lang='lat' dir='ltr'><strong>tem-</strong></span> 
     </span>
     <span class='ocr_line' id='line_1_15' title="bbox 391 1977 1628 2080; baseline -0.004 -25"><span class='ocrx_word' id='word_1_121' title='bbox 391 2004 474 2080; x_wconf 91' lang='lat' dir='ltr'><strong>pore</strong></span> <span class='ocrx_word' id='word_1_122' title='bbox 492 1979 643 2079; x_wconf 89' lang='lat' dir='ltr'><strong>periculi</strong></span> <span class='ocrx_word' id='word_1_123' title='bbox 662 2003 731 2078; x_wconf 93' lang='lat' dir='ltr'><strong>quo</strong></span> <span class='ocrx_word' id='word_1_124' title='bbox 748 1979 888 2078; x_wconf 83' lang='lat' dir='ltr'><strong>rapitur</strong></span> <span class='ocrx_word' id='word_1_125' title='bbox 904 1981 950 2056; x_wconf 89' lang='lat' dir='ltr'><strong>ad</strong></span> <span class='ocrx_word' id='word_1_126' title='bbox 969 1989 1131 2068; x_wconf 90' lang='lat' dir='ltr'><strong>mortem,</strong></span> <span class='ocrx_word' id='word_1_127' title='bbox 1145 1978 1227 2078; x_wconf 89' lang='lat' dir='ltr'><strong>plus</strong></span> <span class='ocrx_word' id='word_1_128' title='bbox 1239 1979 1333 2078; x_wconf 90' lang='lat' dir='ltr'><strong>apud</strong></span> <span class='ocrx_word' id='word_1_129' title='bbox 1346 1988 1381 2053; x_wconf 86' lang='lat' dir='ltr'><strong>to</strong></span> <span class='ocrx_word' id='word_1_130' title='bbox 1395 1977 1547 2077; x_wconf 88' lang='lat' dir='ltr'><strong>pecunia</strong></span> <span class='ocrx_word' id='word_1_131' title='bbox 1559 1987 1628 2052; x_wconf 90' lang='lat' dir='ltr'><strong>tua</strong></span> 
     </span>
     <span class='ocr_line' id='line_1_16' title="bbox 391 2089 1628 2192; baseline -0.004 -25"><span class='ocrx_word' id='word_1_132' title='bbox 391 2093 513 2169; x_wconf 87' lang='lat' dir='ltr'><strong>valeat</strong></span> <span class='ocrx_word' id='word_1_133' title='bbox 529 2117 637 2192; x_wconf 90' lang='lat' dir='ltr'><strong>quam</strong></span> <span class='ocrx_word' id='word_1_134' title='bbox 654 2094 731 2168; x_wconf 85' lang='lat' dir='ltr'><strong>vita</strong></span> <span class='ocrx_word' id='word_1_135' title='bbox 749 2093 926 2168; x_wconf 91' lang='lat' dir='ltr'><strong>morituri.</strong></span> <span class='ocrx_word' id='word_1_136' title='bbox 945 2095 997 2168; x_wconf 92' lang='lat' dir='ltr'><strong>De</strong></span> <span class='ocrx_word' id='word_1_137' title='bbox 1016 2116 1085 2192; x_wconf 92' lang='lat' dir='ltr'><strong>quo</strong></span> <span class='ocrx_word' id='word_1_138' title='bbox 1103 2091 1254 2191; x_wconf 90' lang='lat' dir='ltr'><strong>pulchre</strong></span> <span class='ocrx_word' id='word_1_139' title='bbox 1275 2091 1336 2167; x_wconf 95' lang='lat' dir='ltr'><strong>Iob</strong></span> <span class='ocrx_word' id='word_1_140' title='bbox 1361 2091 1458 2167; x_wconf 92' lang='lat' dir='ltr'><strong>dicit.</strong></span> <span class='ocrx_word' id='word_1_141' title='bbox 1475 2089 1628 2166; x_wconf 91' lang='lat' dir='ltr'><strong>Benedi-</strong></span> 
     </span>
     <span class='ocr_line' id='line_1_17' title="bbox 390 2205 1628 2307; baseline -0.003 -25"><span class='ocrx_word' id='word_1_142' title='bbox 390 2207 462 2283; x_wconf 93' lang='lat' dir='ltr'><strong>ctio</strong></span> <span class='ocrx_word' id='word_1_143' title='bbox 478 2207 629 2307; x_wconf 91' lang='lat' dir='ltr'><strong>perituri</strong></span> <span class='ocrx_word' id='word_1_144' title='bbox 645 2232 752 2306; x_wconf 90' lang='lat' dir='ltr'><strong>super</strong></span> <span class='ocrx_word' id='word_1_145' title='bbox 772 2231 826 2282; x_wconf 90' lang='lat' dir='ltr'><strong>me</strong></span> <span class='ocrx_word' id='word_1_146' title='bbox 846 2207 958 2282; x_wconf 87' lang='lat' dir='ltr'><strong>venit.</strong></span> <span class='ocrx_word' id='word_1_147' title='bbox 977 2209 1217 2282; x_wconf 86' lang='lat' dir='ltr'><strong>Personarum</strong></span> <span class='ocrx_word' id='word_1_148' title='bbox 1237 2205 1381 2305; x_wconf 92' lang='lat' dir='ltr'><strong>quidem</strong></span> <span class='ocrx_word' id='word_1_149' title='bbox 1404 2207 1500 2280; x_wconf 88' lang='lat' dir='ltr'><strong>Deus</strong></span> <span class='ocrx_word' id='word_1_150' title='bbox 1524 2225 1628 2278; x_wconf 86' lang='lat' dir='ltr'><strong>acce-</strong></span> 
     </span>
     <span class='ocr_line' id='line_1_18' title="bbox 390 2316 1625 2420; baseline -0.006 -24"><span class='ocrx_word' id='word_1_151' title='bbox 390 2330 469 2420; x_wconf 89' lang='lat' dir='ltr'><strong>ptor</strong></span> <span class='ocrx_word' id='word_1_152' title='bbox 485 2345 555 2397; x_wconf 92' lang='lat' dir='ltr'><strong>non</strong></span> <span class='ocrx_word' id='word_1_153' title='bbox 572 2331 638 2412; x_wconf 88' lang='lat' dir='ltr'><strong>est,</strong></span> <span class='ocrx_word' id='word_1_154' title='bbox 655 2321 740 2420; x_wconf 91' lang='lat' dir='ltr'><strong>quia</strong></span> <span class='ocrx_word' id='word_1_155' title='bbox 757 2319 858 2396; x_wconf 92' lang='lat' dir='ltr'><strong>novit</strong></span> <span class='ocrx_word' id='word_1_156' title='bbox 882 2321 1012 2396; x_wconf 92' lang='lat' dir='ltr'><strong>omnia.</strong></span> <span class='ocrx_word' id='word_1_157' title='bbox 1037 2322 1111 2395; x_wconf 88' lang='lat' dir='ltr'><strong>Nos</strong></span> <span class='ocrx_word' id='word_1_158' title='bbox 1135 2328 1257 2394; x_wconf 90' lang='lat' dir='ltr'><strong>autem</strong></span> <span class='ocrx_word' id='word_1_159' title='bbox 1283 2317 1452 2394; x_wconf 90' lang='lat' dir='ltr'><strong>omnibus</strong></span> <span class='ocrx_word' id='word_1_160' title='bbox 1476 2316 1625 2416; x_wconf 91' lang='lat' dir='ltr'><strong>quidem</strong></span> 
     </span>
     <span class='ocr_line' id='line_1_19' title="bbox 392 2432 1625 2533; baseline -0.004 -24"><span class='ocrx_word' id='word_1_161' title='bbox 392 2433 562 2510; x_wconf 88' lang='lat' dir='ltr'><strong>debemus</strong></span> <span class='ocrx_word' id='word_1_162' title='bbox 575 2432 865 2510; x_wconf 87' lang='lat' dir='ltr'><strong>misericordiam.</strong></span> <span class='ocrx_word' id='word_1_163' title='bbox 873 2433 944 2510; x_wconf 86' lang='lat' dir='ltr'><strong>Sed</strong></span> <span class='ocrx_word' id='word_1_164' title='bbox 952 2433 1037 2533; x_wconf 91' lang='lat' dir='ltr'><strong>quia</strong></span> <span class='ocrx_word' id='word_1_165' title='bbox 1047 2432 1207 2532; x_wconf 90' lang='lat' dir='ltr'><strong>plerique</strong></span> <span class='ocrx_word' id='word_1_166' title='bbox 1221 2432 1346 2508; x_wconf 86' lang='lat' dir='ltr'><strong>fraude</strong></span> <span class='ocrx_word' id='word_1_167' title='bbox 1359 2457 1437 2508; x_wconf 89' lang='lat' dir='ltr'><strong>eam</strong></span> <span class='ocrx_word' id='word_1_168' title='bbox 1451 2440 1625 2530; x_wconf 86' lang='lat' dir='ltr'><strong>querunt,</strong></span> 
     </span>
     <span class='ocr_line' id='line_1_20' title="bbox 393 2547 1627 2646; baseline -0.002 -24"><span class='ocrx_word' id='word_1_169' title='bbox 393 2557 430 2622; x_wconf 91' lang='lat' dir='ltr'><strong>et</strong></span> <span class='ocrx_word' id='word_1_170' title='bbox 445 2548 627 2644; x_wconf 84' lang='lat' dir='ltr'><strong>affingunt</strong></span> <span class='ocrx_word' id='word_1_171' title='bbox 643 2572 841 2638; x_wconf 85' lang='lat' dir='ltr'><strong>erumnam,</strong></span> <span class='ocrx_word' id='word_1_172' title='bbox 853 2547 916 2622; x_wconf 91' lang='lat' dir='ltr'><strong>ubi</strong></span> <span class='ocrx_word' id='word_1_173' title='bbox 930 2573 1038 2624; x_wconf 85' lang='lat' dir='ltr'><strong>causa</strong></span> <span class='ocrx_word' id='word_1_174' title='bbox 1053 2548 1318 2636; x_wconf 88' lang='lat' dir='ltr'><strong>manifestatur,</strong></span> <span class='ocrx_word' id='word_1_175' title='bbox 1333 2569 1482 2646; x_wconf 88' lang='lat' dir='ltr'><strong>persona</strong></span> <span class='ocrx_word' id='word_1_176' title='bbox 1494 2567 1627 2642; x_wconf 85' lang='lat' dir='ltr'><strong>cogno·</strong></span> 
     </span>
     <span class='ocr_line' id='line_1_21' title="bbox 393 2659 1627 2760; baseline -0.002 -24"><span class='ocrx_word' id='word_1_177' title='bbox 393 2661 520 2752; x_wconf 87' lang='lat' dir='ltr'><strong>scitur,</strong></span> <span class='ocrx_word' id='word_1_178' title='bbox 532 2671 674 2760; x_wconf 90' lang='lat' dir='ltr'><strong>tempus</strong></span> <span class='ocrx_word' id='word_1_179' title='bbox 687 2671 807 2758; x_wconf 82' lang='lat' dir='ltr'><strong>urget,</strong></span> <span class='ocrx_word' id='word_1_180' title='bbox 819 2660 961 2758; x_wconf 84' lang='lat' dir='ltr'><strong>largius</strong></span> <span class='ocrx_word' id='word_1_181' title='bbox 973 2687 1012 2738; x_wconf 88' lang='lat' dir='ltr'><strong>se</strong></span> <span class='ocrx_word' id='word_1_182' title='bbox 1024 2661 1127 2737; x_wconf 91' lang='lat' dir='ltr'><strong>debet</strong></span> <span class='ocrx_word' id='word_1_183' title='bbox 1140 2661 1354 2760; x_wconf 85' lang='lat' dir='ltr'><strong>profundere</strong></span> <span class='ocrx_word' id='word_1_184' title='bbox 1367 2659 1627 2735; x_wconf 87' lang='lat' dir='ltr'><strong>misericordia.</strong></span> 
     </span>
     <span class='ocr_line' id='line_1_22' title="bbox 394 2774 1627 2874; baseline -0.002 -25"><span class='ocrx_word' id='word_1_185' title='bbox 394 2779 474 2850; x_wconf 91' lang='lat' dir='ltr'><strong>Non</strong></span> <span class='ocrx_word' id='word_1_186' title='bbox 491 2774 587 2850; x_wconf 92' lang='lat' dir='ltr'><strong>enim</strong></span> <span class='ocrx_word' id='word_1_187' title='bbox 606 2799 739 2849; x_wconf 88' lang='lat' dir='ltr'><strong>avarus</strong></span> <span class='ocrx_word' id='word_1_188' title='bbox 757 2784 811 2850; x_wconf 88' lang='lat' dir='ltr'><strong>est</strong></span> <span class='ocrx_word' id='word_1_189' title='bbox 836 2775 1021 2866; x_wconf 90' lang='lat' dir='ltr'><strong>Dominus,</strong></span> <span class='ocrx_word' id='word_1_190' title='bbox 1039 2785 1081 2851; x_wconf 92' lang='lat' dir='ltr'><strong>ut</strong></span> <span class='ocrx_word' id='word_1_191' title='bbox 1105 2775 1302 2874; x_wconf 91' lang='lat' dir='ltr'><strong>plurimum</strong></span> <span class='ocrx_word' id='word_1_192' title='bbox 1319 2784 1466 2874; x_wconf 82' lang='lat' dir='ltr'><strong>quaerat</strong></span> <span class='ocrx_word' id='word_1_193' title='bbox 1490 2778 1627 2850; x_wconf 88' lang='lat' dir='ltr'><strong>Beatus</strong></span> 
     </span>
     <span class='ocr_line' id='line_1_23' title="bbox 395 2887 1625 2989; baseline 0 -27"><span class='ocrx_word' id='word_1_194' title='bbox 395 2887 539 2986; x_wconf 86' lang='lat' dir='ltr'><strong>quidem</strong></span> <span class='ocrx_word' id='word_1_195' title='bbox 553 2889 613 2986; x_wconf 90' lang='lat' dir='ltr'><strong>qui</strong></span> <span class='ocrx_word' id='word_1_196' title='bbox 632 2888 782 2964; x_wconf 91' lang='lat' dir='ltr'><strong>dimittit</strong></span> <span class='ocrx_word' id='word_1_197' title='bbox 798 2887 916 2963; x_wconf 83' lang='lat' dir='ltr'><strong>omnia</strong></span> <span class='ocrx_word' id='word_1_198' title='bbox 934 2898 971 2964; x_wconf 87' lang='lat' dir='ltr'><strong>et</strong></span> <span class='ocrx_word' id='word_1_199' title='bbox 986 2890 1150 2989; x_wconf 84' lang='lat' dir='ltr'><strong>sequitur</strong></span> <span class='ocrx_word' id='word_1_200' title='bbox 1166 2915 1260 2966; x_wconf 92' lang='lat' dir='ltr'><strong>eum.</strong></span> <span class='ocrx_word' id='word_1_201' title='bbox 1277 2890 1400 2966; x_wconf 88' lang='lat' dir='ltr'><strong>Sedet</strong></span> <span class='ocrx_word' id='word_1_202' title='bbox 1417 2889 1479 2964; x_wconf 91' lang='lat' dir='ltr'><strong>ille</strong></span> <span class='ocrx_word' id='word_1_203' title='bbox 1496 2888 1625 2965; x_wconf 92' lang='lat' dir='ltr'><strong>beatus</strong></span> 
     </span>
     <span class='ocr_line' id='line_1_24' title="bbox 398 3001 1625 3101; baseline -0.002 -24"><span class='ocrx_word' id='word_1_204' title='bbox 398 3012 463 3092; x_wconf 86' lang='lat' dir='ltr'><strong>cst,</strong></span> <span class='ocrx_word' id='word_1_205' title='bbox 481 3001 542 3101; x_wconf 92' lang='lat' dir='ltr'><strong>qui</strong></span> <span class='ocrx_word' id='word_1_206' title='bbox 560 3002 653 3101; x_wconf 93' lang='lat' dir='ltr'><strong>quod</strong></span> <span class='ocrx_word' id='word_1_207' title='bbox 677 3001 785 3078; x_wconf 87' lang='lat' dir='ltr'><strong>habet</strong></span> <span class='ocrx_word' id='word_1_208' title='bbox 809 3027 854 3078; x_wconf 87' lang='lat' dir='ltr'><strong>ex</strong></span> <span class='ocrx_word' id='word_1_209' title='bbox 877 3003 1009 3078; x_wconf 85' lang='lat' dir='ltr'><strong>affectu</strong></span> <span class='ocrx_word' id='word_1_210' title='bbox 1034 3003 1130 3079; x_wconf 89' lang='lat' dir='ltr'><strong>lacit.</strong></span> <span class='ocrx_word' id='word_1_211' title='bbox 1156 3003 1326 3079; x_wconf 84' lang='lat' dir='ltr'><strong>Ceterum</strong></span> <span class='ocrx_word' id='word_1_212' title='bbox 1353 3002 1528 3078; x_wconf 85' lang='lat' dir='ltr'><strong>Dominus</strong></span> <span class='ocrx_word' id='word_1_213' title='bbox 1551 3025 1625 3076; x_wconf 91' lang='lat' dir='ltr'><strong>non</strong></span> 
     </span>
     <span class='ocr_line' id='line_1_25' title="bbox 395 3115 1625 3214; baseline 0 -24"><span class='ocrx_word' id='word_1_214' title='bbox 395 3116 476 3191; x_wconf 82' lang='lat' dir='ltr'><strong>vult</strong></span> <span class='ocrx_word' id='word_1_215' title='bbox 493 3115 602 3190; x_wconf 89' lang='lat' dir='ltr'><strong>simul</strong></span> <span class='ocrx_word' id='word_1_216' title='bbox 619 3115 754 3190; x_wconf 85' lang='lat' dir='ltr'><strong>effundi</strong></span> <span class='ocrx_word' id='word_1_217' title='bbox 777 3139 870 3214; x_wconf 80' lang='lat' dir='ltr'><strong>epea,</strong></span> <span class='ocrx_word' id='word_1_218' title='bbox 886 3116 948 3192; x_wconf 87' lang='lat' dir='ltr'><strong>sed</strong></span> <span class='ocrx_word' id='word_1_219' title='bbox 972 3116 1183 3214; x_wconf 88' lang='lat' dir='ltr'><strong>dispensari,</strong></span> <span class='ocrx_word' id='word_1_220' title='bbox 1200 3115 1271 3190; x_wconf 90' lang='lat' dir='ltr'><strong>nisi</strong></span> <span class='ocrx_word' id='word_1_221' title='bbox 1297 3116 1387 3191; x_wconf 82' lang='lat' dir='ltr'><strong>forte</strong></span> <span class='ocrx_word' id='word_1_222' title='bbox 1413 3125 1455 3190; x_wconf 90' lang='grc' dir='ltr'><strong>ιιι</strong></span> <span class='ocrx_word' id='word_1_223' title='bbox 1480 3115 1625 3191; x_wconf 90' lang='lat' dir='ltr'><strong>Elisens</strong></span> 
     </span>
     <span class='ocr_line' id='line_1_26' title="bbox 395 3228 1626 3328; baseline -0.002 -24"><span class='ocrx_word' id='word_1_224' title='bbox 395 3229 503 3304; x_wconf 89' lang='lat' dir='ltr'><strong>boves</strong></span> <span class='ocrx_word' id='word_1_225' title='bbox 527 3251 611 3304; x_wconf 86' lang='lat' dir='ltr'><strong>snos</strong></span> <span class='ocrx_word' id='word_1_226' title='bbox 627 3228 770 3318; x_wconf 88' lang='lat' dir='ltr'><strong>occidit,</strong></span> <span class='ocrx_word' id='word_1_227' title='bbox 787 3239 824 3305; x_wconf 87' lang='lat' dir='ltr'><strong>et</strong></span> <span class='ocrx_word' id='word_1_228' title='bbox 850 3229 951 3327; x_wconf 84' lang='lat' dir='ltr'><strong>pavit</strong></span> <span class='ocrx_word' id='word_1_229' title='bbox 974 3253 1146 3328; x_wconf 89' lang='lat' dir='ltr'><strong>pauperes</strong></span> <span class='ocrx_word' id='word_1_230' title='bbox 1170 3253 1214 3305; x_wconf 84' lang='lat' dir='ltr'><strong>ex</strong></span> <span class='ocrx_word' id='word_1_231' title='bbox 1239 3253 1280 3305; x_wconf 91' lang='lat' dir='ltr'><strong>eo</strong></span> <span class='ocrx_word' id='word_1_232' title='bbox 1305 3229 1398 3328; x_wconf 92' lang='lat' dir='ltr'><strong>qnod</strong></span> <span class='ocrx_word' id='word_1_233' title='bbox 1423 3228 1561 3317; x_wconf 92' lang='lat' dir='ltr'><strong>habuit,</strong></span> <span class='ocrx_word' id='word_1_234' title='bbox 1582 3237 1626 3302; x_wconf 92' lang='lat' dir='ltr'><strong>nt</strong></span> 
     </span>
     <span class='ocr_line' id='line_1_27' title="bbox 397 3339 1626 3434; baseline -0.003 -18"><span class='ocrx_word' id='word_1_235' title='bbox 397 3341 499 3416; x_wconf 91' lang='lat' dir='ltr'><strong>nulla</strong></span> <span class='ocrx_word' id='word_1_236' title='bbox 517 3367 604 3418; x_wconf 90' lang='lat' dir='ltr'><strong>cura</strong></span> <span class='ocrx_word' id='word_1_237' title='bbox 621 3350 804 3418; x_wconf 89' lang='lat' dir='ltr'><strong>teneretur</strong></span> <span class='ocrx_word' id='word_1_238' title='bbox 826 3342 1031 3434; x_wconf 87' lang='lat' dir='ltr'><strong>domestica,</strong></span> <span class='ocrx_word' id='word_1_239' title='bbox 1047 3339 1108 3416; x_wconf 88' lang='lat' dir='ltr'><strong>sed</strong></span> <span class='ocrx_word' id='word_1_240' title='bbox 1126 3339 1263 3417; x_wconf 89' lang='lat' dir='ltr'><strong>relictis</strong></span> <span class='ocrx_word' id='word_1_241' title='bbox 1279 3339 1445 3416; x_wconf 84' lang='lat' dir='ltr'><strong>omnibus</strong></span> <span class='ocrx_word' id='word_1_242' title='bbox 1462 3339 1501 3414; x_wconf 93' lang='lat' dir='ltr'><strong>in</strong></span> <span class='ocrx_word' id='word_1_243' title='bbox 1518 3339 1626 3415; x_wconf 86' lang='lat' dir='ltr'><strong>disci·</strong></span> 
     </span>
     <span class='ocr_line' id='line_1_28' title="bbox 396 3452 1626 3555; baseline 0.002 -27"><span class='ocrx_word' id='word_1_244' title='bbox 396 3455 532 3554; x_wconf 88' lang='lat' dir='ltr'><strong>plinam</strong></span> <span class='ocrx_word' id='word_1_245' title='bbox 550 3479 588 3530; x_wconf 88' lang='lat' dir='ltr'><strong>se</strong></span> <span class='ocrx_word' id='word_1_246' title='bbox 605 3455 846 3555; x_wconf 88' lang='lat' dir='ltr'><strong>propheticam</strong></span> <span class='ocrx_word' id='word_1_247' title='bbox 865 3457 975 3533; x_wconf 90' lang='lat' dir='ltr'><strong>daret.</strong></span> <span class='ocrx_word' id='word_1_248' title='bbox 992 3459 1058 3531; x_wconf 88' lang='lat' dir='ltr'><strong>Est</strong></span> <span class='ocrx_word' id='word_1_249' title='bbox 1074 3453 1137 3530; x_wconf 90' lang='lat' dir='ltr'><strong>illa</strong></span> <span class='ocrx_word' id='word_1_250' title='bbox 1161 3454 1270 3530; x_wconf 89' lang='lat' dir='ltr'><strong>etiam</strong></span> <span class='ocrx_word' id='word_1_251' title='bbox 1293 3453 1473 3555; x_wconf 86' lang='lat' dir='ltr'><strong>probanda</strong></span> <span class='ocrx_word' id='word_1_252' title='bbox 1496 3452 1626 3530; x_wconf 87' lang='lat' dir='ltr'><strong>libera·</strong></span> 
     </span>
     <span class='ocr_line' id='line_1_29' title="bbox 397 3565 1624 3666; baseline -0.001 -24"><span class='ocrx_word' id='word_1_253' title='bbox 397 3567 493 3659; x_wconf 86' lang='lat' dir='ltr'><strong>litas,</strong></span> <span class='ocrx_word' id='word_1_254' title='bbox 521 3575 563 3642; x_wconf 91' lang='lat' dir='ltr'><strong>ut</strong></span> <span class='ocrx_word' id='word_1_255' title='bbox 595 3567 773 3666; x_wconf 89' lang='lat' dir='ltr'><strong>proximos</strong></span> <span class='ocrx_word' id='word_1_256' title='bbox 802 3567 950 3644; x_wconf 89' lang='lat' dir='ltr'><strong>seminis</strong></span> <span class='ocrx_word' id='word_1_257' title='bbox 978 3566 1033 3644; x_wconf 93' lang='lat' dir='ltr'><strong>tui</strong></span> <span class='ocrx_word' id='word_1_258' title='bbox 1063 3590 1134 3642; x_wconf 92' lang='lat' dir='ltr'><strong>non</strong></span> <span class='ocrx_word' id='word_1_259' title='bbox 1157 3566 1352 3666; x_wconf 84' lang='lat' dir='ltr'><strong>despicias,</strong></span> <span class='ocrx_word' id='word_1_260' title='bbox 1378 3565 1408 3643; x_wconf 89' lang='lat' dir='ltr'><strong>si</strong></span> <span class='ocrx_word' id='word_1_261' title='bbox 1434 3589 1544 3664; x_wconf 80' lang='lat' dir='ltr'><strong>egere</strong></span> <span class='ocrx_word' id='word_1_262' title='bbox 1569 3589 1624 3641; x_wconf 80' lang='lat' dir='ltr'><strong>co</strong></span> 
     </span>
     <span class='ocr_line' id='line_1_30' title="bbox 398 3679 1626 3782; baseline -0.001 -28"><span class='ocrx_word' id='word_1_263' title='bbox 398 3703 562 3778; x_wconf 71' lang='lat' dir='ltr'><strong>gnoseos</strong></span> <span class='ocrx_word' id='word_1_264' title='bbox 586 3679 714 3756; x_wconf 85' lang='lat' dir='ltr'><strong>melius</strong></span> <span class='ocrx_word' id='word_1_265' title='bbox 739 3689 794 3756; x_wconf 89' lang='lat' dir='ltr'><strong>est</strong></span> <span class='ocrx_word' id='word_1_266' title='bbox 810 3682 906 3758; x_wconf 89' lang='lat' dir='ltr'><strong>enim</strong></span> <span class='ocrx_word' id='word_1_267' title='bbox 925 3691 967 3758; x_wconf 92' lang='lat' dir='ltr'><strong>ut</strong></span> <span class='ocrx_word' id='word_1_268' title='bbox 984 3681 1060 3782; x_wconf 88' lang='lat' dir='ltr'><strong>ipsa</strong></span> <span class='ocrx_word' id='word_1_269' title='bbox 1085 3679 1279 3756; x_wconf 89' lang='lat' dir='ltr'><strong>subvenias</strong></span> <span class='ocrx_word' id='word_1_270' title='bbox 1303 3681 1378 3758; x_wconf 89' lang='lat' dir='ltr'><strong>tuis</strong></span> <span class='ocrx_word' id='word_1_271' title='bbox 1402 3679 1535 3779; x_wconf 88' lang='lat' dir='ltr'><strong>quibus</strong></span> <span class='ocrx_word' id='word_1_272' title='bbox 1560 3703 1626 3778; x_wconf 93' lang='lat' dir='ltr'><strong>pu·</strong></span> 
     </span>
     <span class='ocr_line' id='line_1_31' title="bbox 401 3793 1625 3894; baseline -0.002 -26"><span class='ocrx_word' id='word_1_273' title='bbox 401 3796 464 3868; x_wconf 91' lang='lat' dir='ltr'><strong>dor</strong></span> <span class='ocrx_word' id='word_1_274' title='bbox 480 3803 535 3869; x_wconf 89' lang='lat' dir='ltr'><strong>est</strong></span> <span class='ocrx_word' id='word_1_275' title='bbox 551 3793 596 3869; x_wconf 92' lang='lat' dir='ltr'><strong>ab</strong></span> <span class='ocrx_word' id='word_1_276' title='bbox 613 3793 694 3869; x_wconf 87' lang='lat' dir='ltr'><strong>aliis</strong></span> <span class='ocrx_word' id='word_1_277' title='bbox 710 3803 856 3892; x_wconf 88' lang='lat' dir='ltr'><strong>suptum</strong></span> <span class='ocrx_word' id='word_1_278' title='bbox 882 3795 1082 3894; x_wconf 84' lang='lat' dir='ltr'><strong>deposcere,</strong></span> <span class='ocrx_word' id='word_1_279' title='bbox 1098 3803 1162 3870; x_wconf 91' lang='lat' dir='ltr'><strong>aut</strong></span> <span class='ocrx_word' id='word_1_280' title='bbox 1186 3793 1297 3871; x_wconf 91' lang='lat' dir='ltr'><strong>alicui</strong></span> <span class='ocrx_word' id='word_1_281' title='bbox 1314 3793 1494 3894; x_wconf 89' lang='lat' dir='ltr'><strong>postulare</strong></span> <span class='ocrx_word' id='word_1_282' title='bbox 1510 3793 1625 3868; x_wconf 89' lang='lat' dir='ltr'><strong>subsi-</strong></span> 
     </span>
     <span class='ocr_line' id='line_1_32' title="bbox 397 3905 1625 3998; baseline -0.002 -14"><span class='ocrx_word' id='word_1_283' title='bbox 397 3907 496 3984; x_wconf 91' lang='lat' dir='ltr'><strong>dium</strong></span> <span class='ocrx_word' id='word_1_284' title='bbox 522 3907 738 3984; x_wconf 86' lang='lat' dir='ltr'><strong>necessitati.</strong></span> <span class='ocrx_word' id='word_1_285' title='bbox 756 3911 837 3984; x_wconf 89' lang='lat' dir='ltr'><strong>Non</strong></span> <span class='ocrx_word' id='word_1_286' title='bbox 862 3916 986 3986; x_wconf 87' lang='lat' dir='ltr'><strong>tamen</strong></span> <span class='ocrx_word' id='word_1_287' title='bbox 1007 3916 1049 3984; x_wconf 93' lang='lat' dir='ltr'><strong>ut</strong></span> <span class='ocrx_word' id='word_1_288' title='bbox 1073 3907 1128 3982; x_wconf 92' lang='lat' dir='ltr'><strong>illi</strong></span> <span class='ocrx_word' id='word_1_289' title='bbox 1158 3908 1304 3986; x_wconf 87' lang='lat' dir='ltr'><strong>ditiores</strong></span> <span class='ocrx_word' id='word_1_290' title='bbox 1328 3931 1369 3984; x_wconf 91' lang='lat' dir='ltr'><strong>eo</strong></span> <span class='ocrx_word' id='word_1_291' title='bbox 1394 3907 1470 3982; x_wconf 85' lang='lat' dir='ltr'><strong>fieri</strong></span> <span class='ocrx_word' id='word_1_292' title='bbox 1497 3905 1625 3998; x_wconf 90' lang='lat' dir='ltr'><strong>velint,</strong></span> 
     </span>
     <span class='ocr_line' id='line_1_33' title="bbox 399 4021 1626 4122; baseline 0 -28"><span class='ocrx_word' id='word_1_293' title='bbox 399 4021 491 4119; x_wconf 90' lang='lat' dir='ltr'><strong>quod</strong></span> <span class='ocrx_word' id='word_1_294' title='bbox 508 4028 549 4096; x_wconf 91' lang='lat' dir='ltr'><strong>tu</strong></span> <span class='ocrx_word' id='word_1_295' title='bbox 567 4029 665 4119; x_wconf 89' lang='lat' dir='ltr'><strong>potes</strong></span> <span class='ocrx_word' id='word_1_296' title='bbox 682 4021 842 4098; x_wconf 81' lang='lat' dir='ltr'><strong>conferre</strong></span> <span class='ocrx_word' id='word_1_297' title='bbox 859 4021 1033 4122; x_wconf 88' lang='lat' dir='ltr'><strong>inopibus.</strong></span> <span class='ocrx_word' id='word_1_298' title='bbox 1045 4022 1163 4098; x_wconf 83' lang='lat' dir='ltr'><strong>Causa</strong></span> <span class='ocrx_word' id='word_1_299' title='bbox 1176 4021 1272 4096; x_wconf 91' lang='lat' dir='ltr'><strong>enim</strong></span> <span class='ocrx_word' id='word_1_300' title='bbox 1290 4029 1436 4120; x_wconf 74' lang='lat' dir='ltr'><strong>praestat</strong></span> <span class='ocrx_word' id='word_1_301' title='bbox 1452 4043 1523 4096; x_wconf 91' lang='lat' dir='ltr'><strong>non</strong></span> <span class='ocrx_word' id='word_1_302' title='bbox 1542 4045 1626 4118; x_wconf 84' lang='lat' dir='ltr'><strong>gra·</strong></span> 
     </span>
     <span class='ocr_line' id='line_1_34' title="bbox 399 4133 1626 4232; baseline 0.002 -24"><span class='ocrx_word' id='word_1_303' title='bbox 399 4133 460 4208; x_wconf 92' lang='lat' dir='ltr'><strong>tia.</strong></span> <span class='ocrx_word' id='word_1_304' title='bbox 476 4135 602 4231; x_wconf 87' lang='lat' dir='ltr'><strong>Neque</strong></span> <span class='ocrx_word' id='word_1_305' title='bbox 627 4133 724 4208; x_wconf 89' lang='lat' dir='ltr'><strong>enim</strong></span> <span class='ocrx_word' id='word_1_306' title='bbox 753 4143 936 4232; x_wconf 87' lang='lat' dir='ltr'><strong>propterea</strong></span> <span class='ocrx_word' id='word_1_307' title='bbox 960 4144 996 4211; x_wconf 88' lang='lat' dir='ltr'><strong>te</strong></span> <span class='ocrx_word' id='word_1_308' title='bbox 1014 4137 1166 4211; x_wconf 88' lang='lat' dir='ltr'><strong>Domino</strong></span> <span class='ocrx_word' id='word_1_309' title='bbox 1188 4135 1317 4220; x_wconf 89' lang='lat' dir='ltr'><strong>dicasti</strong></span> <span class='ocrx_word' id='word_1_310' title='bbox 1337 4145 1378 4212; x_wconf 92' lang='grc' dir='ltr'><strong>ιιι</strong></span> <span class='ocrx_word' id='word_1_311' title='bbox 1394 4144 1477 4212; x_wconf 89' lang='lat' dir='ltr'><strong>tuos</strong></span> <span class='ocrx_word' id='word_1_312' title='bbox 1493 4133 1626 4210; x_wconf 83' lang='lat' dir='ltr'><strong>divites</strong></span> 
     </span>
     <span class='ocr_line' id='line_1_35' title="bbox 398 4245 1624 4346; baseline 0.003 -26"><span class='ocrx_word' id='word_1_313' title='bbox 398 4247 518 4322; x_wconf 83' lang='lat' dir='ltr'><strong>iacias.</strong></span> <span class='ocrx_word' id='word_1_314' title='bbox 539 4249 585 4320; x_wconf 90' lang='lat' dir='ltr'><strong>Et</strong></span> <span class='ocrx_word' id='word_1_315' title='bbox 608 4245 714 4321; x_wconf 84' lang='lat' dir='ltr'><strong>inira.</strong></span> <span class='ocrx_word' id='word_1_316' title='bbox 732 4246 998 4324; x_wconf 84' lang='lat' dir='ltr'><strong>Consideranda</strong></span> <span class='ocrx_word' id='word_1_317' title='bbox 1023 4247 1131 4324; x_wconf 88' lang='lat' dir='ltr'><strong>etiam</strong></span> <span class='ocrx_word' id='word_1_318' title='bbox 1150 4247 1188 4321; x_wconf 91' lang='lat' dir='ltr'><strong>in</strong></span> <span class='ocrx_word' id='word_1_319' title='bbox 1205 4247 1393 4344; x_wconf 82' lang='lat' dir='ltr'><strong>largiendo</strong></span> <span class='ocrx_word' id='word_1_320' title='bbox 1410 4258 1497 4324; x_wconf 74' lang='lat' dir='ltr'><strong>atas</strong></span> <span class='ocrx_word' id='word_1_321' title='bbox 1513 4257 1624 4346; x_wconf 89' lang='lat' dir='ltr'><strong>atque</strong></span> 
     </span>
     <span class='ocr_line' id='line_1_36' title="bbox 368 4359 1627 4460; baseline 0 -24"><span class='ocrx_word' id='word_1_322' title='bbox 368 4403 371 4411; x_wconf 67' lang='lat'>=</span> <span class='ocrx_word' id='word_1_323' title='bbox 396 4359 571 4450; x_wconf 88' lang='lat' dir='ltr'><strong>debilitas,</strong></span> <span class='ocrx_word' id='word_1_324' title='bbox 588 4383 846 4460; x_wconf 89' lang='lat' dir='ltr'><strong>nonnunquam</strong></span> <span class='ocrx_word' id='word_1_325' title='bbox 872 4363 982 4438; x_wconf 90' lang='lat' dir='ltr'><strong>etiam</strong></span> <span class='ocrx_word' id='word_1_326' title='bbox 1011 4360 1228 4438; x_wconf 89' lang='lat' dir='ltr'><strong>verecundia</strong></span> <span class='ocrx_word' id='word_1_327' title='bbox 1254 4385 1334 4459; x_wconf 86' lang='lat' dir='ltr'><strong>quae</strong></span> <span class='ocrx_word' id='word_1_328' title='bbox 1351 4361 1529 4457; x_wconf 83' lang='lat' dir='ltr'><strong>ingenuos</strong></span> <span class='ocrx_word' id='word_1_329' title='bbox 1548 4384 1627 4460; x_wconf 81' lang='lat' dir='ltr'><strong>pro</strong></span> 
     </span>
     <span class='ocr_line' id='line_1_37' title="bbox 396 4472 1627 4582; baseline 0.002 -34"><span class='ocrx_word' id='word_1_330' title='bbox 396 4473 450 4548; x_wconf 92' lang='lat' dir='ltr'><strong>dit</strong></span> <span class='ocrx_word' id='word_1_331' title='bbox 467 4472 614 4550; x_wconf 87' lang='lat' dir='ltr'><strong>natales.</strong></span> <span class='ocrx_word' id='word_1_332' title='bbox 631 4475 681 4548; x_wconf 92' lang='lat' dir='ltr'><strong>Ut</strong></span> <span class='ocrx_word' id='word_1_333' title='bbox 694 4472 842 4582; x_wconf 69' lang='lat' dir='ltr'><strong>¹senibus</strong></span> <span class='ocrx_word' id='word_1_334' title='bbox 859 4473 941 4580; x_wconf 80' lang='lat' dir='ltr'><strong>plus</strong></span> <span class='ocrx_word' id='word_1_335' title='bbox 957 4473 1138 4572; x_wconf 79' lang='lat' dir='ltr'><strong>largiaris,</strong></span> <span class='ocrx_word' id='word_1_336' title='bbox 1155 4474 1218 4575; x_wconf 88' lang='lat' dir='ltr'><strong>qui</strong></span> <span class='ocrx_word' id='word_1_337' title='bbox 1235 4474 1304 4574; x_wconf 87' lang='lat' dir='ltr'><strong>sibi</strong></span> <span class='ocrx_word' id='word_1_338' title='bbox 1321 4473 1458 4551; x_wconf 86' lang='lat' dir='ltr'><strong>labores</strong></span> <span class='ocrx_word' id='word_1_339' title='bbox 1474 4472 1548 4550; x_wconf 89' lang='lat' dir='ltr'><strong>iam</strong></span> <span class='ocrx_word' id='word_1_340' title='bbox 1566 4498 1627 4550; x_wconf 89' lang='lat' dir='ltr'><strong>ue·</strong></span> 
     </span>
    </p>
   </div>
   <div class='ocr_carea' id='block_1_3' title="bbox 0 0 1823 5316">
    <p class='ocr_par' dir='ltr' id='par_1_3' title="bbox 0 0 1823 5316">
     <span class='ocr_line' id='line_1_38' title="bbox 0 0 1823 5316; baseline 0 0"><span class='ocrx_word' id='word_1_341' title='bbox 0 0 1823 5316; x_wconf 95' lang='lat' dir='ltr'><strong> </strong></span> 
     </span>
    </p>
   </div>
  </div>
 </body>
</html>
