3646 5292
878 381 1074 447 -204-

365 513 443 600 pter
460 499 654 574 hereticam
672 501 884 574 suasionem.
901 499 972 574 Hic
988 501 1175 574 constituit
1191 509 1233 574 ut
1249 499 1465 575 babtizatum
1483 501 1589 578 liniat

362 613 550 712 presbyter
564 609 768 701 chrismate,
777 611 937 687 levatum
951 611 994 687 de
1006 636 1099 710 aqua
1108 622 1249 710 propter
1261 615 1482 690 occasionem
1490 623 1587 689 trau·

362 729 455 802 situs
471 724 605 798 mortis.
619 725 689 800 Hic
702 725 889 799 constituit
905 735 947 799 ut
963 725 1088 799 nullus
1100 725 1216 800 laicus
1229 727 1365 802 crimen
1383 727 1514 804 clerico
1525 754 1587 804 au-

361 843 443 917 deat
460 838 603 926 inferre,
620 848 656 914 et
672 849 714 912 ut
731 839 870 914 diaconi
887 837 1090 913 dalmaticis
1110 839 1148 912 in
1166 839 1327 915 aeoelesia
1347 850 1507 916 utantur.
1524 845 1587 916 Or-

364 952 504 1029 dinavit
516 951 742 1050 presbyteros
750 955 860 1041 XLII,
873 952 1037 1027 diaconos
1050 955 1193 1027 XXVII
1206 965 1242 1028 et
1255 955 1443 1031 constituit
1455 966 1496 1032 ut
1509 958 1587 1030 nul·

366 1063 425 1140 1116
439 1061 582 1136 maioris
592 1061 650 1136 vel
663 1063 790 1161 prioris
803 1062 920 1138 locum
935 1063 1131 1153 invaderet,
1143 1066 1204 1141 sed
1217 1067 1375 1142 ordinem
1388 1077 1586 1166 temporum

363 1203 448 1255 cum
466 1176 597 1272 pudore
614 1187 857 1272 cognosceret,
874 1176 1014 1251 nullum
1032 1177 1175 1254 omnino
1187 1177 1360 1255 clericum
1377 1179 1435 1256 vel
1448 1181 1586 1258 fidelem

361 1287 674 1367 contradicentem.

893 1518 1065 1603 LXXXII.

460 1741 577 1817 Iulius
594 1744 736 1820 natione
753 1747 935 1820 Romanus
952 1746 1188 1820 constitutum
1203 1745 1300 1836 fecit,
1313 1756 1354 1823 111
1370 1745 1493 1821 nullus
1519 1747 1587 1822 cle·

363 1855 461 1931 ricus
477 1881 623 1931 causam
641 1858 836 1954 quamlibet
853 1859 892 1932 in
908 1857 1051 1955 publico
1069 1859 1203 1934 diceret
1215 1859 1286 1933 nisi
1299 1860 1337 1932 in
1354 1858 1525 1935 aecclesia.
1537 1863 1584 1935 Et

360 1978 402 2043 111
418 1969 545 2042 notitia
562 1994 641 2067 quae
657 1970 822 2045 omnibus
839 1996 902 2070 pro
919 1971 986 2046 fide
1003 1981 1058 2046 est
1075 1996 1138 2072 per
1163 1971 1319 2047 notarios
1343 1971 1586 2067 colligeretur,

364 2091 399 2158 et
416 2093 458 2157 ut
469 2083 629 2158 omnium
644 2095 955 2160 monumentorum
968 2085 1007 2158 in
1020 2084 1181 2160 aeeclesia
1194 2107 1257 2184 per
1269 2084 1514 2181 primicerium
1527 2107 1587 2158 no·

360 2196 531 2270 tariorum
541 2195 714 2272 confectio
722 2197 971 2272 celebraretur.
985 2196 1069 2270 Sive
1083 2195 1278 2285 cautiones,
1295 2195 1354 2270 vel
1368 2195 1586 2306 instrumen-

361 2317 409 2397 ta,
427 2317 490 2382 aut
506 2318 731 2398 testamenta,
749 2310 808 2385 vel
825 2310 1066 2406 alligationes,
1083 2318 1148 2384 aut
1172 2308 1472 2384 manumissiones
1495 2307 1584 2385 cleri

363 2421 403 2494 in
421 2421 582 2498 aecclesia
599 2447 661 2520 per
677 2433 843 2499 sanetum
860 2423 1035 2499 scrinium
1053 2421 1282 2498 celebrarent.

886 2645 1077 2731 LXXXIII.

458 2873 621 2949 Liberius
634 2873 775 2948 natione
788 2875 970 2946 Romanus
983 2873 1088 2946 exilio
1096 2872 1300 2970 deportatus
1312 2883 1367 2949 est
1379 2899 1401 2948 a
1415 2875 1587 2951 Constan-

363 2989 413 3064 tio
432 2991 608 3082 Augusto,
621 3010 662 3061 eo
674 2986 765 3083 qnod
780 2985 936 3060 noluisse
949 2983 1067 3060 heresi
1081 2985 1244 3060 Arrianae
1259 2988 1468 3063 consentire.
1480 2990 1527 3062 Et
1538 2987 1587 3063 16·

364 3102 415 3176 611
431 3101 469 3173 in
486 3101 591 3175 exilio
607 3123 719 3175 annos
736 3104 815 3176 llll.
834 3105 880 3174 Et
897 3099 1111 3194 congregati
1129 3099 1327 3174 sacerdotes
1341 3100 1586 3175 cumconsilio

364 3214 495 3289 Liberii
512 3214 768 3288 ordinaverunt
781 3216 818 3287 in
831 3213 950 3288 locum
969 3212 1047 3286 eius
1061 3211 1216 3286 Felicem
1230 3212 1498 3311 Presbyterum,
1516 3214 1601 3314 epi··

363 3351 509 3425 scopum
522 3327 774 3416 venerabilem,
792 3327 930 3402 etfacit
947 3325 1141 3401 concilium
1161 3325 1272 3415 Felix,
1284 3335 1321 3401 et
1342 3327 1482 3403 invenit
1497 3329 1585 3404 duos

361 3441 587 3539 presbyteros
599 3440 861 3516 consentientes
871 3440 1080 3514 Constantio
1093 3443 1257 3534 Augusto
1271 3440 1434 3530 Arriano,
1443 3442 1585 3518 nomine

364 3555 556 3630 Ursaoium
573 3565 610 3629 et
626 3554 831 3643 Valentem,
848 3563 885 3630 et
901 3553 1022 3647 exegit
1034 3575 1092 3626 006
1109 3551 1148 3624 in
1166 3551 1317 3627 concilio
1333 3555 1485 3628 XLVIII
1503 3555 1586 3652 Epi·

362 3691 556 3765 scoporum.
566 3666 626 3740 Illi
640 3678 760 3742 autem
774 3665 849 3741 zelo
861 3667 974 3755 ducti,
985 3674 1207 3761 rogaverunt
1217 3665 1467 3741 Constantium
1477 3677 1584 3744 11116-

237 3858 239 3866 ,
364 3790 508 3854 vocaret
524 3778 707 3854 Liberium
725 3779 768 3854 de
785 3778 904 3867 exilio,
921 3789 957 3854 61
974 3803 1047 3853 una
1064 3787 1207 3853 tantum
1221 3779 1497 3856 communitione
1508 3807 1587 3880 par·

361 3892 537 3991 ticiparet,
555 3900 655 3966 extra
672 3891 869 3966 secundum
886 3891 1114 3990 baptismum.
1132 3895 1209 3981 Quo
1226 3901 1401 3983 revocato,
1421 3893 1492 3968 fuit
1508 3919 1585 3995 per·

362 4003 497 4080 secutio
515 4003 552 4077 in
569 4003 675 4093 clero,
696 4003 747 4077 ita
773 4014 814 4079 ut
838 4004 934 4079 intra
959 4004 1148 4081 ecelesiam
1173 4005 1375 4104 presbyteri
1402 4015 1439 4082 61
1463 4007 1585 4083 6161101

363 4117 538 4215 martyrio
555 4126 817 4192 coronarentur.
835 4120 882 4192 Et
899 4117 1081 4214 depositus
1106 4127 1162 4192 est
1178 4118 1280 4192 Felix
1303 4119 1346 4192 de
1371 4119 1586 4218 episcopatu,

362 4254 489 4332 passus
507 4237 561 4306 661
577 4229 615 4303 in
632 4230 780 4306 civitate
798 4253 925 4308 corona
943 4233 995 4306 ΙΙΙ
1014 4231 1095 4305 idus
1112 4230 1334 4306 Novembris.
