3642 5294
741 413 891 476 ...7-

206 531 307 619 Quod
325 555 395 608 non
414 534 455 607 fit
482 535 663 630 regularis
687 535 833 612 sinodus
857 536 935 612 sine
960 537 1071 611 huius
1095 539 1317 616 auctoritate.
1344 542 1427 642 Cap.

275 649 428 722 XVIIII.
445 658 481 724 et
497 650 689 725 XXXVII.
704 661 741 726 et
757 653 928 724 XXVIII.

204 765 257 836 De
273 760 394 837 eadem
413 785 462 836 re.
480 759 564 862 Cap.
583 761 728 838 LXXII.
746 767 945 840 LXXVIII.
963 765 1183 841 CXXVIIII.

205 877 304 964 Quod
322 899 393 951 non
411 876 459 950 sit
475 879 693 954 consuetudo
715 882 821 977 Papae
838 903 989 976 praeessc
1006 879 1274 972 universalibus
1295 882 1427 959 sinodis

275 991 345 1066 nisi
363 1015 425 1089 per
442 989 581 1086 legatos
598 1015 690 1066 suos
709 993 793 1090 Cap.
812 993 924 1066 XCV.

204 1104 304 1192 Quod
321 1103 433 1200 legati
450 1105 528 1180 eius
545 1106 583 1178 in
600 1105 768 1180 omnibus
794 1104 927 1180 sinodis
951 1107 1058 1204 primi
1083 1108 1321 1184 damnationis
1346 1136 1423 1188 sen-

276 1217 426 1292 tentiam
440 1217 600 1292 inserunt
614 1228 650 1293 et
667 1218 773 1316 primi
791 1219 1032 1294 subscribunt.
1047 1220 1130 1318 Cap.
1144 1223 1224 1295 IIII.
1237 1223 1425 1300 XXVIIII.

277 1332 448 1405 XXXIII.
464 1333 618 1406 XXXV.
635 1333 842 1406 XXXVIII.

206 1446 306 1564 Quod
323 1445 453 1542 legatis
471 1445 583 1544 ipsius
601 1447 641 1521 fit
658 1447 888 1545 proclamati0
904 1447 972 1521 sub
993 1449 1137 1524 nomine
1154 1449 1323 1525 eiusdem.
1341 1452 1427 1550 Cap.

277 1562 466 1634 XXVIIII.

204 1674 303 1760 Quod
321 1675 532 1750 necessitate
550 1675 719 1771 exigente
738 1675 1003 1751 universalibus
1020 1677 1153 1751 sinodis
1169 1677 1213 1751 ad
1229 1681 1426 1776 Romanam

279 1789 395 1864 sedem
414 1789 624 1887 appellatur.
643 1790 727 1887 Cap.
745 1791 862 1864 XXX.
879 1799 916 1864 et
932 1793 1138 1865 XXXVIII.

206 1901 371 1990 Qualiter
389 1903 589 1980 Orientalcs
614 1904 746 1978 sinodis
767 1903 998 1978 subscribunt
1022 1927 1111 2000 quas
1138 1905 1288 1979 mittunt
1313 1909 1426 2004 Papae.

277 2019 361 2116 Cap.
378 2021 496 2093 XXX.
513 2019 640 2094 XLIII.

207 2133 307 2220 Quod
322 2134 353 2208 ei
368 2133 474 2208 liceat
487 2134 804 2232 comprovinciales
818 2132 950 2208 sinodis
963 2133 1040 2232 (sic)
1050 2143 1086 2208 et
1098 2135 1217 2207 omnia
1230 2136 1429 2232 provincia-

278 2246 326 2319 Iia
349 2247 494 2342 negotia
511 2247 619 2322 etiam
643 2273 705 2346 per
729 2247 883 2323 vicarios
905 2271 987 2322 suos
1010 2258 1215 2324 retractare.
1237 2250 1321 2348 Cap.
1346 2253 1427 2324 XV.
1475 2345 1476 2352 ἵ

276 2361 358 2436 ΧΧ.
375 2363 491 2436 XXII.
509 2363 635 2436 LVIII.
652 2364 762 2438 LXX.
782 2365 909 2436 LXXI.

202 2477 304 2563 Quod
321 2476 399 2550 eius
415 2478 629 2551 auctoritate
646 2477 717 2550 iam
736 2479 834 2550 VIII.
861 2475 1085 2551 universales
1109 2476 1224 2550 sinodi
1249 2476 1424 2552 celebrate

275 2599 371 2665 saint.
389 2591 472 2688 Cap.
490 2582 678 2664 XXXIIII.
697 2593 850 2664 XXXV.
868 2593 1074 2665 XXXVIII.
1092 2591 1304 2666 CLXXXV.

203 2707 292 2792 Qua
308 2703 452 2777 sinodus
469 2703 556 2778 dicit
542 2714 602 2778 tur
618 2702 844 2778 universalis.
863 2704 946 2802 Cap.
964 2706 1154 2778 XXXVII.

203 2818 304 2905 Quod
322 2816 861 2914 provincialiaconeiliacedant
874 2816 1151 2891 universalibus
1165 2816 1250 2915 Cap.
1265 2817 1424 2894 CXLVI.

278 2931 475 3007 CCXXIII.

205 3045 305 3135 Quod
319 3046 435 3144 priora
454 3047 696 3122 universalia
686 3055 740 3121 1nt
726 3045 867 3122 terdum
880 3029 1072 3120 emendant
1058 3053 1153 3118 tura
1170 3055 1247 3143 post
1232 3045 1422 3122 strionibus

280 3160 555 3235 universalibus,
574 3160 658 3258 Cap.
677 3161 873 3237 CCXXIII.

207 3279 260 3352 De
282 3273 449 3350 celebrat
423 3285 517 3348 tione
542 3273 721 3349 concilii
711 3299 748 3346 m
773 3295 875 3348 anno.
901 3276 986 3372 Cap.
1004 3277 1046 3349 ΙΙ.
1071 3223 1234 3349 XLVIII.
1262 3273 1424 3350 LXVIII

205 3503 305 3591 Quod
323 3513 398 3599 post
383 3444 600 3577 tChristum
614 3505 680 3577 Pet
664 3511 742 3576 trus
760 3503 896 3600 primus
909 3503 1081 3579 Ecclesia
1098 3513 1194 3602 pont1
1166 3505 1316 3580 ιιιειιι
1268 3531 1299 3580 s1
1301 3506 1423 3604 tCap.

281 3619 462 3690 XLVIIII.
480 3619 516 3689 L.

205 3737 323 3820 Quare
339 3730 490 3806 ccclesia
508 3755 615 3829 super
632 3758 746 3805 unum
764 3733 961 3808 edificatur.
980 3734 1065 3830 Cep.
1083 3733 1153 3808 CC.
1171 3736 1271 3808 XVI.
1405 3741 1406 3744 ’

205 3847 324 3933 Quare
340 3845 466 3920 beatus
484 3849 612 3920 Petrus
630 3847 831 3944 specialiter
848 3845 970 3921 claves
988 3857 1023 3922 et
1041 3847 1281 3946 principatum
1299 3849 1423 3924 iudicii

277 3960 425 4057 accepit.
443 3962 527 4058 Cap.
545 3961 749 4035 CCXXX.

206 4074 306 4161 Quod
322 4074 417 4148 sicut
434 4077 562 4148 Petrus
579 4084 633 4148 est
650 4075 815 4172 prinecps
833 4075 994 4149 omniurn
1012 4075 1271 4174 Apostolorum,
1291 4077 1342 4152 ita
1360 4081 1425 4154 Ro-

278 4213 405 4262 manus
422 4187 588 4264 Pontifex
603 4189 764 4263 omnium
785 4189 1010 4264 Pontificum.
1028 4190 1195 4288 Capitale
1213 4193 1250 4266 L.
1263 4192 1333 4268 CC.
1350 4193 1423 4268 XL.

278 4303 319 4374 in
336 4301 426 4376 libro
444 4304 529 4392 ΙΙΙΙο
547 4303 632 4401 Cap.
650 4306 675 4377 Ι.

208 4414 306 4500 Quod
322 4423 529 4512 potestatem
547 4415 615 4490 sibi
632 4417 798 4493 traditam
817 4444 838 4492 a
856 4421 1006 4494 Domino
1023 4425 1152 4495 Petrus
1177 4421 1241 4495 soli
1261 4421 1422 4497 Clemen-

278 4528 305 4600 ti
323 4527 524 4604 contulerit.
542 4530 626 4628 Cap.
644 4534 788 4606 XLVII.
806 4543 842 4607 et
860 4533 897 4610 C.
916 4536 1029 4609 XIIII.
