3646 5292
728 400 923 466 -215-

217 519 375 610 rabilem,
387 527 424 595 et
439 519 506 596 hoc
523 517 806 595 sacratissimum
825 519 962 620 Corpus
979 515 1438 610 tuum,1neomnemfidem

214 643 250 711 et
266 633 459 732 puritatem
472 643 605 710 sanctae
619 634 699 709 fidei
712 631 897 709 catholicoe
909 631 1073 707 exhibere
1091 640 1127 707 et
1139 631 1178 704 in
1190 629 1330 706 unitate
1344 630 1437 707 eius·

215 750 293 825 dem
313 747 393 823 fidei
410 750 483 822 Deo
499 747 649 823 iuvante
666 749 867 846 persistere,
891 755 927 821 et
943 745 1145 820 nullomodo
1169 755 1294 820 contra
1319 745 1438 820 unita-

214 873 288 938 tem
305 861 507 938 communis
524 870 560 936 et
577 860 794 936 universalis
811 860 982 936 aeoolesiae
999 857 1157 956 cuipiam
1174 857 1340 932 suadenti
1356 881 1437 932 oon·

216 973 360 1062 sentire,
373 973 433 1048 sed
447 982 487 1046 ut
500 972 574 1059 dixi
587 973 693 1048 fidem
706 983 743 1050 et
756 973 949 1074 puritatem
964 998 1092 1062 meam,
1101 981 1209 1070 atque
1221 995 1437 1046 concursum

216 1087 281 1161 tibi
299 1085 588 1182 utilitatibusque
604 1085 775 1162 ecclesie
791 1095 874 1174 tuae,
891 1085 951 1161 cui
976 1111 997 1158 a
1022 1083 1171 1158 Domino
1194 1086 1265 1158 Deo
1283 1091 1439 1181 potestas

215 1199 354 1298 ligandi
371 1199 601 1298 solvendique
618 1200 699 1274 duta
712 1209 767 1274 est
779 1197 946 1297 praedicto
958 1197 1092 1274 vicario
1105 1206 1166 1271 tuo
1178 1205 1285 1294 atque
1299 1221 1439 1272 succes·

215 1313 354 1389 soribus
366 1313 455 1402 eius,
468 1338 525 1388 me
544 1337 606 1410 per
622 1312 742 1387 omnia
760 1311 924 1388 exhibere
943 1310 1162 1410 promittens.
1176 1313 1231 1384 lta
1248 1320 1290 1384 ut
1303 1309 1334 1383 si
1352 1309 1437 1407 quid

218 1435 342 1501 contra
358 1429 555 1499 Romanam
572 1423 773 1515 ecclesiam,
786 1425 845 1500 vel
858 1432 981 1499 contra
999 1423 1167 1498 honorem
1184 1421 1318 1497 domini
1334 1425 1439 1519 Papae

219 1538 398 1637 quodlibet
413 1537 477 1634 agi
495 1561 705 1634 cognovero,
722 1537 870 1611 minime
888 1536 1120 1625 consentiam,
1136 1535 1248 1611 sedin
1262 1543 1438 1634 quantum

217 1651 335 1727 virtus
352 1651 608 1746 suffragaverit
624 1648 774 1741 obviem,
791 1659 827 1724 et
844 1649 980 1724 vicario
1001 1659 1062 1724 tuo
1086 1649 1213 1723 domno
1237 1646 1440 1747 Apostolico

215 1765 327 1840 modis
344 1764 473 1862 quibus
489 1773 608 1862 potero
633 1763 808 1852 nuntiem,
825 1771 861 1837 et
877 1761 913 1836 id
930 1785 1039 1859 agere
1064 1761 1101 1836 id
1118 1760 1240 1838 conari
1265 1758 1440 1859 quatinus

216 1878 321 1952 fidem
340 1877 378 1950 in
394 1876 560 1950 omnibus
580 1875 859 1951 sincerissimam
877 1874 1048 1949 exibeam.
1070 1875 1170 1962 Quod
1188 1874 1219 1948 si
1236 1873 1328 1972 quod
1344 1873 1438 1948 absit

215 2001 339 2067 contra
356 1989 464 2063 huius
481 1989 723 2087 promissionis
741 2013 829 2064 meae
846 1988 975 2064 seriem
992 1987 1130 2086 aliquid
1149 1987 1267 2064 facere
1284 1984 1440 2086 quolibet

216 2104 316 2179 modo
332 2111 562 2201 temptavero,
580 2127 662 2178 reus
679 2103 848 2178 inveniar
864 2101 902 2174 in
916 2110 1049 2176 aeterno
1066 2101 1199 2177 iudicio
1215 2110 1251 2176 et
1269 2101 1440 2177 ultionem

217 2218 366 2292 Auaniae
383 2226 419 2293 et
435 2216 594 2314 Saphirae
611 2215 794 2292 incurram
813 2215 875 2313 qui
892 2215 957 2289 tibi
977 2215 1079 2290 beato
1097 2217 1202 2290 Petro
1222 2214 1265 2290 de
1290 2213 1440 2312 propriis

217 2330 322 2406 rebus
336 2329 495 2404 fraudem
508 2327 823 2418 facere,etlalsum
837 2329 954 2405 dicere
970 2337 1283 2427 praesumpserunt
1294 2331 1371 2402 Hoc
1379 2350 1441 2400 au-

217 2454 289 2520 tem
314 2443 514 2519 indiculum
540 2441 767 2531 sacramenti,
787 2465 854 2538 ego
877 2441 928 2516 ill.
953 2441 1140 2540 episcopus
1165 2466 1276 2515 manu
1301 2441 1442 2538 propria

217 2559 354 2656 scripsi,
371 2567 407 2632 et
424 2555 524 2654 posui
543 2579 649 2653 super
667 2555 953 2631 sacratissimum
971 2579 1100 2652 corpus
1116 2563 1231 2644 tuum,
1251 2557 1322 2630 Deo
1338 2563 1441 2643 teste,

189 2675 194 2680 ’
217 2680 253 2745 et
270 2670 386 2746 iudice
403 2669 561 2769 prsestito
577 2677 812 2758 sacrament0,
831 2668 924 2766 quod
941 2692 1085 2743 servare
1098 2665 1274 2767 promitto.

721 2894 943 2979 lxxxxi-¹1.

315 3127 487 3198 Summus
504 3145 589 3197 vero
606 3120 772 3196 Pontifex
783 3120 926 3218 quando
937 3119 1171 3208 benedicitur,
1184 3115 1335 3214 eligitur
1347 3141 1443 3192 unus

220 3238 263 3314 de
278 3236 529 3314 Cardinaiibus
542 3235 581 3310 in
594 3232 699 3310 titulo
716 3257 781 3308 suo
793 3233 835 3308 de
849 3235 1102 3333 qualicumque
1114 3231 1234 3323 suerit,
1246 3239 1389 3306 tantum
1402 3239 1444 3306 ut

220 3352 266 3426 ud
280 3351 546 3450 praedecessore,
557 3350 608 3424 sit
620 3349 786 3447 pontifice
799 3346 993 3436 ordinetur,
1006 3354 1070 3420 aut
1086 3345 1284 3444 presbyter,
1297 3352 1361 3418 aut
1373 3343 1445 3418 dia·

219 3488 340 3541 conus.
357 3464 422 3539 Die
439 3486 524 3538 vero
540 3462 717 3537 dominica
734 3460 920 3557 egreditur
937 3485 1019 3537 cum
1038 3483 1078 3534 eo
1102 3459 1295 3533 universus
1312 3457 1443 3546 clerus,

221 3589 256 3654 et
273 3576 423 3676 populus
439 3576 484 3650 ad
501 3575 684 3650 basilicam
704 3573 819 3648 sancti
838 3572 946 3648 Petri.
963 3570 1175 3668 Ingrediens
1191 3579 1313 3645 autem
1331 3593 1444 3644 secre-

221 3691 354 3766 tarium
373 3689 537 3764 induitur
553 3686 781 3762 vestimentis
799 3683 1071 3783 pontificalibus.
1087 3686 1129 3757 In
1147 3681 1272 3780 primis
1297 3680 1392 3756 linea
1408 3689 1444 3756 et

221 3804 381 3900 cingulo,
394 3802 521 3878 deinde
534 3799 749 3897 anagolagio
761 3798 903 3895 grandi,
915 3807 951 3872 et
963 3795 1111 3893 cingulo
1123 3793 1308 3886 brachiali,
1320 3802 1356 3869 et
1369 3817 1445 3869 ora·

221 3919 284 4008 rio,
301 3925 421 4014 postea
437 3914 629 3989 dalmatica
647 3911 788 4001 minori,
805 3909 931 3985 deinde
947 3908 1140 3984 dalmatica
1166 3907 1302 3998 maiori,
1318 3906 1444 3983 deinde

220 4029 372 4129 planeta.
390 4033 435 4103 Et
451 4027 601 4104 veniens
617 4035 700 4101 ante
719 4023 974 4100 confessionem
992 4023 1109 4098 sancti
1126 4021 1224 4097 Petri
1244 4029 1445 4120 prosternet

115 4233 118 4238 Ι
222 4168 259 4219 se
277 4143 315 4217 in
332 4142 526 4218 orationem
543 4138 640 4216 scola
656 4148 844 4216 canentem
862 4136 1058 4212 introitum.
1072 4135 1195 4232 Elegit
1209 4143 1246 4210 te
1259 4133 1443 4208 Dominus.

221 4261 384 4355 Surgens
395 4281 481 4333 vero
493 4255 655 4332 ascendit
671 4254 716 4328 ad
732 4253 857 4340 uitare,
871 4261 907 4327 et
919 4249 1112 4348 prosternit
1124 4274 1162 4324 se
1176 4248 1214 4322 in
1227 4246 1395 4336 oratione,
1408 4255 1445 4322 et

221 4373 336 4446 omnis
353 4371 472 4448 clerus
489 4396 572 4447 cum
587 4393 637 4445 eo.
651 4372 777 4442 Postea
790 4366 946 4463 erigitur
957 4363 1002 4438 ab
1015 4362 1210 4462 Episcopis,
1222 4371 1258 4436 et
1271 4359 1443 4435 statuitur

221 4483 317 4564 iuter
333 4486 451 4564 sedem
469 4493 506 4563 et
521 4483 646 4574 altare,
663 4491 699 4558 et
715 4479 948 4578 evangelium
965 4485 1127 4577 apertum
1142 4499 1250 4576 super
1262 4480 1371 4572 caput
1382 4469 1442 4548 vel
