3646 5292
887 399 1085 462 -188-

372 519 698 596 in'saoerdotalibus
711 521 784 596 sint
798 520 1084 619 reprehendenda
1097 522 1267 622 personis,
1281 522 1363 623 plus
1375 533 1497 598 tamen
1509 545 1598 618 erga

373 635 602 731 corrigendos
616 643 703 731 agat
715 634 968 726 benivolentia,
981 660 1088 733 quam
1106 636 1293 726 severitas,
1309 635 1390 734 plus
1406 636 1598 712 cohortatio

377 773 485 847 quam
503 749 700 838 commotio,
718 748 799 848 plus
816 749 949 825 caritas
967 774 1074 848 quam
1101 759 1265 850 potestus.
1291 751 1358 825 Sed
1383 751 1428 825 ab
1453 749 1511 824 his
1535 750 1598 848 qui

373 888 526 962 quaesua
538 873 625 938 sunt
638 874 794 961 querunt
807 888 878 939 non
890 889 969 962 quae
982 864 1089 940 Ihesu
1099 864 1247 954 Christi,
1257 863 1362 940 facile
1372 864 1416 939 ab
1431 864 1500 939 hac
1516 863 1598 961 lege

372 976 577 1062 disceditur,
591 977 676 1052 dum
686 977 849 1054 damnari
859 979 977 1076 magis
986 1003 1094 1078 quam
1108 978 1293 1055 consulere
1306 978 1457 1054 subditis
1469 979 1598 1077 placet

875 1172 1090 1257 XXXVIIII.

442 1377 492 1428 Ex
510 1375 651 1442 epistola
669 1375 815 1429 eiusdem
833 1375 878 1428 ad
896 1377 1022 1429 Donum
1039 1378 1303 1431 Beneventanum
1321 1379 1531 1444 Episcopum.

472 1547 649 1624 Indicium
664 1547 756 1646 quod
769 1547 811 1622 de
824 1556 858 1623 te
872 1547 1271 1648 sperabamusdolemus
1283 1571 1359 1622 esse
1373 1546 1596 1634 frustratum,

375 1660 542 1758 quoniam
560 1671 596 1736 te
613 1686 654 1737 ea
672 1661 910 1736 commississe
927 1659 1174 1761 perspicimus,
1187 1683 1418 1758 quaeomnem
1431 1658 1597 1735 ecclesia·

286 1763 290 1782 '
376 1774 475 1849 sticae
492 1773 688 1850 sanetIonis
706 1773 870 1870 regulam
888 1773 1059 1872 culpabili
1076 1773 1235 1848 novitate
1252 1772 1406 1847 faedaret.
1424 1775 1471 1845 Et
1491 1771 1597 1869 paulo

375 1897 463 1988 post.
480 1887 615 1964 Libello
631 1889 761 1964 etenim
782 1889 887 1964 Pauli
905 1886 1104 1987 presbyteri
1121 1886 1176 1960 tui
1195 1886 1256 1984 qui
1274 1886 1312 1959 in
1329 1885 1481 1960 subditis
1493 1885 1598 1962 habe

372 2010 445 2089 tur,
458 2001 693 2098 cognovimus
714 2013 834 2100 aperte
848 2026 939 2076 nouo
960 2002 1098 2076 ambitu
1121 2001 1268 2098 fedeque
1286 2000 1438 2075 colludio
1451 1999 1597 2100 presby·

371 2113 454 2190 terii
478 2115 634 2191 ordinem
654 2115 766 2192 fuisse
782 2117 979 2206 turbatum,
996 2115 1046 2189 ita
1064 2125 1106 2188 ut
1127 2113 1235 2188 unius
1261 2113 1390 2190 festina
1414 2123 1450 2189 et
1473 2113 1598 2188 imma·

371 2238 455 2303 tura
472 2229 652 2329 provectio
669 2230 830 2328 quaedam
848 2229 992 2304 illorum
1009 2228 1158 2304 deiectio
1175 2229 1271 2306 facta
1287 2229 1336 2304 sit
1351 2252 1439 2327 quos
1459 2237 1536 2304 etas
1560 2238 1597 2304 ot

373 2343 500 2440 religio
516 2343 796 2433 commendabat,
812 2370 895 2419 oum
913 2343 1088 2442 incipiens
1105 2342 1264 2418 emeritis
1280 2351 1316 2418 et
1333 2341 1496 2417 novellus
1508 2366 1593 2439 proe·

371 2455 468 2530 latus
481 2465 536 2531 est
548 2457 716 2554 antiquis.
730 2460 776 2532 Et
793 2457 898 2532 infra.
915 2457 954 2530 Si
968 2478 1052 2531 vero
1069 2455 1175 2554 primi
1191 2455 1253 2532 sed
1265 2453 1378 2553 aliqui
1392 2453 1594 2554 presbyteri

372 2569 468 2644 circa
481 2570 733 2670 Epycandium
747 2569 889 2646 sibimet
905 2571 1179 2671 praeponondnm
1196 2579 1297 2644 tanta
1310 2571 1503 2644 assentatio
1515 2569 1595 2659 fuit,

372 2693 413 2757 ut
430 2683 535 2758 illum
556 2710 637 2761 cum
658 2687 715 2760 sui
732 2685 904 2761 dedecore
922 2695 1108 2783 poscerent
1120 2682 1297 2772 honorari,
1314 2708 1359 2757 ne
1373 2680 1438 2757 hoo
1453 2682 1597 2780 quidem

371 2797 425 2870 illi
440 2797 578 2895 proprio
591 2823 628 2873 se
641 2797 773 2874 iudicio
790 2797 1024 2874 deicientibus
1037 2797 1164 2872 tribuit
1177 2797 1299 2872 debuit
1311 2797 1403 2894 quod
1419 2796 1596 2886 volebant,

372 2933 460 3007 quos
470 2919 544 2984 tum
555 2909 707 2986 miseriae
716 2911 894 2986 voluntati
908 2911 1042 3008 dignus
1055 2913 1173 2987 fuerat
1185 2911 1328 2986 obviare
1341 2936 1448 3009 quam
1462 2911 1595 2987 cedere.

371 3025 546 3099 Deformis
558 3033 679 3099 autem
697 3034 733 3098 et
746 3023 891 3118 ignavis
906 3025 1089 3112 subiectio,
1106 3023 1187 3098 aliis
1203 3023 1293 3100 bene
1310 3024 1377 3098 sibi
1395 3024 1546 3100 consciis
1559 3033 1596 3099 et

371 3161 440 3213 non
459 3138 598 3212 irritam
616 3137 725 3213 faciet
738 3137 802 3212 tibi
816 3138 972 3234 gratiam
987 3140 1050 3215 Dei
1065 3139 1297 3238 praeiudicare
1315 3163 1384 3216 non
1399 3139 1536 3238 poterit,
1553 3147 1595 3214 ut

370 3252 548 3349 primatus
568 3275 650 3327 suos
671 3276 896 3351 quocumque
916 3255 1127 3330 commercio
1148 3253 1187 3327 in
1206 3253 1419 3328 alterutrum
1445 3253 1596 3328 transfe-

371 3366 462 3440 rant.
476 3365 633 3442 Predicti
651 3366 766 3462 igitur
779 3367 842 3465 qui
859 3367 1027 3463 indignos
1044 3393 1081 3443 se
1098 3367 1239 3442 honoris
1255 3367 1312 3442 sui
1325 3367 1447 3442 ordine
1459 3367 1594 3465 proferri

371 3479 551 3556 suntlioet
560 3480 695 3578 privari
705 3481 813 3556 etiam
828 3481 1022 3558 sacerdotio
1032 3491 1265 3569 mererentur,
1279 3493 1401 3557 tamen
1413 3480 1532 3555 ultimi
1541 3481 1595 3554 in·

370 3602 425 3670 ter
439 3616 561 3669 omnes
575 3604 615 3668 ut
629 3593 800 3670 aecolesiae
812 3595 1037 3694 presbyteros
1049 3594 1259 3685 habeantur,
1272 3594 1416 3670 iudiciis
1428 3593 1504 3668 suis
1517 3619 1595 3670 sen·

369 3707 520 3782 tentiam
530 3707 657 3782 serant.
667 3707 855 3782 Inferiores
865 3708 972 3782 etiam
983 3708 1045 3784 illo
1054 3719 1161 3785 erunt
1170 3733 1276 3808 quem
1287 3709 1353 3784 sibi
1364 3708 1502 3807 propria
1516 3733 1594 3784 son·

369 3820 483 3896 tentia
500 3821 746 3917 praetulerunt‚
762 3821 901 3896 caeteris
918 3821 1083 3897 omnibus
1100 3823 1137 3895 in
1155 3845 1195 3897 eo
1212 3821 1334 3897 ordine
1356 3821 1593 3919 permanenti-

370 3935 438 4011 bus
455 3959 560 4033 quem
578 3937 746 4035 cuiquam
760 3935 992 4010 ordinationis
1005 3962 1080 4010 sum
1093 3943 1235 4036 tompus
1247 3935 1407 4026 ascribit,
1419 3959 1485 4011 neo
1499 3935 1594 4034 qnis-

368 4072 476 4147 quam
490 4047 664 4146 primatus
678 4049 735 4122 sui
747 4049 906 4148 patiatur
919 4048 1100 4138 iniuriam,
1113 4049 1174 4123 sed
1186 4049 1224 4121 in
1237 4071 1359 4124 eorum
1369 4055 1503 4122 statum
1516 4057 1593 4122 tun·

367 4161 548 4238 tummodo
564 4163 631 4238 hoc
649 4175 813 4240 recurrat
829 4162 1065 4263 opprobrium,
1082 4163 1144 4261 qui
1161 4162 1301 4238 novello
1321 4161 1482 4238 ordinato
1505 4161 1594 4237 info-

369 4276 480 4351 riores
496 4276 573 4352 lieri
590 4277 799 4373 delegerint.
817 4279 921 4351 quta
938 4276 1039 4351 illud.
1056 4279 1097 4351 In
1115 4299 1185 4375 quo
1201 4275 1296 4351 onim
1315 4274 1446 4350 iudicio
1459 4274 1593 4351 iudica-

368 4391 494 4465 veritis
511 4391 767 4466 iudioabimini.
786 4390 922 4464 Paulus
939 4413 1022 4465 vero
1040 4389 1226 4488 presbyter
1243 4389 1401 4463 ordinem
1419 4414 1525 4462 suum
1549 4389 1592 4462 de

368 4527 438 4608 quo
451 4503 621 4582 laudabili
635 4505 805 4584 firmitate
817 4528 887 4582 uon
901 4504 1020 4596 cessit,
1032 4503 1198 4582 obtineat.
1208 4507 1284 4582 Neo
1296 4501 1446 4580 alterins
1457 4501 1592 4600 aliquid
