3654 5302
741 403 937 466 -431-

229 527 355 599 Nonne
372 523 443 598 duo
460 547 619 622 passeres
643 547 723 599 assa
747 533 906 598 veneunt
930 533 966 599 et
990 533 1118 600 neuter
1144 546 1264 598 eorum
1290 521 1386 597 cadit
1411 521 1449 594 in

229 647 362 712 terram
381 637 459 713 siue
476 637 588 735 patris
607 637 819 712 voluntate?
837 639 927 711 Cum
948 636 1008 712 ille
1025 661 1091 711 nec
1108 635 1257 708 minima
1276 635 1352 708 lieri
1371 633 1448 708 siue

228 750 293 824 Dei
312 750 496 825 voluntate
523 750 630 839 dicat,
648 750 830 825 existimat
854 749 985 848 aliquis
1003 775 1144 824 summa
1166 759 1201 824 et
1227 772 1358 843 magna
1384 756 1448 820 ant

227 865 409 940 nesciente
426 875 490 939 aut
507 887 577 938 non
594 864 822 962 permittente
839 866 912 939 Deo
929 863 968 937 iu
985 864 1137 940 ecclesia
1155 864 1220 937 Dei
1239 862 1326 949 fieri,
1341 871 1377 937 et
1394 885 1449 935 sa-

228 977 386 1054 cerdotes
411 977 502 1054 idest
520 978 583 1054 Dei
609 979 869 1076 dispensatores
893 987 1000 1052 eruut
1025 1000 1095 1052 nou
1114 977 1251 1052 deeius
1269 975 1447 1052 sententia

227 1090 408 1167 ordinati?
423 1091 490 1167 boc
507 1102 562 1167 est
578 1092 683 1168 fidem
700 1115 771 1166 non
787 1091 917 1166 habere
934 1116 1005 1190 qua
1023 1092 1193 1180 vivimus,
1209 1091 1276 1166 hoc
1301 1099 1356 1164 est
1373 1091 1445 1164 Deo

227 1203 394 1282 honorem
418 1229 489 1280 uon
514 1206 609 1282 dare.
626 1205 694 1281 Sed
720 1205 804 1303 quia
828 1215 928 1280 extra
954 1205 1140 1281 ecclesiam
1168 1213 1264 1294 sunt,
1281 1203 1341 1277 sed
1368 1226 1448 1300 quaa

227 1328 351 1394 contra
368 1318 634 1416 dispositionem
652 1329 688 1393 et
705 1317 929 1393 traditionem
947 1317 1129 1413 evaugelii
1148 1317 1251 1404 fiuut,
1263 1316 1359 1390 siout
1374 1315 1449 1413 ipse

226 1433 402 1506 Dominus
418 1431 457 1504 in
474 1433 545 1506 XII
563 1430 745 1529 prophetis
766 1431 865 1528 ponit
888 1441 924 1506 et
948 1430 1044 1505 dicit.
1065 1430 1216 1504 Sibimet
1239 1428 1308 1526 ipsi
1326 1451 1448 1525 regem

228 1544 494 1620 constituerunt
506 1554 542 1619 et
554 1567 624 1618 nou
639 1568 701 1641 per
721 1568 786 1619 me.
802 1547 849 1616 Et
866 1543 1009 1616 iterum.
1024 1540 1211 1630 Sacrificio
1227 1563 1347 1615 eorum
1361 1549 1450 1614 tam·

228 1681 335 1755 quam
354 1658 456 1755 panis
480 1656 613 1742 luctus
629 1681 752 1732 omnes
778 1657 840 1754 qui
859 1655 1080 1730 manducant
1098 1679 1139 1730 ea
1156 1653 1447 1729 contaminabun-

226 1780 297 1844 tur.
316 1774 362 1846 Et
386 1796 448 1871 per
466 1771 610 1845 Esaiam
635 1794 775 1868 quoque
793 1769 950 1866 Spiritus
968 1771 1125 1844 Sanctus
1149 1767 1283 1842 clamat
1299 1775 1335 1841 et
1351 1765 1449 1840 dicit.

227 1888 282 1961 Ve
302 1885 400 1960 vobis
416 1884 482 1958 filii
500 1885 707 1972 desertores,
725 1884 802 1960 haec
826 1882 915 1956 dicit
932 1880 1117 1968 Dominus,
1134 1879 1312 1954 habuistis
1337 1878 1450 1953 cousi·

226 1996 315 2071 lium
333 2020 403 2071 nou
420 2022 482 2096 per
502 2021 568 2086 me,
586 2007 622 2071 et
647 1997 784 2072 lecistis
801 1997 1072 2072 conventionem
1099 2019 1168 2070 non
1195 2019 1256 2092 per
1274 1993 1448 2091 Spiritum

227 2135 358 2200 meum,
375 2111 516 2185 adicere
541 2119 688 2206 peccata
712 2135 821 2208 super
845 2120 1001 2209 peccata,
1026 2118 1063 2183 et
1087 2108 1191 2182 infra.
1208 2111 1353 2182 Movere
1378 2129 1448 2180 uon

225 2223 339 2312 debet,
357 2223 468 2298 sratar
485 2222 687 2311 karissime,
705 2222 735 2295 si
753 2223 895 2320 quidam
915 2223 953 2296 in
971 2222 1140 2297 extremis
1157 2219 1375 2320 temporibus
1391 2247 1449 2294 su-

224 2334 322 2432 perbi
337 2345 372 2410 et
388 2343 630 2424 contumaces,
644 2344 681 2410 at
697 2335 920 2410 sacerdotum
935 2335 1001 2410 Dei
1018 2335 1148 2424 hostes,
1160 2343 1224 2409 aut
1242 2333 1448 2410 deecclesia

224 2447 397 2522 recedunt
418 2456 482 2521 aut
506 2457 632 2522 contra
649 2447 847 2522 aecclesiam
875 2447 1025 2535 faciunt,
1044 2447 1211 2545 quoniam
1236 2446 1326 2522 tales
1350 2471 1449 2522 nunc

223 2561 363 2634 futuros
389 2560 623 2635 et·Dominus
648 2571 685 2636 et
712 2559 868 2659 Apostoli
894 2560 973 2634 eius
1002 2571 1085 2646 ante
1110 2560 1346 2658 praedixerint.
1371 2563 1448 2635 Nec

223 2673 451 2772 praepositum
476 2673 537 2748 sed
563 2697 645 2748 cum
671 2674 803 2749 deserit
837 2700 858 2748 a
892 2675 1103 2771 quibusdam
1130 2675 1282 2749 miretur
1306 2674 1448 2772 aliquis,

222 2784 389 2880 quoniam
414 2785 530 2882 ipsum
558 2785 751 2860 Dominum
778 2785 962 2882 magnalia
992 2797 1028 2862 et
1057 2785 1282 2861 admirabilia
1307 2811 1447 2858 summa

222 2897 423 2986 facientem,
437 2907 472 2972 et
485 2897 639 2972 virtutes
656 2899 721 2972 Dei
742 2899 858 2973 Patris
880 2899 1056 2975 factorum
1076 2923 1221 2975 suorum
1244 2899 1447 2974 testimonio

221 3009 504 3107 comprobantem
522 3009 689 3107 discipuli
707 3010 763 3084 sui
782 3013 981 3109 requirunt,
1005 3023 1042 3088 at
1066 3022 1186 3087 tamen
1210 3012 1271 3087 ille
1297 3036 1368 3086 uon
1394 3012 1447 3084 iu·

221 3122 361 3220 crepuit
386 3122 600 3211 recedentes,
632 3132 696 3196 aut
728 3123 890 3218 graviter
923 3127 1124 3200 cominatus
1148 3135 1213 3213 est,
1238 3125 1299 3199 sed
1326 3125 1446 3219 magis

220 3259 415 3310 conversus
431 3235 475 3309 ad
494 3236 679 3333 Apostolos
700 3235 799 3310 dixit.
816 3238 1001 3335 Numquid
1015 3249 1051 3313 et
1071 3261 1129 3313 vos
1146 3239 1259 3314 vultis
1277 3237 1354 3312 ire?
1367 3241 1447 3312 Ser·

219 3372 311 3421 vaus
327 3348 465 3424 scilicet
482 3347 612 3444 legem,
630 3373 700 3445 qua
717 3347 821 3422 homo
838 3348 995 3424 libertati
1012 3377 1087 3424 sum
1105 3350 1266 3439 relictus,
1283 3359 1319 3423 et
1336 3348 1374 3421 in
1390 3374 1446 3421 ar-

219 3458 324 3533 bitrio
342 3460 480 3559 proprio
496 3459 726 3547 constitutus,
743 3459 773 3533 si
800 3469 872 3534 met
898 3461 984 3558 ipse,
1010 3461 1069 3536 vel
1096 3471 1206 3536 morte
1227 3461 1363 3558 appetit
1386 3459 1445 3534 vel

218 3571 382 3646 salutem.
401 3576 529 3648 Petrus
546 3584 667 3647 tamen
684 3571 955 3670 superedificata
979 3574 1023 3648 ab
1048 3573 1169 3649 eodem
1196 3574 1345 3648 Domino
1371 3573 1446 3647 fne-

220 3695 276 3758 rat
291 3684 465 3780 aecclesia,
482 3711 577 3758 uuus
594 3707 656 3782 pro
673 3683 837 3758 omnibus
854 3683 1012 3783 loquens,
1033 3697 1069 3762 et
1094 3686 1265 3764 aecclesia
1282 3707 1368 3760 voca
1393 3709 1446 3758 re·

219 3797 393 3895 spondens
410 3797 472 3886 ait,
490 3797 640 3873 Domine
655 3796 700 3870 ad
717 3821 822 3894 quem
841 3797 964 3894 imus?
981 3799 1090 3874 verba
1116 3797 1200 3873 vitae
1217 3808 1360 3873 aeternae
1383 3798 1445 3872 ha·

218 3909 1444 4008 bes,etratera.SignificansseilicetetostendenseosquiaOhristo

219 4022 431 4098 recesserint
439 4021 543 4120 culpa
553 4047 618 4099 sua
629 4021 756 4119 perire,
769 4023 967 4098 aeclesiam
982 4035 1102 4099 tamen
1112 4048 1191 4122 qum
1205 4023 1243 4097 iu
1257 4023 1442 4099 Christum

219 4134 352 4222 credat,
369 4143 404 4209 et
421 4158 501 4232 quae
518 4133 628 4209 semel
645 4133 789 4231 idquod
807 4138 1016 4232 cognoverit
1040 4147 1172 4225 teneat,
1194 4160 1391 4233 numquam
1410 4159 1444 4210 o·

217 4245 339 4321 mnino
355 4245 401 4320 ab
418 4270 459 4321 ea
476 4245 666 4334 discedere,
683 4256 719 4320 et
735 4269 793 4320 eos
811 4269 887 4320 esse
906 4245 1115 4336 aeclesiam,
1129 4244 1189 4342 qui
1208 4243 1246 4316 iu
1264 4245 1365 4318 domo
1377 4243 1442 4318 Dei

216 4369 477 4457 permanerent.
487 4357 747 4434 Plantationem
761 4380 845 4433 vero
858 4357 1055 4455 plantatam
1070 4382 1091 4430 a
1106 4360 1179 4432 Deo
1194 4359 1378 4431 Patremon
1392 4381 1444 4430 es·

217 4498 264 4562 se,
281 4496 369 4570 quos
395 4472 557 4547 videmus
583 4495 651 4546 non
679 4469 850 4547 frumeuti
876 4469 1071 4544 stabilitate
1096 4469 1252 4558 solidari,
1276 4469 1336 4544 sed
1354 4478 1442 4542 tam·
