<?xml version="1.0" encoding="UTF-8"?>
<!DOCTYPE html PUBLIC "-//W3C//DTD XHTML 1.0 Transitional//EN"
    "http://www.w3.org/TR/xhtml1/DTD/xhtml1-transitional.dtd">
<html xmlns="http://www.w3.org/1999/xhtml" xml:lang="en" lang="en">
 <head>
  <title>
</title>
<meta http-equiv="Content-Type" content="text/html;charset=utf-8" />
  <meta name='ocr-system' content='tesseract 3.04.00' />
  <meta name='ocr-capabilities' content='ocr_page ocr_carea ocr_par ocr_line ocrx_word'/>
</head>
<body>
  <div class='ocr_page' id='page_1' title='image "./deusdeditpresby00martgoog_0171.png"; bbox 0 0 3582 5288; ppageno 0'>
   <div class='ocr_carea' id='block_1_1' title="bbox 918 410 1114 472">
    <p class='ocr_par' dir='ltr' id='par_1_1' title="bbox 918 410 1114 472">
     <span class='ocr_line' id='line_1_1' title="bbox 918 410 1114 472; baseline 0 -1"><span class='ocrx_word' id='word_1_1' title='bbox 918 410 1114 472; x_wconf 58' lang='lat' dir='ltr'>aldo-</span> 
     </span>
    </p>
   </div>
   <div class='ocr_carea' id='block_1_2' title="bbox 382 528 1628 970">
    <p class='ocr_par' dir='ltr' id='par_1_2' title="bbox 404 528 1627 630">
     <span class='ocr_line' id='line_1_2' title="bbox 404 528 1627 630; baseline -0.002 -23"><span class='ocrx_word' id='word_1_2' title='bbox 404 532 432 607; x_wconf 90' lang='lat' dir='ltr'>ti</span> <span class='ocrx_word' id='word_1_3' title='bbox 450 541 486 607; x_wconf 92' lang='lat' dir='ltr'>et</span> <span class='ocrx_word' id='word_1_4' title='bbox 502 529 645 606; x_wconf 87' lang='lat' dir='ltr'>timenti</span> <span class='ocrx_word' id='word_1_5' title='bbox 661 530 703 605; x_wconf 90' lang='lat' dir='ltr'>de</span> <span class='ocrx_word' id='word_1_6' title='bbox 712 529 889 606; x_wconf 89' lang='lat' dir='ltr'>dominica</span> <span class='ocrx_word' id='word_1_7' title='bbox 907 540 943 606; x_wconf 85' lang='lat' dir='ltr'>et</span> <span class='ocrx_word' id='word_1_8' title='bbox 960 530 1082 605; x_wconf 86' lang='lat' dir='ltr'>divina</span> <span class='ocrx_word' id='word_1_9' title='bbox 1099 528 1311 605; x_wconf 87' lang='lat' dir='ltr'>auctoritato</span> <span class='ocrx_word' id='word_1_10' title='bbox 1329 541 1544 628; x_wconf 86' lang='lat' dir='ltr'>praeceptum</span> <span class='ocrx_word' id='word_1_11' title='bbox 1563 528 1627 630; x_wconf 87' lang='lat' dir='ltr'>qui</span> 
     </span>
    </p>

    <p class='ocr_par' dir='ltr' id='par_1_3' title="bbox 382 645 1628 970">
     <span class='ocr_line' id='line_1_3' title="bbox 382 645 1628 746; baseline 0.003 -28"><span class='ocrx_word' id='word_1_12' title='bbox 382 735 385 746; x_wconf 26' lang='grc' dir='ltr'>Ι</span> <span class='ocrx_word' id='word_1_13' title='bbox 403 645 498 720; x_wconf 87' lang='lat' dir='ltr'>inter</span> <span class='ocrx_word' id='word_1_14' title='bbox 515 655 644 720; x_wconf 80' lang='lat' dir='ltr'>caetera</span> <span class='ocrx_word' id='word_1_15' title='bbox 661 668 740 742; x_wconf 84' lang='lat' dir='ltr'>qnae</span> <span class='ocrx_word' id='word_1_16' title='bbox 756 645 940 720; x_wconf 77' lang='lat' dir='ltr'>ostendere</span> <span class='ocrx_word' id='word_1_17' title='bbox 957 654 993 720; x_wconf 88' lang='lat' dir='ltr'>et</span> <span class='ocrx_word' id='word_1_18' title='bbox 1010 645 1168 720; x_wconf 90' lang='lat' dir='ltr'>revelare</span> <span class='ocrx_word' id='word_1_19' title='bbox 1186 645 1425 738; x_wconf 84' lang='lat' dir='ltr'>dignatusest</span> <span class='ocrx_word' id='word_1_20' title='bbox 1438 645 1553 722; x_wconf 88' lang='lat' dir='ltr'>ethoc</span> <span class='ocrx_word' id='word_1_21' title='bbox 1566 647 1628 722; x_wconf 92' lang='lat' dir='ltr'>ad-</span> 
     </span>
     <span class='ocr_line' id='line_1_4' title="bbox 403 757 1626 857; baseline 0.002 -25"><span class='ocrx_word' id='word_1_22' title='bbox 403 758 501 833; x_wconf 88' lang='lat' dir='ltr'>didit.</span> <span class='ocrx_word' id='word_1_23' title='bbox 520 762 644 857; x_wconf 88' lang='lat' dir='ltr'>Itaque</span> <span class='ocrx_word' id='word_1_24' title='bbox 658 757 718 855; x_wconf 92' lang='lat' dir='ltr'>qui</span> <span class='ocrx_word' id='word_1_25' title='bbox 733 758 877 833; x_wconf 82' lang='lat' dir='ltr'>Christo</span> <span class='ocrx_word' id='word_1_26' title='bbox 890 782 960 832; x_wconf 90' lang='lat' dir='ltr'>non</span> <span class='ocrx_word' id='word_1_27' title='bbox 974 759 1088 835; x_wconf 89' lang='lat' dir='ltr'>credit</span> <span class='ocrx_word' id='word_1_28' title='bbox 1102 759 1321 833; x_wconf 79' lang='lat' dir='ltr'>sacerdotem</span> <span class='ocrx_word' id='word_1_29' title='bbox 1338 757 1485 834; x_wconf 85' lang='lat' dir='ltr'>facienti</span> <span class='ocrx_word' id='word_1_30' title='bbox 1502 769 1626 857; x_wconf 88' lang='lat' dir='ltr'>postea</span> 
     </span>
     <span class='ocr_line' id='line_1_5' title="bbox 404 871 1180 970; baseline -0.001 -23"><span class='ocrx_word' id='word_1_31' title='bbox 404 873 548 947; x_wconf 90' lang='lat' dir='ltr'>credere</span> <span class='ocrx_word' id='word_1_32' title='bbox 567 871 716 970; x_wconf 80' lang='lat' dir='ltr'>incipiet</span> <span class='ocrx_word' id='word_1_33' title='bbox 733 873 952 948; x_wconf 84' lang='lat' dir='ltr'>sacerdotem</span> <span class='ocrx_word' id='word_1_34' title='bbox 971 871 1180 949; x_wconf 83' lang='lat' dir='ltr'>vindicanti.</span> 
     </span>
    </p>
   </div>
   <div class='ocr_carea' id='block_1_3' title="bbox 720 1065 1301 1335">
    <p class='ocr_par' dir='ltr' id='par_1_4' title="bbox 720 1065 1301 1335">
     <span class='ocr_line' id='line_1_6' title="bbox 950 1065 1077 1151; baseline -0.024 0"><span class='ocrx_word' id='word_1_35' title='bbox 950 1065 1077 1151; x_wconf 74' lang='lat' dir='ltr'>CCXV.</span> 
     </span>
     <span class='ocr_line' id='line_1_7' title="bbox 720 1268 1301 1335; baseline -0.007 -13"><span class='ocrx_word' id='word_1_36' title='bbox 720 1271 802 1323; x_wconf 85' lang='lat' dir='ltr'>Item</span> <span class='ocrx_word' id='word_1_37' title='bbox 816 1271 984 1334; x_wconf 85' lang='lat' dir='ltr'>exemplar</span> <span class='ocrx_word' id='word_1_38' title='bbox 998 1273 1070 1322; x_wconf 82' lang='lat' dir='ltr'>eius</span> <span class='ocrx_word' id='word_1_39' title='bbox 1084 1268 1128 1321; x_wconf 81' lang='lat' dir='ltr'>ad</span> <span class='ocrx_word' id='word_1_40' title='bbox 1140 1269 1301 1335; x_wconf 81' lang='lat' dir='ltr'>Magnum.</span> 
     </span>
    </p>
   </div>
   <div class='ocr_carea' id='block_1_4' title="bbox 355 1437 1625 2558">
    <p class='ocr_par' dir='ltr' id='par_1_5' title="bbox 355 1437 1625 2558">
     <span class='ocr_line' id='line_1_8' title="bbox 385 1437 1624 1537; baseline 0.002 -25"><span class='ocrx_word' id='word_1_41' title='bbox 385 1445 387 1448; x_wconf 79' lang='grc'><strong>’</strong></span> <span class='ocrx_word' id='word_1_42' title='bbox 498 1439 659 1537; x_wconf 87' lang='lat' dir='ltr'>Denique</span> <span class='ocrx_word' id='word_1_43' title='bbox 684 1463 792 1536; x_wconf 89' lang='lat' dir='ltr'>quanr</span> <span class='ocrx_word' id='word_1_44' title='bbox 817 1437 865 1513; x_wconf 89' lang='lat' dir='ltr'>sit</span> <span class='ocrx_word' id='word_1_45' title='bbox 890 1439 1125 1536; x_wconf 82' lang='lat' dir='ltr'>inseparabile</span> <span class='ocrx_word' id='word_1_46' title='bbox 1150 1439 1272 1512; x_wconf 89' lang='lat' dir='ltr'>unitas</span> <span class='ocrx_word' id='word_1_47' title='bbox 1298 1449 1562 1514; x_wconf 86' lang='lat' dir='ltr'>sacramentum</span> <span class='ocrx_word' id='word_1_48' title='bbox 1588 1449 1624 1514; x_wconf 89' lang='lat' dir='ltr'>ct</span> 
     </span>
     <span class='ocr_line' id='line_1_9' title="bbox 400 1551 1623 1650; baseline 0.004 -28"><span class='ocrx_word' id='word_1_49' title='bbox 400 1551 477 1626; x_wconf 87' lang='lat' dir='ltr'>sine</span> <span class='ocrx_word' id='word_1_50' title='bbox 495 1577 556 1650; x_wconf 88' lang='lat' dir='ltr'>spe</span> <span class='ocrx_word' id='word_1_51' title='bbox 573 1552 646 1626; x_wconf 86' lang='lat' dir='ltr'>sint</span> <span class='ocrx_word' id='word_1_52' title='bbox 671 1563 706 1626; x_wconf 88' lang='lat' dir='ltr'>et</span> <span class='ocrx_word' id='word_1_53' title='bbox 723 1551 977 1650; x_wconf 87' lang='lat' dir='ltr'>perdictionom</span> <span class='ocrx_word' id='word_1_54' title='bbox 996 1553 1063 1628; x_wconf 87' lang='lat' dir='ltr'>sibi</span> <span class='ocrx_word' id='word_1_55' title='bbox 1089 1554 1283 1627; x_wconf 78' lang='lat' dir='ltr'>maximam</span> <span class='ocrx_word' id='word_1_56' title='bbox 1306 1555 1349 1628; x_wconf 89' lang='lat' dir='ltr'>de</span> <span class='ocrx_word' id='word_1_57' title='bbox 1375 1555 1441 1629; x_wconf 92' lang='lat' dir='ltr'>Dci</span> <span class='ocrx_word' id='word_1_58' title='bbox 1459 1554 1623 1649; x_wconf 79' lang='lat' dir='ltr'>indigna·</span> 
     </span>
     <span class='ocr_line' id='line_1_10' title="bbox 399 1664 1623 1765; baseline 0.003 -28"><span class='ocrx_word' id='word_1_59' title='bbox 399 1664 495 1739; x_wconf 90' lang='lat' dir='ltr'>tione</span> <span class='ocrx_word' id='word_1_60' title='bbox 519 1665 710 1762; x_wconf 90' lang='lat' dir='ltr'>acquirant</span> <span class='ocrx_word' id='word_1_61' title='bbox 734 1665 796 1763; x_wconf 89' lang='lat' dir='ltr'>qni</span> <span class='ocrx_word' id='word_1_62' title='bbox 823 1665 952 1739; x_wconf 84' lang='lat' dir='ltr'>scisma</span> <span class='ocrx_word' id='word_1_63' title='bbox 973 1665 1120 1755; x_wconf 86' lang='lat' dir='ltr'>faciunt,</span> <span class='ocrx_word' id='word_1_64' title='bbox 1139 1677 1174 1742; x_wconf 87' lang='lat' dir='ltr'>et</span> <span class='ocrx_word' id='word_1_65' title='bbox 1192 1667 1316 1742; x_wconf 86' lang='lat' dir='ltr'>relicto</span> <span class='ocrx_word' id='word_1_66' title='bbox 1333 1669 1494 1765; x_wconf 85' lang='lat' dir='ltr'>episcopo</span> <span class='ocrx_word' id='word_1_67' title='bbox 1510 1667 1623 1741; x_wconf 89' lang='lat' dir='ltr'>alium</span> 
     </span>
     <span class='ocr_line' id='line_1_11' title="bbox 399 1778 1625 1877; baseline 0.003 -27"><span class='ocrx_word' id='word_1_68' title='bbox 399 1778 467 1852; x_wconf 89' lang='lat' dir='ltr'>sibi</span> <span class='ocrx_word' id='word_1_69' title='bbox 485 1781 657 1876; x_wconf 88' lang='lat' dir='ltr'>pseudum</span> <span class='ocrx_word' id='word_1_70' title='bbox 674 1779 887 1877; x_wconf 87' lang='lat' dir='ltr'>Episcopum</span> <span class='ocrx_word' id='word_1_71' title='bbox 906 1783 1142 1867; x_wconf 86' lang='lat' dir='ltr'>constituunt,</span> <span class='ocrx_word' id='word_1_72' title='bbox 1159 1780 1316 1854; x_wconf 88' lang='lat' dir='ltr'>declarat</span> <span class='ocrx_word' id='word_1_73' title='bbox 1330 1782 1367 1852; x_wconf 92' lang='lat' dir='ltr'>iu</span> <span class='ocrx_word' id='word_1_74' title='bbox 1381 1780 1482 1854; x_wconf 85' lang='lat' dir='ltr'>libris</span> <span class='ocrx_word' id='word_1_75' title='bbox 1500 1803 1625 1875; x_wconf 83' lang='lat' dir='ltr'>regno·</span> 
     </span>
     <span class='ocr_line' id='line_1_12' title="bbox 399 1893 1622 1992; baseline 0.002 -27"><span class='ocrx_word' id='word_1_76' title='bbox 399 1919 479 1967; x_wconf 91' lang='lat' dir='ltr'>rum</span> <span class='ocrx_word' id='word_1_77' title='bbox 497 1895 675 1992; x_wconf 87' lang='lat' dir='ltr'>scriptura</span> <span class='ocrx_word' id='word_1_78' title='bbox 697 1893 832 1983; x_wconf 90' lang='lat' dir='ltr'>divina,</span> <span class='ocrx_word' id='word_1_79' title='bbox 848 1893 910 1968; x_wconf 92' lang='lat' dir='ltr'>ubi</span> <span class='ocrx_word' id='word_1_80' title='bbox 927 1919 948 1966; x_wconf 92' lang='lat' dir='ltr'>a</span> <span class='ocrx_word' id='word_1_81' title='bbox 965 1895 1062 1969; x_wconf 91' lang='lat' dir='ltr'>tribu</span> <span class='ocrx_word' id='word_1_82' title='bbox 1080 1895 1167 1968; x_wconf 88' lang='lat' dir='ltr'>Iuda</span> <span class='ocrx_word' id='word_1_83' title='bbox 1193 1903 1228 1968; x_wconf 89' lang='lat' dir='ltr'>et</span> <span class='ocrx_word' id='word_1_84' title='bbox 1246 1893 1435 1968; x_wconf 83' lang='lat' dir='ltr'>Beniamin</span> <span class='ocrx_word' id='word_1_85' title='bbox 1452 1897 1488 1968; x_wconf 91' lang='lat' dir='ltr'>X</span> <span class='ocrx_word' id='word_1_86' title='bbox 1505 1894 1622 1968; x_wconf 87' lang='lat' dir='ltr'>tribus</span> 
     </span>
     <span class='ocr_line' id='line_1_13' title="bbox 399 2006 1622 2104; baseline -0.001 -24"><span class='ocrx_word' id='word_1_87' title='bbox 399 2007 509 2083; x_wconf 88' lang='lat' dir='ltr'>scisse</span> <span class='ocrx_word' id='word_1_88' title='bbox 522 2020 618 2100; x_wconf 89' lang='lat' dir='ltr'>suut,</span> <span class='ocrx_word' id='word_1_89' title='bbox 631 2019 667 2084; x_wconf 92' lang='lat' dir='ltr'>et</span> <span class='ocrx_word' id='word_1_90' title='bbox 679 2008 803 2084; x_wconf 86' lang='lat' dir='ltr'>relicto</span> <span class='ocrx_word' id='word_1_91' title='bbox 818 2032 903 2104; x_wconf 83' lang='lat' dir='ltr'>rege</span> <span class='ocrx_word' id='word_1_92' title='bbox 917 2031 991 2092; x_wconf 84' lang='lat' dir='ltr'>su0,</span> <span class='ocrx_word' id='word_1_93' title='bbox 1004 2007 1157 2082; x_wconf 89' lang='lat' dir='ltr'>alterum</span> <span class='ocrx_word' id='word_1_94' title='bbox 1172 2006 1237 2080; x_wconf 90' lang='lat' dir='ltr'>sibi</span> <span class='ocrx_word' id='word_1_95' title='bbox 1253 2006 1338 2080; x_wconf 82' lang='lat' dir='ltr'>foris</span> <span class='ocrx_word' id='word_1_96' title='bbox 1351 2006 1622 2081; x_wconf 84' lang='lat' dir='ltr'>constituerunt.</span> 
     </span>
     <span class='ocr_line' id='line_1_14' title="bbox 398 2118 1622 2219; baseline -0.003 -25"><span class='ocrx_word' id='word_1_97' title='bbox 398 2123 445 2194; x_wconf 88' lang='lat' dir='ltr'>Et</span> <span class='ocrx_word' id='word_1_98' title='bbox 457 2121 669 2219; x_wconf 82' lang='lat' dir='ltr'>indignatus</span> <span class='ocrx_word' id='word_1_99' title='bbox 683 2131 737 2198; x_wconf 89' lang='lat' dir='ltr'>est</span> <span class='ocrx_word' id='word_1_100' title='bbox 754 2123 871 2219; x_wconf 88' lang='lat' dir='ltr'>inquit</span> <span class='ocrx_word' id='word_1_101' title='bbox 889 2122 1061 2195; x_wconf 89' lang='lat' dir='ltr'>Dominus</span> <span class='ocrx_word' id='word_1_102' title='bbox 1079 2118 1115 2192; x_wconf 90' lang='lat' dir='ltr'>in</span> <span class='ocrx_word' id='word_1_103' title='bbox 1129 2119 1227 2194; x_wconf 90' lang='lat' dir='ltr'>omni</span> <span class='ocrx_word' id='word_1_104' title='bbox 1240 2118 1374 2193; x_wconf 86' lang='lat' dir='ltr'>somine</span> <span class='ocrx_word' id='word_1_105' title='bbox 1391 2119 1513 2206; x_wconf 88' lang='lat' dir='ltr'>Israel,</span> <span class='ocrx_word' id='word_1_106' title='bbox 1526 2127 1562 2192; x_wconf 87' lang='lat' dir='ltr'>ct</span> <span class='ocrx_word' id='word_1_107' title='bbox 1574 2119 1622 2192; x_wconf 89' lang='lat' dir='ltr'>di·</span> 
     </span>
     <span class='ocr_line' id='line_1_15' title="bbox 355 2232 1623 2332; baseline -0.002 -24"><span class='ocrx_word' id='word_1_108' title='bbox 355 2317 358 2322; x_wconf 40' lang='lat'>,</span> <span class='ocrx_word' id='word_1_109' title='bbox 399 2236 511 2310; x_wconf 88' lang='lat' dir='ltr'>movit</span> <span class='ocrx_word' id='word_1_110' title='bbox 524 2247 637 2324; x_wconf 71' lang='lat' dir='ltr'>eosot</span> <span class='ocrx_word' id='word_1_111' title='bbox 649 2236 745 2312; x_wconf 88' lang='lat' dir='ltr'>dedit</span> <span class='ocrx_word' id='word_1_112' title='bbox 758 2235 864 2310; x_wconf 90' lang='lat' dir='ltr'>cosin</span> <span class='ocrx_word' id='word_1_113' title='bbox 878 2235 1123 2332; x_wconf 85' lang='lat' dir='ltr'>direptionem,</span> <span class='ocrx_word' id='word_1_114' title='bbox 1136 2233 1245 2308; x_wconf 89' lang='lat' dir='ltr'>donec</span> <span class='ocrx_word' id='word_1_115' title='bbox 1258 2232 1414 2308; x_wconf 87' lang='lat' dir='ltr'>abiceret</span> <span class='ocrx_word' id='word_1_116' title='bbox 1430 2257 1488 2307; x_wconf 89' lang='lat' dir='ltr'>eos</span> <span class='ocrx_word' id='word_1_117' title='bbox 1501 2232 1623 2306; x_wconf 86' lang='lat' dir='ltr'>asacic</span> 
     </span>
     <span class='ocr_line' id='line_1_16' title="bbox 399 2346 1624 2447; baseline -0.003 -26"><span class='ocrx_word' id='word_1_118' title='bbox 399 2375 475 2436; x_wconf 90' lang='lat' dir='ltr'>sua,</span> <span class='ocrx_word' id='word_1_119' title='bbox 494 2350 578 2446; x_wconf 90' lang='lat' dir='ltr'>qnia</span> <span class='ocrx_word' id='word_1_120' title='bbox 596 2350 788 2447; x_wconf 88' lang='lat' dir='ltr'>dissipatus</span> <span class='ocrx_word' id='word_1_121' title='bbox 806 2359 842 2424; x_wconf 89' lang='lat' dir='ltr'>et</span> <span class='ocrx_word' id='word_1_122' title='bbox 859 2349 969 2423; x_wconf 88' lang='lat' dir='ltr'>Israel</span> <span class='ocrx_word' id='word_1_123' title='bbox 987 2373 1008 2420; x_wconf 90' lang='lat' dir='ltr'>a</span> <span class='ocrx_word' id='word_1_124' title='bbox 1026 2348 1126 2422; x_wconf 89' lang='lat' dir='ltr'>domo</span> <span class='ocrx_word' id='word_1_125' title='bbox 1141 2346 1294 2436; x_wconf 83' lang='lat' dir='ltr'>Domini,</span> <span class='ocrx_word' id='word_1_126' title='bbox 1310 2356 1346 2421; x_wconf 84' lang='lat' dir='ltr'>et</span> <span class='ocrx_word' id='word_1_127' title='bbox 1359 2347 1624 2420; x_wconf 86' lang='lat' dir='ltr'>constituerunt</span> 
     </span>
     <span class='ocr_line' id='line_1_17' title="bbox 403 2460 1625 2558; baseline -0.002 -23"><span class='ocrx_word' id='word_1_128' title='bbox 403 2463 471 2536; x_wconf 88' lang='lat' dir='ltr'>sibi</span> <span class='ocrx_word' id='word_1_129' title='bbox 489 2486 612 2558; x_wconf 84' lang='lat' dir='ltr'>regem</span> <span class='ocrx_word' id='word_1_130' title='bbox 632 2463 842 2538; x_wconf 85' lang='lat' dir='ltr'>Hieroboam</span> <span class='ocrx_word' id='word_1_131' title='bbox 860 2463 975 2536; x_wconf 89' lang='lat' dir='ltr'>filium</span> <span class='ocrx_word' id='word_1_132' title='bbox 994 2461 1147 2536; x_wconf 88' lang='lat' dir='ltr'>Nabath.</span> <span class='ocrx_word' id='word_1_133' title='bbox 1164 2461 1399 2556; x_wconf 82' lang='lat' dir='ltr'>indignatum</span> <span class='ocrx_word' id='word_1_134' title='bbox 1417 2485 1493 2535; x_wconf 86' lang='lat' dir='ltr'>esse</span> <span class='ocrx_word' id='word_1_135' title='bbox 1507 2460 1625 2534; x_wconf 91' lang='lat' dir='ltr'>Domi-</span> 
     </span>
    </p>
   </div>
   <div class='ocr_carea' id='block_1_5' title="bbox 277 2572 1623 2673">
    <p class='ocr_par' dir='ltr' id='par_1_6' title="bbox 277 2572 1623 2673">
     <span class='ocr_line' id='line_1_18' title="bbox 277 2572 1623 2673; baseline -0.004 -24"><span class='ocrx_word' id='word_1_136' title='bbox 277 2581 280 2588; x_wconf 85' lang='lat'>&#39;</span> <span class='ocrx_word' id='word_1_137' title='bbox 399 2600 485 2649; x_wconf 89' lang='lat' dir='ltr'>num</span> <span class='ocrx_word' id='word_1_138' title='bbox 504 2576 594 2651; x_wconf 85' lang='lat' dir='ltr'>dixit</span> <span class='ocrx_word' id='word_1_139' title='bbox 610 2585 647 2650; x_wconf 91' lang='lat' dir='ltr'>et</span> <span class='ocrx_word' id='word_1_140' title='bbox 663 2600 721 2651; x_wconf 89' lang='lat' dir='ltr'>eos</span> <span class='ocrx_word' id='word_1_141' title='bbox 738 2577 775 2650; x_wconf 90' lang='lat' dir='ltr'>in</span> <span class='ocrx_word' id='word_1_142' title='bbox 794 2577 1024 2673; x_wconf 84' lang='lat' dir='ltr'>perditionem</span> <span class='ocrx_word' id='word_1_143' title='bbox 1039 2574 1186 2662; x_wconf 81' lang='lat' dir='ltr'>dedisse,</span> <span class='ocrx_word' id='word_1_144' title='bbox 1201 2573 1292 2670; x_wconf 92' lang='lat' dir='ltr'>qnod</span> <span class='ocrx_word' id='word_1_145' title='bbox 1305 2572 1350 2646; x_wconf 89' lang='lat' dir='ltr'>ab</span> <span class='ocrx_word' id='word_1_146' title='bbox 1366 2573 1504 2646; x_wconf 86' lang='lat' dir='ltr'>unitate</span> <span class='ocrx_word' id='word_1_147' title='bbox 1522 2572 1623 2646; x_wconf 91' lang='lat' dir='ltr'>dissi·</span> 
     </span>
    </p>
   </div>
   <div class='ocr_carea' id='block_1_6' title="bbox 343 2679 1726 4590">
    <p class='ocr_par' dir='ltr' id='par_1_7' title="bbox 397 2679 1726 3469">
     <span class='ocr_line' id='line_1_19' title="bbox 398 2679 1726 2787; baseline -0.002 -25"><span class='ocrx_word' id='word_1_148' title='bbox 398 2689 471 2786; x_wconf 93' lang='lat' dir='ltr'>pati</span> <span class='ocrx_word' id='word_1_149' title='bbox 490 2699 619 2778; x_wconf 88' lang='lat' dir='ltr'>essent,</span> <span class='ocrx_word' id='word_1_150' title='bbox 631 2701 739 2787; x_wconf 89' lang='lat' dir='ltr'>atque</span> <span class='ocrx_word' id='word_1_151' title='bbox 756 2689 909 2764; x_wconf 87' lang='lat' dir='ltr'>alterum</span> <span class='ocrx_word' id='word_1_152' title='bbox 929 2689 997 2763; x_wconf 88' lang='lat' dir='ltr'>sibi</span> <span class='ocrx_word' id='word_1_153' title='bbox 1023 2713 1145 2783; x_wconf 85' lang='lat' dir='ltr'>rogem</span> <span class='ocrx_word' id='word_1_154' title='bbox 1163 2687 1441 2762; x_wconf 85' lang='lat' dir='ltr'>constituissent.</span> <span class='ocrx_word' id='word_1_155' title='bbox 1461 2691 1506 2760; x_wconf 84' lang='lat' dir='ltr'>Et</span> <span class='ocrx_word' id='word_1_156' title='bbox 1522 2697 1623 2760; x_wconf 86' lang='lat' dir='ltr'>tanta</span> <span class='ocrx_word' id='word_1_157' title='bbox 1724 2679 1726 2683; x_wconf 61' lang='grc'>’</span> 
     </span>
     <span class='ocr_line' id='line_1_20' title="bbox 397 2801 1620 2900; baseline 0.001 -27"><span class='ocrx_word' id='word_1_158' title='bbox 397 2801 598 2896; x_wconf 83' lang='lat' dir='ltr'>indignatio</span> <span class='ocrx_word' id='word_1_159' title='bbox 616 2802 756 2876; x_wconf 90' lang='lat' dir='ltr'>Domini</span> <span class='ocrx_word' id='word_1_160' title='bbox 775 2802 895 2876; x_wconf 86' lang='lat' dir='ltr'>extitit</span> <span class='ocrx_word' id='word_1_161' title='bbox 911 2803 1086 2876; x_wconf 88' lang='lat' dir='ltr'>adversus</span> <span class='ocrx_word' id='word_1_162' title='bbox 1111 2803 1192 2878; x_wconf 87' lang='lat' dir='ltr'>illos</span> <span class='ocrx_word' id='word_1_163' title='bbox 1209 2802 1271 2900; x_wconf 93' lang='lat' dir='ltr'>qui</span> <span class='ocrx_word' id='word_1_164' title='bbox 1288 2827 1433 2900; x_wconf 73' lang='lat' dir='ltr'>scysma</span> <span class='ocrx_word' id='word_1_165' title='bbox 1451 2801 1620 2890; x_wconf 84' lang='lat' dir='ltr'>fecerant,</span> 
     </span>
     <span class='ocr_line' id='line_1_21' title="bbox 399 2915 1620 3013; baseline 0.002 -25"><span class='ocrx_word' id='word_1_166' title='bbox 399 2925 440 2989; x_wconf 91' lang='lat' dir='ltr'>ut</span> <span class='ocrx_word' id='word_1_167' title='bbox 456 2915 564 2989; x_wconf 90' lang='lat' dir='ltr'>etiam</span> <span class='ocrx_word' id='word_1_168' title='bbox 587 2942 670 2991; x_wconf 91' lang='lat' dir='ltr'>cum</span> <span class='ocrx_word' id='word_1_169' title='bbox 696 2915 799 2990; x_wconf 91' lang='lat' dir='ltr'>homo</span> <span class='ocrx_word' id='word_1_170' title='bbox 824 2916 890 2990; x_wconf 88' lang='lat' dir='ltr'>Dei</span> <span class='ocrx_word' id='word_1_171' title='bbox 908 2917 952 2990; x_wconf 91' lang='lat' dir='ltr'>ad</span> <span class='ocrx_word' id='word_1_172' title='bbox 978 2916 1212 2991; x_wconf 88' lang='lat' dir='ltr'>Hieroboham</span> <span class='ocrx_word' id='word_1_173' title='bbox 1231 2917 1362 2989; x_wconf 87' lang='lat' dir='ltr'>missus</span> <span class='ocrx_word' id='word_1_174' title='bbox 1387 2925 1481 2990; x_wconf 84' lang='lat' dir='ltr'>essct</span> <span class='ocrx_word' id='word_1_175' title='bbox 1505 2916 1620 3013; x_wconf 86' lang='lat' dir='ltr'>quiet</span> 
     </span>
     <span class='ocr_line' id='line_1_22' title="bbox 397 3027 1618 3128; baseline -0.003 -24"><span class='ocrx_word' id='word_1_176' title='bbox 397 3040 544 3126; x_wconf 89' lang='lat' dir='ltr'>peccata</span> <span class='ocrx_word' id='word_1_177' title='bbox 561 3056 626 3104; x_wconf 86' lang='lat' dir='ltr'>sua</span> <span class='ocrx_word' id='word_1_178' title='bbox 652 3029 870 3117; x_wconf 84' lang='lat' dir='ltr'>exbrobarct,</span> <span class='ocrx_word' id='word_1_179' title='bbox 887 3039 994 3128; x_wconf 89' lang='lat' dir='ltr'>atque</span> <span class='ocrx_word' id='word_1_180' title='bbox 1022 3030 1195 3104; x_wconf 87' lang='lat' dir='ltr'>ultionem</span> <span class='ocrx_word' id='word_1_181' title='bbox 1213 3030 1374 3103; x_wconf 87' lang='lat' dir='ltr'>futuram</span> <span class='ocrx_word' id='word_1_182' title='bbox 1401 3027 1618 3126; x_wconf 70' lang='lat' dir='ltr'>praediceret,</span> 
     </span>
     <span class='ocr_line' id='line_1_23' title="bbox 397 3141 1618 3242; baseline -0.003 -24"><span class='ocrx_word' id='word_1_183' title='bbox 397 3169 525 3241; x_wconf 89' lang='lat' dir='ltr'>panem</span> <span class='ocrx_word' id='word_1_184' title='bbox 535 3167 674 3242; x_wconf 88' lang='lat' dir='ltr'>quoque</span> <span class='ocrx_word' id='word_1_185' title='bbox 683 3144 778 3241; x_wconf 90' lang='lat' dir='ltr'>apud</span> <span class='ocrx_word' id='word_1_186' title='bbox 790 3143 870 3218; x_wconf 90' lang='lat' dir='ltr'>illos</span> <span class='ocrx_word' id='word_1_187' title='bbox 879 3144 981 3218; x_wconf 89' lang='lat' dir='ltr'>edere</span> <span class='ocrx_word' id='word_1_188' title='bbox 997 3153 1032 3219; x_wconf 88' lang='lat' dir='ltr'>et</span> <span class='ocrx_word' id='word_1_189' title='bbox 1044 3141 1303 3241; x_wconf 90' lang='lat' dir='ltr'>aquambibere</span> <span class='ocrx_word' id='word_1_190' title='bbox 1316 3151 1508 3234; x_wconf 77' lang='lat' dir='ltr'>rotaretur.</span> <span class='ocrx_word' id='word_1_191' title='bbox 1518 3143 1618 3228; x_wconf 85' lang='lat' dir='ltr'>Quod</span> 
     </span>
     <span class='ocr_line' id='line_1_24' title="bbox 397 3255 1621 3356; baseline -0.003 -23"><span class='ocrx_word' id='word_1_192' title='bbox 397 3283 480 3333; x_wconf 91' lang='lat' dir='ltr'>oum</span> <span class='ocrx_word' id='word_1_193' title='bbox 506 3281 577 3332; x_wconf 93' lang='lat' dir='ltr'>non</span> <span class='ocrx_word' id='word_1_194' title='bbox 602 3258 824 3345; x_wconf 87' lang='lat' dir='ltr'>custodisset,</span> <span class='ocrx_word' id='word_1_195' title='bbox 848 3266 884 3332; x_wconf 91' lang='lat' dir='ltr'>et</span> <span class='ocrx_word' id='word_1_196' title='bbox 900 3267 1023 3332; x_wconf 89' lang='lat' dir='ltr'>contra</span> <span class='ocrx_word' id='word_1_197' title='bbox 1049 3268 1265 3356; x_wconf 86' lang='lat' dir='ltr'>praeceptum</span> <span class='ocrx_word' id='word_1_198' title='bbox 1295 3257 1360 3331; x_wconf 90' lang='lat' dir='ltr'>Dei</span> <span class='ocrx_word' id='word_1_199' title='bbox 1386 3255 1621 3354; x_wconf 87' lang='lat' dir='ltr'>prandidisset</span> 
     </span>
     <span class='ocr_line' id='line_1_25' title="bbox 397 3369 1620 3469; baseline 0 -25"><span class='ocrx_word' id='word_1_200' title='bbox 397 3370 519 3444; x_wconf 86' lang='lat' dir='ltr'>statim</span> <span class='ocrx_word' id='word_1_201' title='bbox 549 3370 681 3445; x_wconf 81' lang='lat' dir='ltr'>divinae</span> <span class='ocrx_word' id='word_1_202' title='bbox 709 3395 861 3446; x_wconf 85' lang='lat' dir='ltr'>censura</span> <span class='ocrx_word' id='word_1_203' title='bbox 882 3369 1081 3446; x_wconf 87' lang='lat' dir='ltr'>maiestatis</span> <span class='ocrx_word' id='word_1_204' title='bbox 1107 3395 1297 3469; x_wconf 88' lang='lat' dir='ltr'>percussus</span> <span class='ocrx_word' id='word_1_205' title='bbox 1318 3380 1382 3459; x_wconf 87' lang='lat' dir='ltr'>est,</span> <span class='ocrx_word' id='word_1_206' title='bbox 1404 3380 1445 3445; x_wconf 89' lang='lat' dir='ltr'>ut</span> <span class='ocrx_word' id='word_1_207' title='bbox 1465 3370 1547 3445; x_wconf 90' lang='lat' dir='ltr'>inde</span> <span class='ocrx_word' id='word_1_208' title='bbox 1569 3395 1620 3444; x_wconf 91' lang='lat' dir='ltr'>re·</span> 
     </span>
    </p>

    <p class='ocr_par' dir='ltr' id='par_1_8' title="bbox 343 3481 1622 4590">
     <span class='ocr_line' id='line_1_26' title="bbox 401 3481 1620 3580; baseline 0 -24"><span class='ocrx_word' id='word_1_209' title='bbox 401 3483 580 3578; x_wconf 83' lang='lat' dir='ltr'>grediens,</span> <span class='ocrx_word' id='word_1_210' title='bbox 593 3483 729 3580; x_wconf 89' lang='lat' dir='ltr'>impetu</span> <span class='ocrx_word' id='word_1_211' title='bbox 741 3507 785 3558; x_wconf 87' lang='lat' dir='ltr'>ac</span> <span class='ocrx_word' id='word_1_212' title='bbox 799 3505 918 3557; x_wconf 86' lang='lat' dir='ltr'>morsu</span> <span class='ocrx_word' id='word_1_213' title='bbox 932 3481 1045 3558; x_wconf 86' lang='lat' dir='ltr'>leonis</span> <span class='ocrx_word' id='word_1_214' title='bbox 1058 3484 1096 3558; x_wconf 90' lang='lat' dir='ltr'>iu</span> <span class='ocrx_word' id='word_1_215' title='bbox 1110 3484 1238 3558; x_wconf 86' lang='lat' dir='ltr'>itinere</span> <span class='ocrx_word' id='word_1_216' title='bbox 1252 3493 1453 3559; x_wconf 88' lang='lat' dir='ltr'>necaretur.</span> <span class='ocrx_word' id='word_1_217' title='bbox 1466 3483 1562 3556; x_wconf 91' lang='lat' dir='ltr'>Idem</span> <span class='ocrx_word' id='word_1_218' title='bbox 1576 3481 1620 3556; x_wconf 87' lang='lat' dir='ltr'>ad</span> 
     </span>
     <span class='ocr_line' id='line_1_27' title="bbox 343 3581 1619 3694; baseline -0.002 -23"><span class='ocrx_word' id='word_1_219' title='bbox 343 3581 347 3592; x_wconf 50' lang='lat'>¹</span> <span class='ocrx_word' id='word_1_220' title='bbox 398 3601 584 3691; x_wconf 79' lang='lat' dir='ltr'>Magnum.</span> <span class='ocrx_word' id='word_1_221' title='bbox 599 3598 691 3672; x_wconf 85' lang='lat' dir='ltr'>Cum</span> <span class='ocrx_word' id='word_1_222' title='bbox 705 3597 860 3694; x_wconf 92' lang='lat' dir='ltr'>primum</span> <span class='ocrx_word' id='word_1_223' title='bbox 878 3596 1071 3694; x_wconf 90' lang='lat' dir='ltr'>discipulos</span> <span class='ocrx_word' id='word_1_224' title='bbox 1085 3621 1166 3671; x_wconf 88' lang='lat' dir='ltr'>suos</span> <span class='ocrx_word' id='word_1_225' title='bbox 1179 3596 1218 3669; x_wconf 93' lang='lat' dir='ltr'>in</span> <span class='ocrx_word' id='word_1_226' title='bbox 1232 3594 1472 3670; x_wconf 86' lang='lat' dir='ltr'>ministerium</span> <span class='ocrx_word' id='word_1_227' title='bbox 1491 3595 1619 3670; x_wconf 88' lang='lat' dir='ltr'>salutis</span> 
     </span>
     <span class='ocr_line' id='line_1_28' title="bbox 397 3707 1620 3796; baseline -0.002 -12"><span class='ocrx_word' id='word_1_228' title='bbox 397 3710 570 3784; x_wconf 92' lang='lat' dir='ltr'>Dominus</span> <span class='ocrx_word' id='word_1_229' title='bbox 588 3709 745 3784; x_wconf 86' lang='lat' dir='ltr'>mitteret</span> <span class='ocrx_word' id='word_1_230' title='bbox 759 3709 945 3784; x_wconf 83' lang='lat' dir='ltr'>mandavit</span> <span class='ocrx_word' id='word_1_231' title='bbox 957 3718 993 3784; x_wconf 90' lang='lat' dir='ltr'>et</span> <span class='ocrx_word' id='word_1_232' title='bbox 1005 3708 1104 3784; x_wconf 88' lang='lat' dir='ltr'>dixit.</span> <span class='ocrx_word' id='word_1_233' title='bbox 1114 3707 1226 3782; x_wconf 89' lang='lat' dir='ltr'>Invia</span> <span class='ocrx_word' id='word_1_234' title='bbox 1239 3709 1425 3782; x_wconf 90' lang='lat' dir='ltr'>nationum</span> <span class='ocrx_word' id='word_1_235' title='bbox 1435 3732 1480 3782; x_wconf 92' lang='lat' dir='ltr'>ne</span> <span class='ocrx_word' id='word_1_236' title='bbox 1493 3708 1620 3796; x_wconf 87' lang='lat' dir='ltr'>ieritis,</span> 
     </span>
     <span class='ocr_line' id='line_1_29' title="bbox 397 3819 1618 3918; baseline 0.002 -24"><span class='ocrx_word' id='word_1_237' title='bbox 397 3821 482 3894; x_wconf 91' lang='lat' dir='ltr'>etin</span> <span class='ocrx_word' id='word_1_238' title='bbox 496 3819 681 3896; x_wconf 87' lang='lat' dir='ltr'>civitatem</span> <span class='ocrx_word' id='word_1_239' title='bbox 696 3821 1004 3896; x_wconf 84' lang='lat' dir='ltr'>Samaritanorum</span> <span class='ocrx_word' id='word_1_240' title='bbox 1018 3847 1063 3897; x_wconf 91' lang='lat' dir='ltr'>ne</span> <span class='ocrx_word' id='word_1_241' title='bbox 1076 3821 1295 3896; x_wconf 88' lang='lat' dir='ltr'>introieritis.</span> <span class='ocrx_word' id='word_1_242' title='bbox 1309 3821 1364 3896; x_wconf 93' lang='lat' dir='ltr'>Ad</span> <span class='ocrx_word' id='word_1_243' title='bbox 1378 3821 1504 3896; x_wconf 89' lang='lat' dir='ltr'>Iudeos</span> <span class='ocrx_word' id='word_1_244' title='bbox 1517 3822 1618 3918; x_wconf 86' lang='lat' dir='ltr'>prins</span> 
     </span>
     <span class='ocr_line' id='line_1_30' title="bbox 397 3932 1620 4033; baseline 0.003 -29"><span class='ocrx_word' id='word_1_245' title='bbox 397 3932 555 4022; x_wconf 87' lang='lat' dir='ltr'>mittens,</span> <span class='ocrx_word' id='word_1_246' title='bbox 571 3934 728 4029; x_wconf 85' lang='lat' dir='ltr'>gentiles</span> <span class='ocrx_word' id='word_1_247' title='bbox 740 3945 860 4010; x_wconf 87' lang='lat' dir='ltr'>autem</span> <span class='ocrx_word' id='word_1_248' title='bbox 875 3934 993 4009; x_wconf 90' lang='lat' dir='ltr'>adhuc</span> <span class='ocrx_word' id='word_1_249' title='bbox 1010 3935 1182 4033; x_wconf 88' lang='lat' dir='ltr'>praeteriri</span> <span class='ocrx_word' id='word_1_250' title='bbox 1196 3935 1304 4010; x_wconf 90' lang='lat' dir='ltr'>iubet.</span> <span class='ocrx_word' id='word_1_251' title='bbox 1320 3935 1487 4009; x_wconf 83' lang='lat' dir='ltr'>Addendo</span> <span class='ocrx_word' id='word_1_252' title='bbox 1499 3945 1620 4009; x_wconf 85' lang='lat' dir='ltr'>autem</span> 
     </span>
     <span class='ocr_line' id='line_1_31' title="bbox 396 4046 1622 4144; baseline -0.002 -24"><span class='ocrx_word' id='word_1_253' title='bbox 396 4057 432 4121; x_wconf 88' lang='lat' dir='ltr'>et</span> <span class='ocrx_word' id='word_1_254' title='bbox 445 4046 628 4121; x_wconf 84' lang='lat' dir='ltr'>civitatem</span> <span class='ocrx_word' id='word_1_255' title='bbox 640 4047 946 4122; x_wconf 85' lang='lat' dir='ltr'>Samaritanorum</span> <span class='ocrx_word' id='word_1_256' title='bbox 956 4047 1082 4123; x_wconf 87' lang='lat' dir='ltr'>debere</span> <span class='ocrx_word' id='word_1_257' title='bbox 1095 4047 1261 4136; x_wconf 88' lang='lat' dir='ltr'>ommitti,</span> <span class='ocrx_word' id='word_1_258' title='bbox 1271 4047 1331 4120; x_wconf 88' lang='lat' dir='ltr'>ubi</span> <span class='ocrx_word' id='word_1_259' title='bbox 1342 4056 1443 4121; x_wconf 81' lang='lat' dir='ltr'>erant</span> <span class='ocrx_word' id='word_1_260' title='bbox 1453 4051 1622 4144; x_wconf 82' lang='lat' dir='ltr'>Scysma·</span> 
     </span>
     <span class='ocr_line' id='line_1_32' title="bbox 396 4158 1621 4260; baseline -0.005 -23"><span class='ocrx_word' id='word_1_261' title='bbox 396 4161 472 4251; x_wconf 85' lang='lat' dir='ltr'>tici,</span> <span class='ocrx_word' id='word_1_262' title='bbox 488 4161 642 4236; x_wconf 89' lang='lat' dir='ltr'>ostendit</span> <span class='ocrx_word' id='word_1_263' title='bbox 660 4162 895 4260; x_wconf 83' lang='lat' dir='ltr'>scysmaticos</span> <span class='ocrx_word' id='word_1_264' title='bbox 920 4160 1119 4256; x_wconf 81' lang='lat' dir='ltr'>gentilibus</span> <span class='ocrx_word' id='word_1_265' title='bbox 1143 4159 1323 4257; x_wconf 89' lang='lat' dir='ltr'>adequari.</span> <span class='ocrx_word' id='word_1_266' title='bbox 1345 4161 1436 4234; x_wconf 88' lang='lat' dir='ltr'>Item</span> <span class='ocrx_word' id='word_1_267' title='bbox 1462 4158 1507 4232; x_wconf 94' lang='lat' dir='ltr'>ad</span> <span class='ocrx_word' id='word_1_268' title='bbox 1523 4182 1621 4232; x_wconf 91' lang='lat' dir='ltr'>eum·</span> 
     </span>
     <span class='ocr_line' id='line_1_33' title="bbox 396 4271 1620 4371; baseline -0.002 -24"><span class='ocrx_word' id='word_1_269' title='bbox 396 4274 487 4348; x_wconf 87' lang='lat' dir='ltr'>dem.</span> <span class='ocrx_word' id='word_1_270' title='bbox 504 4274 749 4348; x_wconf 90' lang='lat' dir='ltr'>Memorialem</span> <span class='ocrx_word' id='word_1_271' title='bbox 763 4273 881 4371; x_wconf 88' lang='lat' dir='ltr'>inquit</span> <span class='ocrx_word' id='word_1_272' title='bbox 895 4271 978 4346; x_wconf 90' lang='lat' dir='ltr'>filiis</span> <span class='ocrx_word' id='word_1_273' title='bbox 992 4271 1112 4362; x_wconf 86' lang='lat' dir='ltr'>Israel,</span> <span class='ocrx_word' id='word_1_274' title='bbox 1130 4282 1171 4347; x_wconf 90' lang='lat' dir='ltr'>ut</span> <span class='ocrx_word' id='word_1_275' title='bbox 1187 4297 1257 4348; x_wconf 90' lang='lat' dir='ltr'>non</span> <span class='ocrx_word' id='word_1_276' title='bbox 1270 4272 1416 4347; x_wconf 86' lang='lat' dir='ltr'>accedat</span> <span class='ocrx_word' id='word_1_277' title='bbox 1429 4271 1620 4370; x_wconf 91' lang='lat' dir='ltr'>quisquam</span> 
     </span>
     <span class='ocr_line' id='line_1_34' title="bbox 395 4385 1621 4486; baseline -0.001 -28"><span class='ocrx_word' id='word_1_278' title='bbox 395 4385 1621 4486; x_wconf 85' lang='lat' dir='ltr'>alienigenaquinonestexsemineAaronimponereincensumante</span> 
     </span>
     <span class='ocr_line' id='line_1_35' title="bbox 399 4496 1621 4590; baseline -0.001 -19"><span class='ocrx_word' id='word_1_279' title='bbox 399 4500 604 4590; x_wconf 89' lang='lat' dir='ltr'>Dominum,</span> <span class='ocrx_word' id='word_1_280' title='bbox 621 4511 662 4574; x_wconf 86' lang='lat' dir='ltr'>ut</span> <span class='ocrx_word' id='word_1_281' title='bbox 680 4524 749 4575; x_wconf 91' lang='lat' dir='ltr'>non</span> <span class='ocrx_word' id='word_1_282' title='bbox 767 4501 815 4574; x_wconf 91' lang='lat' dir='ltr'>sit</span> <span class='ocrx_word' id='word_1_283' title='bbox 832 4501 926 4575; x_wconf 86' lang='lat' dir='ltr'>sicut</span> <span class='ocrx_word' id='word_1_284' title='bbox 944 4498 1070 4588; x_wconf 80' lang='lat' dir='ltr'>Chore,</span> <span class='ocrx_word' id='word_1_285' title='bbox 1087 4508 1123 4574; x_wconf 85' lang='lat' dir='ltr'>ot</span> <span class='ocrx_word' id='word_1_286' title='bbox 1137 4497 1289 4587; x_wconf 89' lang='lat' dir='ltr'>Dathan,</span> <span class='ocrx_word' id='word_1_287' title='bbox 1305 4505 1342 4571; x_wconf 88' lang='lat' dir='ltr'>et</span> <span class='ocrx_word' id='word_1_288' title='bbox 1360 4496 1502 4570; x_wconf 87' lang='lat' dir='ltr'>Abiron.</span> <span class='ocrx_word' id='word_1_289' title='bbox 1521 4501 1621 4570; x_wconf 74' lang='lat' dir='ltr'>Atta-</span> 
     </span>
    </p>
   </div>
   <div class='ocr_carea' id='block_1_7' title="bbox 0 0 1796 5288">
    <p class='ocr_par' dir='ltr' id='par_1_9' title="bbox 0 0 1796 5288">
     <span class='ocr_line' id='line_1_36' title="bbox 0 0 1796 5288; baseline 0 2"><span class='ocrx_word' id='word_1_290' title='bbox 0 0 1796 5288; x_wconf 95' lang='lat' dir='ltr'> </span> 
     </span>
    </p>
   </div>
  </div>
 </body>
</html>
