3618 5316
706 363 930 448 -aao..‘

644 740 647 748 ,
765 639 837 724 on.

290 861 461 959 Pelagius
480 863 607 939 blclleo
624 865 838 941 subdiacono
856 868 949 946 inter
967 881 1095 946 cetera.
1112 874 1340 949 Notariorum
1368 900 1420 950 se·

195 974 253 1049 dis
263 987 394 1052 nostrae
407 978 647 1055 insinuatione
661 980 853 1056 didicimus
866 983 1002 1058 nullius
1016 985 1339 1087 iudicisatempore
1351 1011 1420 1087 quo

193 1092 259 1166 tibi
278 1091 434 1191 primum
454 1095 615 1170 ecclesiae
636 1096 890 1194 patrimonium
916 1109 1055 1174 constat
1080 1127 1155 1178 esse
1180 1102 1421 1190 commissum,

200 1231 312 1305 usqne
331 1217 482 1282 actenus
500 1209 687 1284 ratiocinia
704 1219 790 1284 sunt
807 1212 938 1303 decisa,
955 1224 991 1288 et
1007 1239 1047 1288 ea
1065 1215 1138 1290 sint
1155 1217 1355 1291 necessario
1371 1217 1421 1290 di-

197 1323 425 1420 spungenda,
452 1333 492 1399 ut
517 1326 609 1423 quod
635 1323 889 1402 ecclesiasticis
916 1327 1134 1402 utilitatibus
1158 1330 1338 1420 debeatur,
1361 1328 1421 1402 uel

194 1437 323 1534 quoda
341 1462 519 1537 quoquam
540 1451 754 1538 usurpatum
772 1443 831 1531 sit,
848 1441 943 1517 fideli
961 1442 1180 1540 inspectione
1205 1467 1420 1539 cognoscere

195 1551 395 1643 valeamus
412 1563 448 1628 et
465 1562 504 1629 tu
522 1553 580 1630 vel
598 1555 746 1631 heredes
763 1555 817 1630 tui
835 1555 873 1629 in
897 1557 1020 1632 futuro
1044 1567 1200 1657 tempore
1226 1559 1419 1634 securitate

193 1665 351 1763 plenaria
369 1668 591 1760 communiti,
609 1669 729 1746 nullas
746 1670 888 1770 possitis
905 1670 1173 1771 inquietudines
1190 1672 1378 1749 sustinere.

755 1897 845 1984 olll.

287 2117 460 2216 Pelagius
477 2124 603 2196 llauro
620 2122 782 2221 episcopo
800 2121 1009 2197 Prencstino
1026 2121 1121 2197 inter
1138 2129 1267 2197 cetera.
1285 2120 1418 2196 Didici-

194 2256 275 2305 mus
291 2234 333 2308 de
351 2235 563 2331 patrimonio
578 2236 780 2324 Hildiuadc,
797 2246 880 2311 ante
897 2237 1039 2334 quidem
1059 2237 1101 2311 de
1119 2235 1245 2333 prima,
1264 2244 1300 2310 et
1316 2239 1361 2324 II,
1381 2247 1417 2312 et

193 2347 245 2420 Ill
267 2347 523 2424 indictionibus
547 2349 716 2448 ampliato
742 2350 917 2448 quondam
944 2349 1153 2449 presbytero
1178 2361 1213 2424 et
1238 2349 1419 2451 Stephano

193 2460 338 2536 diacono
352 2464 450 2537 vices
464 2464 648 2540 Pontificis
666 2465 702 2538 in
716 2465 803 2539 urbe
818 2467 928 2538 Roma
942 2464 1146 2560 agentibus
1159 2463 1252 2562 quod
1265 2463 1417 2560 exegisti

195 2573 262 2649 lide
280 2576 396 2650 media
415 2577 637 2677 persoluisse.
656 2581 707 2653 De
728 2587 856 2678 quarta
881 2601 966 2652 vero
991 2577 1195 2668 indictione,
1220 2577 1417 2652 seeundum

193 2688 447 2766 ordinationem
468 2691 533 2766 filii
551 2692 665 2767 nestri
682 2692 752 2766 viri
771 2691 930 2787 religiosi
947 2695 1062 2766 Narsc
1083 2691 1176 2766 sacri
1194 2691 1317 2790 palatii
1334 2691 1419 2765 filiis

192 2807 324 2881 nostris
343 2808 509 2896 Dulcitio,
522 2809 634 2885 Felici
656 2820 763 2906 atque
781 2805 951 2882 Iohannis
977 2807 1203 2906 Presbyteris
1221 2808 1313 2905 quod
1337 2831 1417 2881 exa·

191 2927 269 2992 tum
287 2919 403 2996 fuerat
420 2921 595 2996 intulisse.
614 2919 956 3019 Supervenientibus
978 2945 1062 2996 vero
1087 2919 1187 2996 nobis
1204 2936 1240 2996 et
1264 2945 1326 3020 per
1350 2922 1416 2996 Dei

191 3033 349 3126 gratiam
367 3034 539 3108 ordinatis
557 3035 712 3108 intulisti
731 3035 773 3109 de
792 3036 915 3110 eadem
933 3037 1002 3109 llll
1020 3034 1225 3111 indictione.
1242 3037 1289 3109 Et
1313 3035 1417 3110 infra.

192 3148 341 3247 Ideoque
359 3149 583 3249 supplicante
600 3148 788 3225 dilectione
805 3161 878 3235 tua,
897 3177 942 3225 ex
965 3149 1128 3224 omnibus
1153 3149 1417 3248 suprascriptis,

192 3265 392 3361 preteritis,
413 3269 480 3339 VII
505 3263 710 3355 indictione,
735 3264 998 3339 fraternitatem
1018 3274 1117 3337 tuam
1136 3263 1203 3338 hac
1220 3263 1414 3340 securitate

191 3378 408 3453 credidimus
426 3378 670 3467 muniendam,
683 3388 725 3453 ut
741 3378 841 3453 nulla
858 3377 1002 3454 caritati
1015 3367 1099 3452 'tuae
1124 3377 1161 3450 in
1187 3387 1367 3475 posterum
1393 3405 1415 3452 a

190 3491 347 3589 quolibet
363 3491 568 3590 calumpnia
587 3503 781 3568 moveatur.

745 3705 855 3834 unu.

289 3927 461 4023 Pelagius
476 3929 592 4001 Narse
609 3925 760 4024 patricio
780 3923 1037 4020 Anagnostico,
1055 3923 1149 3998 inter
1166 3932 1306 3998 caetera.
1317 3927 1413 4000 Bene

192 4041 332 4114 noverit
352 4040 564 4116 excellentia
583 4049 704 4114 uestra
722 4063 787 4114 nos
811 4037 1026 4111 habentibus
1051 4037 1237 4110 dumtaxat
1265 4036 1416 4112 homini-

192 4153 269 4240 bus,
287 4144 477 4228 etnullam
505 4155 754 4229 necessitatem
782 4149 1000 4250 patientibus
1019 4175 1075 4224 res
1104 4151 1188 4226 dare
1217 4173 1414 4248 pauperum

193 4267 292 4341 nulla
313 4268 448 4342 ratione
467 4292 693 4365 praesumere.
712 4268 804 4354 Quia
822 4289 937 4363 neque
955 4265 1022 4340 hoc
1039 4265 1139 4340 uobis
1157 4265 1297 4364 placere
1315 4266 1412 4340 novi·

194 4405 284 4468 mos,
301 4403 418 4477 neque
434 4379 503 4454 boc
522 4388 641 4454 nostro
658 4403 734 4454 esso
751 4379 866 4453 officio
883 4377 1100 4454 conveniens
1118 4379 1329 4454 iudicamus

1196 4614 1229 4671 19
