3642 5294
730 411 904 472 ...4¹¹1-

203 528 304 604 nihil
322 530 404 604 Viri
417 531 513 608 enim
528 555 676 607 numero
698 533 816 606 XXX.
833 553 984 628 quorum
1002 531 1146 629 quidem
1159 531 1221 606 alii
1238 541 1324 608 sunt
1336 531 1435 612 herc-

203 643 255 718 sis
276 643 420 720 macula
436 645 562 735 nocti,
578 645 641 719 alii
659 657 780 721 autem
801 671 820 720 e
838 644 914 719 suis
931 643 1142 720 civitatibus
1158 646 1274 738 eiecti,
1292 649 1432 746 qualem

200 758 335 834 habeut
351 761 480 858 synodi
498 765 712 859 personam?
728 771 793 834 aut
810 761 952 859 qualem
977 761 1150 837 virtutem
1176 772 1301 838 contra
1325 788 1433 864 syno-

202 875 287 948 dum
300 885 561 972 congregatam
576 876 728 951 exomni
742 875 852 951 orbe?
866 875 1116 952 ¹Consederunt
1128 878 1224 953 enim
1243 879 1429 955 nobiscum

203 996 240 1063 et
265 989 327 1086 qui
352 997 456 1064 etun
472 989 665 1066 sanctitate
688 989 858 1066 destinati
880 1000 966 1064 sunt
991 993 1271 1067 reverentissimi
1292 994 1432 1091 Episco

203 1103 240 1199 pi
259 1103 461 1177 Archadius
479 1113 514 1178 et
532 1104 718 1179 Proiectus
734 1113 866 1180 etcum
880 1106 932 1182 eis
946 1107 1261 1182 reverentissimus
1279 1109 1432 1206 Presby-

203 1227 258 1291 ter
276 1217 461 1315 Philippus
479 1227 579 1292 tuem
597 1217 699 1292 nobis
716 1221 940 1313 praesentiam
960 1221 1131 1296 donantes
1154 1221 1191 1296 in
1217 1247 1254 1296 se
1279 1232 1315 1297 st
1342 1227 1433 1320 Apo

203 1330 338 1405 stolicae
355 1331 450 1406 sedis
466 1330 585 1406 locum
603 1331 791 1430 replentes.
808 1333 1023 1430 indignetur
1035 1358 1123 1432 ergo
1135 1345 1200 1412 tue
1214 1335 1434 1432 religiositas

203 1455 447 1543 competenter
465 1468 527 1544 pro
543 1445 600 1522 his
617 1469 696 1544 quae
713 1445 809 1522 facta
827 1457 924 1536 sunt,
941 1447 972 1521 si
985 1439 1081 1523 enini
1095 1449 1176 1522 data
1191 1449 1302 1524 suerit
1314 1447 1433 1524 volen-

203 1559 301 1635 tibus
318 1560 465 1636 licentio
482 1569 518 1636 et
534 1560 685 1636 maiores
703 1559 848 1634 iniuriis
870 1561 971 1636 sedes
996 1561 1138 1638 afficere
1163 1573 1200 1636 et
1224 1571 1348 1637 contro
1372 1587 1433 1637 eas

203 1676 241 1749 in
259 1675 390 1775 quibus
406 1699 477 1750 non
493 1675 627 1751 hebent
643 1683 853 1773 potestatem
872 1673 903 1746 si
921 1683 1045 1749 contra
1062 1674 1162 1771 leges
1182 1684 1217 1750 et
1234 1684 1358 1750 contre
1375 1699 1434 1751 ca·

204 1813 315 1866 nones
328 1789 485 1888 proferre
498 1789 707 1878 sententias,
725 1787 844 1883 magis
857 1797 977 1862 eutem
994 1786 1147 1864 iniurias
1159 1787 1215 1862 his
1229 1787 1291 1887 qui
1304 1788 1435 1886 pietate

205 1903 404 1979 certamine
422 1902 613 1991 sustinent,
630 1900 736 1975 ibunt
751 1901 796 1975 ed
814 1900 981 1976 ultimum
998 1902 1243 1977 confusionem
1261 1901 1432 1978 Ecclesiae

206 2041 272 2092 res.
290 2015 490 2112 Castigatis
506 2025 627 2090 autem
646 2015 845 2092 secundum
863 2038 1068 2111 congruum
1092 2015 1235 2090 modum
1260 2015 1348 2090 talia
1372 2041 1434 2090 au·

205 2129 372 2205 dentibus
400 2130 544 2206 vacabit
569 2129 684 2204 omnis
696 2128 929 2226 ‘perturbatio
954 2137 990 2202 et
1014 2128 1211 2204 condecens
1236 2127 1433 2204 canonibus

206 2245 407 2320 reverentie
423 2245 468 2319 ab
485 2243 651 2320 omnibus
668 2241 883 2319 servabitur.
973 2281 978 2286 ·

279 2363 329 2434 Ut
345 2368 466 2434 autem
483 2358 603 2433 omnio
621 2358 763 2453 integre
781 2355 1006 2452 cognoscatis
1024 2381 1103 2454 quae
1120 2366 1202 2433 acte
1219 2366 1315 2449 sunt,
1328 2357 1435 2435 desti-

206 2473 376 2548 navimus
392 2481 506 2570 gesta,
523 2483 559 2548 et
577 2470 790 2570 subscriptio
808 2469 946 2568 synodi.
1387 2539 1392 2552 ,

278 2586 429 2662 Salvum
446 2595 482 2661 te
500 2611 576 2661 esse
594 2597 631 2661 et
648 2596 688 2660 ut
707 2607 841 2660 memor
854 2581 903 2656 sis
917 2584 1029 2658 nostri
1043 2585 1082 2657 in
1096 2585 1245 2660 Domino
1257 2587 1436 2684 deprecor,

206 2700 438 2777 dilectissime
456 2711 492 2776 et
508 2699 818 2776 desideratissime.
836 2697 1136 2797 Subscripserunt
1157 2723 1243 2776 vero
1267 2699 1435 2800 deinceps

206 2835 329 2890 omnes
346 2811 512 2911 Episcopi
530 2812 752 2888 nominatim.

741 3043 905 3129 XXVIII.

304 3269 547 3346 Paschasinus
563 3271 620 3346 vir
645 3271 960 3346 reverentissimus
985 3271 1182 3372 Episcopus
1207 3281 1243 3347 et
1266 3271 1435 3348 Vicerius

208 3384 311 3460 Sedis
328 3383 541 3483 Apostolicoe
557 3409 641 3461 cum
659 3386 698 3459 in
718 3385 834 3461 medio
852 3411 924 3460 una
941 3411 1024 3462 cum
1049 3387 1133 3462 eliis
1157 3387 1247 3462 viris
1273 3411 1436 3463 reveren-

207 3500 358 3575 tissimis
374 3499 523 3597 collegis
540 3500 617 3575 suis
634 3501 805 3590 stetisset,
821 3499 921 3574 dixit.
939 3499 1143 3575 Beatissimi
1163 3507 1270 3598 etque
1292 3505 1439 3597 Aposto

209 3613 270 3688 lici
287 3612 359 3686 viri
377 3615 482 3711 Papae
499 3613 606 3688 Urbis
623 3616 744 3688 Romae
768 3637 848 3711 quae
873 3622 928 3688 est
952 3623 1061 3711 ceput
1085 3611 1245 3689 omnium
1271 3612 1439 3688 ecclesia·

209 3751 288 3800 rum
308 3735 485 3824 precepta
501 3726 675 3802 habemus
693 3751 766 3824 prae
782 3725 959 3814 monibus,
976 3725 1015 3798 in
1033 3725 1163 3824 quibus
1180 3724 1371 3822 praeoipere
1389 3725 1439 3798 di-

208 3848 345 3935 gnatus
362 3848 417 3913 est
433 3839 511 3914 eius
527 3839 755 3938 apostolatus,
774 3845 814 3922 ut
832 3837 1023 3913 Dioscorus
1040 3861 1111 3912 non
1127 3837 1249 3912 sedeat
1265 3837 1304 3912 in
1322 3837 1438 3913 couci-

209 3951 266 4042 lio‚
279 3951 343 4026 sed
355 3951 554 4026 audiendus
571 3953 830 4042 introducatur,
845 3951 912 4028 hoo
929 3975 993 4026 nos
1010 3951 1199 4028 observare
1211 3975 1356 4028 necesse
1373 3961 1437 4026 cst.

210 4065 247 4140 Si
265 4088 354 4161 ergo
371 4066 533 4164 praecipit
550 4076 671 4142 vestro
689 4064 971 4162 magnificentia,
988 4074 1052 4138 aut
1065 4064 1126 4142 ille
1139 4065 1357 4162 egrediatur,
1374 4073 1438 4140 out

210 4201 273 4252 nos
290 4177 478 4264 exibimus.
496 4180 635 4266 Quibus
652 4180 689 4254 in
706 4202 826 4276 graeeo
843 4177 975 4254 iterum
997 4179 1237 4276 pronuntiatis
1255 4203 1317 4276 per
1334 4180 1439 4253 Bero-

208 4291 395 4366 nicianum
409 4292 529 4368 virum
543 4293 710 4368 devotum
724 4303 759 4368 et
772 4291 1008 4368 secretarium
1020 4291 1115 4368 seori
1126 4289 1348 4379 Consistorii‚
1360 4289 1437 4387 glo-

211 4516 414 4615 specisliter
432 4519 614 4613 ingeritur
639 4519 806 4595 Dioscoro
830 4519 1121 4597 reverentissimo
1147 4520 1348 4620 Episcopo?
1374 4521 1440 4594 Pa·
1481 4544 1484 4550 ·
