3642 5294
751 407 905 468 ...3-

206 528 395 602 ecclesiam
413 527 480 601 sibi
495 528 691 624 subiugare
709 527 849 616 nititur,
865 528 1012 604 libertas
1029 529 1144 626 ipsius
1161 539 1197 603 ct
1215 529 1312 604 Cleri
1331 540 1367 605 et
1385 555 1435 604 ra

209 643 385 717 rumeins
402 643 508 716 tertio
525 652 561 718 et
579 643 733 718 maxime
750 644 836 716 ΙΙΙΙο
853 643 947 724 libro
961 644 1148 719 evidenter
1164 641 1374 718 ostenditur.

305 756 460 853 Singula
469 758 675 856 (stelantem
690 755 934 833 deflorationes
947 757 1034 833 huic
1047 757 1141 855 operi
1156 758 1321 845 insertas,
1333 757 1435 831 iuxta

209 872 368 947 ordinem
377 873 617 971 capitulorum
628 872 1103 971 minimelocavi,quiapcnc
1117 895 1239 947 omnes
1248 872 1328 945 aliae
1341 870 1435 959 bina,

123 1079 129 1092 Ι
210 983 290 1060 aliae
306 984 412 1084 plura
430 987 523 1061 inse
541 985 687 1082 negotia
705 985 901 1062 continent.
915 990 961 1060 Et
978 986 1009 1060 si
1028 986 1226 1062 secundum
1244 1009 1435 1059 numerum

209 1100 435 1194 negotiorum
453 1101 643 1199 dequibus
660 1110 779 1196 agunt
795 1102 1000 1199 acciperent
1017 1101 1222 1188 sectionem,
1237 1098 1325 1172 mihi
1344 1097 1436 1172 labo

211 1239 286 1290 rem
304 1214 515 1314 plurimum,
527 1226 563 1290 et
575 1215 784 1292 auctoritati
802 1216 971 1292 afferrent
988 1217 1266 1310 derogationem.
1284 1213 1435 1311 Ideoque

211 1351 335 1404 moneo
350 1329 571 1427 scriptorem,
587 1356 633 1406 ne
650 1330 762 1406 lector
778 1333 942 1426 graviter
958 1331 1168 1416 offendatur,
1181 1339 1222 1402 ut
1236 1351 1306 1403 non
1319 1327 1435 1403 solum

209 1443 247 1515 in
260 1443 505 1519 emendatione
517 1444 661 1533 codicis
675 1469 802 1520 verum
816 1446 925 1520 etiam
938 1446 978 1518 in
992 1444 1154 1542 utrisque
1162 1442 1325 1518 numeris
1341 1453 1437 1517 recte

209 1556 417 1648 scribendis
429 1569 465 1632 et
476 1557 935 1648 cautissimeemendandis
943 1558 1172 1655 diligentiam
1182 1557 1357 1644 adhibeat,
1370 1555 1438 1631 sci·

210 1670 297 1747 licet
311 1672 347 1745 in
362 1697 402 1748 eo
415 1673 477 1771 qui
490 1674 558 1748 sub
571 1674 707 1770 positus
720 1683 774 1748 est
788 1672 989 1770 quibusque
1003 1670 1227 1768 capituliset
1245 1670 1331 1744 item
1346 1668 1383 1742 in
1397 1692 1438 1744 eo

212 1785 274 1883 qui
294 1811 357 1884 per
370 1795 483 1860 totum
502 1788 665 1862 codicem
677 1786 877 1884 propositus
893 1797 948 1860 est
965 1784 1124 1880 singulis
1141 1781 1437 1858 deflorationibus.

306 1903 415 1975 Porro
432 1901 462 1975 si
481 1925 552 1998 qua
568 1901 628 1976 hic
646 1901 792 1988 inserta,
805 1900 1018 1998 quodetiam
1037 1899 1075 1972 in
1089 1897 1335 1992 Evangelistis
1356 1919 1444 1998 sepe·

211 2015 402 2110 contingit,
411 2015 478 2088 sibi
488 2016 645 2091 invicem
655 2015 834 2091 contraria
848 2013 1040 2100 videbitur,
1049 2011 1273 2087 discretionis
1282 2011 1358 2109 (sic)
1367 2009 1439 2084 adi-

212 2128 284 2203 bita
298 2128 405 2204 facile
423 2129 567 2226 patebit,
584 2129 676 2227 quod
694 2153 809 2228 neque
822 2127 901 2217 sibi,
914 2153 979 2202 nec
993 2137 1093 2202 extra
1107 2126 1231 2224 positis
1249 2124 1439 2222 scripturis

210 2243 565 2331 adversentanuod
573 2245 604 2317 si
614 2241 971 2342 patenteradversari
980 2240 1213 2336 contingerit,
1221 2237 1368 2313 inferior
1377 2263 1439 2311 au-

210 2357 358 2432 ctoritas
375 2357 501 2454 potiori
517 2357 642 2432 cedere
655 2355 806 2432 debebit.
824 2358 949 2454 ltaque
962 2355 1118 2452 primum
1139 2352 1307 2429 defloravi
1322 2376 1438 2450 neque

211 2471 343 2570 optima
360 2471 403 2546 de
420 2471 629 2569 quibusdem
650 2469 917 2544 universalibus
942 2468 1075 2544 sinodis
1101 2468 1193 2543 idem
1222 2469 1370 2557 Nicena‚
1395 2469 1438 2541 Ε-

212 2584 376 2684 phespna
388 2586 503 2683 prima
521 2583 777 2661 Calcedonensi
794 2592 830 2658 et
848 2587 913 2657 VI'
933 2594 969 2658 ct
987 2585 1069 2656 Vll¹
1090 2593 1126 2658 et
1144 2584 1244 2656 vul·
1266 2606 1344 2679 quse
1362 2605 1440 2680 par·

212 2699 276 2774 tim
295 2724 316 2772 a
333 2702 402 2773 IllI
419 2699 496 2774 sive
514 2724 535 2772 a
552 2703 584 2770 V
604 2696 837 2788 Patriarchis,
854 2698 899 2773 ab
916 2722 1037 2774 corum
1056 2699 1187 2796 partim
1204 2697 1355 2774 vicariis
1371 2694 1438 2771 sub

214 2813 365 2889 diversis
383 2813 601 2912 temporibus
619 2811 875 2886 universaliter
891 2811 1079 2887 celebratae
1095 2811 1206 2887 inisse
1228 2820 1438 2886 noscuntur.

213 2930 265 3002 Dc
283 2952 436 3026 quarum
456 2927 669 3002 auctoritate
687 2925 757 3000 nisi
783 2925 845 3024 qui
870 2925 1028 3000 insaniat
1054 2949 1158 3000 nemo
1182 2924 1274 3022 quod
1291 2923 1438 3000 dubitet.

214 3041 281 3116 Sed
298 3052 335 3114 et
351 3042 393 3116 dc
412 3039 562 3138 reliquis
580 3039 753 3115 Consiliis
770 3039 1006 3128 orientalibus
1023 3063 1094 3113 non
1107 3037 1152 3112 ab
1166 3063 1203 3114 re
1217 3037 1342 3136 putavi
1360 3061 1439 3135 quae

215 3179 376 3251 congrua
395 3154 483 3228 mibi
501 3155 581 3228 visa
599 3163 685 3227 sunt
702 3153 917 3242 nuntiares
938 3153 1068 3252 quibus
1081 3152 1244 3228 videbam
1263 3155 1439 3226 Romanos

215 3271 404 3346 Pontifices
421 3269 459 3342 in
476 3268 552 3343 suis
569 3266 895 3355 constitutionibus
912 3267 1004 3364 quod
1022 3276 1057 3341 et
1075 3266 1239 3342 curiosus
1255 3265 1366 3341 lector
1382 3264 1440 3340 dc·

212 3381 430 3480 prehendere
443 3381 572 3484 poterit
585 3381 835 3456 auctoritatem
849 3379 1041 3476 accepisse.
1051 3382 1218 3455 Preterea
1232 3379 1375 3477 quidam
1385 3401 1439 3451 as-

212 3495 324 3568 sumsi
342 3495 384 3569 de
410 3493 666 3589 Cartaginensi
682 3493 822 3582 sinodo,
840 3517 919 3591 quae
936 3519 957 3566 a
980 3494 1051 3569 CC.
1069 3503 1105 3569 et
1122 3495 1238 3567 XVII.
1253 3492 1438 3590 Episcopis

212 3607 279 3682 sub
300 3611 397 3704 Papa
419 3605 555 3680 Zosimo
571 3614 653 3680 acta
669 3613 735 3694 est,
752 3605 987 3702 presentibus
1004 3617 1041 3681 et
1058 3606 1171 3704 ipsius
1187 3605 1331 3702 legatis,
1348 3609 1439 3680 Fau·

212 3722 305 3798 stino
318 3720 501 3818 Episcopo,
514 3729 550 3794 et
565 3717 783 3816 Philippeos
794 3719 915 3795 Asello
928 3719 1155 3816 Presbyteris
1168 3719 1206 3792 in
1220 3743 1290 3818 qua
1304 3718 1436 3795 eisdem

212 3833 449 3933 presentibus
467 3833 675 3908 confirmata
693 3841 778 3906 sunt
796 3842 832 3907 et
849 3833 984 3909 inserta
996 3834 1110 3909 eidem
1128 3833 1250 3909 sinodo
1267 3832 1437 3910 Africana

212 3947 365 4025 concilia
381 3945 535 4022 diversis
545 3945 621 4043 (sic)
631 3969 674 4020 ae
691 3946 908 4042 temporibus
922 3947 964 4021 de
978 3947 1109 4045 quibus
1119 3945 1324 4023 Celestinus
1337 3957 1373 4021 et
1386 3946 1439 4020 Si-

214 4061 409 4138 macbuset
419 4059 599 4134 Adrianus
611 4059 773 4158 quaedsm
783 4057 951 4137 videntur
964 4061 1003 4135 in
1015 4061 1091 4136 suis
1105 4061 1258 4138 decretis
1271 4060 1439 4136 inserere.

212 4179 260 4252 Et
280 4175 448 4275 quoniam
466 4173 695 4250 adversarius
711 4173 796 4248 dum
815 4174 944 4251 rationi
962 4174 1167 4252 succumbit
1188 4172 1438 4251 auctoritatem

214 4288 1195 4387 infamat,sciendumest‚quouiamomniaconciliasive
1209 4286 1440 4376 universalia,

214 4404 290 4480 sive
309 4401 546 4504 provincialia
563 4410 738 4501 queunte
752 4401 1078 4479 chalcedonensem
1093 4401 1257 4485 sinodum
1271 4410 1352 4480 acta
1367 4401 1440 4477 lue-

214 4530 305 4610 runt,
319 4529 439 4618 postea
454 4519 664 4593 confirmata
677 4527 712 4592 et
725 4515 949 4592 corroborata
962 4515 1121 4601 fuerunt,
1136 4513 1173 4588 in
1187 4513 1308 4590 eadem
1322 4537 1399 4612 cap.
1410 4516 1440 4590 l.
