3582 5288
693 411 894 472 -143-

715 659 864 742 ooxlll.

275 889 481 988 Cyprianus
497 886 662 964 Cornelio
678 887 773 961 inter
789 896 916 962 cetera.
939 888 1076 964 Pseudo
1092 889 1254 987 episcopo
1272 889 1340 964 sibi
1357 890 1403 963 ab

178 1001 349 1078 hereticis
362 1003 565 1090 constituto,
577 1000 752 1096 navigare
764 1001 898 1077 audent
910 1003 954 1076 ad
967 1003 1064 1076 Petri
1079 1003 1284 1078 cathedram
1295 1015 1403 1101 atquc

179 1116 369 1192 ecclesiam
388 1115 620 1215 principalem
638 1113 733 1189 unde
750 1114 872 1189 unitas
896 1113 1124 1190 sacerdotalis
1149 1125 1270 1191 exorta
1295 1127 1349 1191 est
1366 1125 1403 1190 ot

179 1232 224 1305 ab
241 1233 457 1308 scismaticis
474 1241 509 1307 et
526 1229 683 1330 profanis
699 1229 839 1304 litteras
857 1229 951 1306 ferre
968 1253 1033 1304 nec
1052 1230 1215 1326 cogitant
1237 1255 1313 1305 esse
1339 1233 1405 1304 Ro·

180 1369 305 1420 manos
321 1369 472 1444 quorum
490 1345 576 1420 fides
594 1343 760 1442 Apostolo
778 1343 991 1439 praedicante
1008 1343 1153 1418 laudata
1170 1353 1235 1433 est,
1251 1344 1296 1418 ad
1314 1366 1403 1441 quos

180 1459 328 1556 perfidia
344 1483 416 1534 non
432 1457 543 1556 possit
558 1457 688 1532 habere
706 1481 901 1544 accessum.

693 1649 860 1734 eoxflfl.

418 1856 466 1906 Ex
485 1853 634 1919 Epistola
651 1854 683 1906 S.
705 1853 857 1918 cypriani
875 1852 920 1906 ad
938 1852 1161 1906 Antonianum.

275 2017 501 2094 Novatianus
519 2015 714 2112 Episcopus
731 2038 802 2088 non
819 2023 884 2102 est,
901 2015 963 2113 qui
981 2015 1145 2090 Cornelio
1171 2014 1343 2112 Episcopo
1368 2016 1406 2088 in

181 2131 345 2206 Ecclesia
362 2155 384 2202 a
400 2131 490 2204 XVI
504 2127 727 2225 Coepiscopis
741 2128 834 2203 facto
846 2127 988 2203 adulter
1004 2137 1111 2225 atque
1129 2137 1319 2204 extraneus
1337 2129 1409 2226 epi·

183 2268 312 2341 scopus
329 2242 406 2318 fieri
424 2268 445 2314 a
461 2241 699 2316 desertoribus
717 2265 779 2339 par
795 2241 972 2315 auibitum
990 2242 1132 2332 nititur,
1157 2251 1193 2318 et
1217 2267 1301 2317 cum
1323 2241 1371 2317 sit
1387 2267 1409 2315 a

183 2357 328 2434 Christo
345 2381 417 2430 una
434 2353 585 2430 ecclesia
603 2380 666 2453 per
683 2363 799 2429 totum
818 2354 991 2428 mundum
1005 2355 1043 2428 in
1057 2355 1172 2430 multa
1185 2355 1342 2430 membra
1359 2355 1410 2429 di·

182 2473 303 2545 visum
322 2472 408 2546 item
426 2469 661 2567 Episcopatus
679 2494 775 2542 unus
788 2467 1043 2566 Episcoporum
1059 2467 1253 2542 multorum
1267 2491 1410 2542 concor·

182 2584 218 2658 di
235 2583 492 2658 numerositate
509 2581 671 2670 diffusus,
688 2580 748 2656 ille
766 2591 843 2678 post
858 2582 924 2657 Dei
942 2582 1168 2657 traditionem
1182 2591 1260 2680 post
1284 2605 1410 2656 conne-

181 2721 263 2770 xam
276 2705 313 2770 et
321 2694 452 2792 ubique
465 2693 695 2768 coniunctam
711 2693 905 2770 Catholicae
917 2695 1089 2771 Ecclesiae
1102 2696 1408 2785 unitatem‚unam

183 2821 334 2896 conetur
351 2808 539 2886 ecclesiam
551 2807 679 2897 facere,
692 2818 728 2882 et
746 2833 808 2907 per
825 2807 1000 2907 plurimas
1017 2809 1184 2884 civitates
1202 2831 1312 2882 novos
1331 2830 1411 2905 apo

183 2923 290 2997 stolos
308 2944 390 2996 suos
408 2920 539 3008 mittat,
557 2929 598 2994 ut
615 2919 776 3018 quaedam
791 2923 927 2996 recenti
945 2921 1183 2997 institutionis
1195 2947 1271 2995 suae
1284 2919 1411 2994 funda-

184 3045 308 3112 menta
325 3035 530 3110 constituat.
549 3034 711 3131 Cumque
725 3033 936 3131 iampridem
950 3058 1011 3132 per
1024 3057 1145 3110 omnes
1159 3033 1362 3133 provincias
1375 3041 1411 3108 et

183 3172 247 3246 per
264 3147 371 3222 urbes
388 3145 553 3242 singulas
569 3145 722 3220 ordinati
740 3157 826 3222 sunt
845 3147 1008 3248 Episcopi
1026 3147 1064 3220 in
1083 3151 1186 3222 aetate
1203 3145 1355 3246 antiqui,
1372 3147 1410 3218 in

184 3262 253 3337 fide
269 3259 415 3356 integri,
428 3259 466 3332 in
480 3283 647 3357 pressura
659 3258 808 3356 probati,
823 3259 861 3332 in
875 3259 1121 3356 persecutione
1136 3258 1335 3357 proscripti,
1348 3257 1411 3332 ille

185 3399 313 3452 servus
337 3397 396 3449 eos
422 3397 544 3448 creare
569 3373 658 3447 alios
675 3371 807 3471 pseudo
825 3371 1014 3469 Episcopos
1030 3372 1161 3446 audeat
1177 3371 1279 3469 quasi
1301 3370 1411 3468 possit

184 3499 248 3563 aut
265 3497 380 3563 totum
397 3486 517 3561 orbem
536 3487 618 3560 novi
636 3495 785 3561 conatus
803 3483 1040 3560 obstinatione
1057 3508 1258 3582 peragrare,
1276 3493 1340 3558 aut
1356 3509 1412 3560 eo-

184 3599 381 3676 clasiastioi
397 3599 552 3696 corporis
565 3598 813 3696 compaginem
827 3599 1010 3675 discordie
1025 3625 1099 3674 suae
1112 3599 1346 3675 seminatione
1360 3623 1413 3673 re·

185 3713 359 3802 scindere,
376 3711 542 3787 nesciens
560 3711 796 3811 scysmaticos
814 3735 952 3809 semper
969 3711 1063 3786 inter
1080 3711 1184 3787 initia
1196 3712 1345 3801 fervere,
1359 3711 1413 3784 in·

186 3835 369 3901 crementa
386 3848 471 3899 vero
487 3823 618 3900 habere
634 3847 705 3902 non
722 3847 833 3922 posse,
850 3849 917 3900 neo
935 3849 1068 3922 augere
1090 3825 1182 3924 quod
1206 3825 1333 3901 illicite
1358 3851 1414 3901 oe·

187 3939 317 4034 perint‚
336 3938 397 4014 sed
414 3937 536 4013 statim
553 3962 638 4014 oum
657 3961 769 4036 prava
786 3963 851 4014 sua
868 3939 1085 4016 emulatione
1099 3941 1259 4016 deficere.
1274 3941 1414 4039 Episoo

187 4061 311 4150 patum
328 4061 450 4127 autam
466 4061 588 4127 tenere
606 4073 678 4126 non
696 4061 813 4149 posset
829 4051 939 4126 etiam
965 4052 996 4126 si
1022 4053 1218 4151 Episcopus
1243 4053 1342 4151 prius
1363 4053 1414 4126 fa-

188 4176 268 4244 ctus
285 4191 308 4239 a
325 4164 618 4264 Coepiscoporum
637 4189 783 4239 suorum
801 4188 943 4262 corpore
961 4175 996 4241 et
1013 4165 1058 4240 ab
1078 4165 1250 4242 Ecclesiae
1274 4165 1414 4241 unitate

188 4278 413 4369 descisceret,
437 4279 525 4378 quin
550 4279 741 4376 Apostolus
758 4277 956 4364 admoneat,
974 4287 1016 4352 ut
1041 4278 1198 4353 invicem
1224 4301 1289 4351 nos
1314 4277 1416 4352 meti-

189 4415 268 4489 psos
285 4391 541 4480 sustineamus,
556 4416 602 4467 ne
618 4391 664 4467 ab
688 4392 828 4466 unitate
854 4415 963 4488 quam
988 4393 1085 4466 Deus
1110 4389 1297 4466 constituit
1322 4413 1415 4466 rece·

189 4504 315 4578 damus
331 4513 367 4578 et
380 4503 484 4580 dicat.
499 4504 725 4580 Sustinentes
737 4503 893 4578 invicem
907 4502 944 4576 in
958 4501 1151 4578 dilectione
1160 4503 1249 4578 satis
1261 4513 1415 4599 agentes
