3638 5294
899 446 938 461 -
964 412 1032 475 454
1059 446 1097 459 -

385 529 477 606 vidit
494 529 679 619 Iohannes,
704 531 733 604 0
760 519 870 604 milve
896 530 987 604 male
1013 551 1084 602 non
1103 553 1158 604 me
1175 529 1337 605 dilanias,
1360 535 1477 606 Iustos
1494 531 1618 629 inquit

383 665 453 716 non
479 651 614 740 oportet
639 665 716 716 esse
733 642 832 718 wtanti
857 641 988 718 iudicis
1015 641 1206 716 ministros.
1232 643 1313 718 Sint
1338 642 1496 718 ministri
1521 644 1613 719 iusti

383 757 414 830 si
432 756 556 830 velint.
574 754 612 828 Si
635 755 746 830 fuerit
767 756 944 854 superbus
970 755 1144 844 minister,
1169 780 1252 831 cum
1279 755 1406 831 zabulo
1431 769 1615 855 computa-

383 879 454 959 tur,
471 868 532 942 sed
549 893 610 968 per
626 869 733 943 illum
750 869 882 944 donum
902 869 1041 944 Christi
1060 893 1130 944 non
1146 871 1423 960 contaminatur,
1441 871 1532 968 quod
1549 895 1614 968 pcr

383 981 489 1056 illurn
514 981 606 1072 fluit,
630 1009 760 1082 purum
786 993 841 1058 est
862 983 955 1082 quod
975 1007 1038 1079 por
1060 981 1165 1055 illum
1186 983 1328 1072 transit,
1345 983 1521 1082 liquidum
1547 993 1612 1059 est.

383 1097 476 1170 Puta
494 1095 578 1193 quia
595 1095 756 1195 lapideus
774 1106 839 1186 est,
855 1097 940 1196 quia
958 1121 1004 1172 ex
1021 1120 1062 1170 ea
1080 1096 1239 1172 fructum
1257 1097 1384 1173 afferre
1403 1120 1474 1171 non
1496 1109 1613 1197 potest

384 1221 420 1286 et
432 1210 469 1284 in
487 1211 604 1285 canali
620 1210 758 1312 lapideo
773 1237 795 1284 a
812 1211 897 1310 quia
914 1211 966 1284 nil
978 1221 1131 1307 generat
1147 1212 1207 1286 sed
1222 1211 1309 1286 ortis
1323 1211 1483 1287 fructum
1497 1212 1612 1288 affert.

384 1323 591 1422 Spiritualis
608 1347 693 1399 vero
710 1324 828 1399 virtus
846 1311 1080 1414 Sacramenti,
1097 1325 1148 1399 ita
1166 1335 1279 1400 estut
1303 1325 1378 1416 lux,
1403 1351 1483 1426 quae
1507 1315 1543 1401 et
1566 1326 1614 1400 ab

385 1435 634 1512 illuminandis
652 1461 740 1537 pura
758 1437 946 1535 excipitur,
963 1451 1000 1512 et
1017 1439 1047 1512 si
1065 1461 1127 1538 per
1153 1439 1339 1512 immunda
1355 1448 1516 1523 transeat
1540 1461 1612 1512 non

384 1549 606 1648 inquinatur.
632 1553 727 1636 Quos
752 1551 910 1656 baptizat
935 1550 1106 1638 ebriosus,
1132 1575 1220 1649 quos
1241 1551 1399 1650 baptizat
1423 1551 1614 1642 homicida,

383 1688 471 1762 quos
487 1663 645 1766 baptizat
661 1663 812 1757 adulter,
829 1664 999 1764 Christus
1023 1664 1191 1766 baptizat.
1217 1661 1313 1739 Idem
1339 1665 1384 1738 ad
1410 1664 1612 1739 Emeritum

384 1778 607 1853 donatistam.
625 1777 719 1852 Illud
736 1802 806 1853 non
824 1788 878 1852 est
895 1778 1087 1853 tacendum
1104 1778 1213 1852 etiam
1235 1765 1399 1873 cognitos
1417 1777 1529 1852 mulos
1553 1778 1613 1852 bo-

384 1892 442 1967 nis
455 1916 526 1967 non
538 1893 660 1969 obesse
673 1893 711 1966 in
725 1891 897 1981 aeclesia,
910 1893 941 1967 si
954 1893 1307 1968 eosacommunione
1320 1891 1614 1990 prohibendi,aut

384 2015 540 2104 potestas
557 2006 649 2082 desit
666 2014 730 2080 aut
746 2003 867 2104 aliqua
886 2006 975 2080 ratio
990 2005 1244 2082 conservanda
1260 2005 1361 2110 pacis
1377 1995 1556 2104 impediat.

565 2203 612 2254 De
632 2201 846 2255 sacramentis
865 2200 1081 2255 hereticorum
1100 2201 1135 2254 et
1152 2201 1421 2255 scismaticorum.

482 2351 582 2432 Idern
606 2354 651 2431 ad
668 2353 903 2431 Vincentium
929 2354 1154 2430 donatistam.
1172 2322 1253 2431 Non
1275 2363 1501 2431 sacramanta
1519 2355 1612 2430 chri-

259 2475 269 2490 '
384 2471 502 2544 stiana
520 2469 660 2546 faciunt
673 2468 883 2556 hereticum,
895 2468 957 2543 sed
971 2494 1082 2568 prava
1096 2470 1282 2544 dissensio.
1292 2472 1370 2544 Non
1385 2480 1527 2568 propter
1539 2495 1612 2543 ma-

387 2583 463 2658 lum
479 2583 570 2682 quod
583 2583 756 2681 processit
772 2607 816 2657 ex
833 2591 878 2672 te,
892 2582 1099 2678 negandum
1117 2593 1172 2657 est
1187 2583 1318 2658 bonum
1333 2583 1425 2680 quod
1440 2583 1612 2658 remansit

388 2696 427 2770 in
445 2705 490 2771 te.
508 2695 608 2783 Quod
623 2695 718 2769 malo
735 2705 797 2770 tuo
813 2694 922 2769 habes
940 2695 971 2769 si
988 2721 1059 2770 non
1077 2697 1125 2771 ibi
1142 2697 1262 2789 habes,
1279 2697 1374 2772 unda
1396 2707 1450 2772 cst
1467 2696 1610 2786 bonum,

388 2809 479 2908 quod
489 2807 639 2884 habetis.
646 2811 701 2884 Ex
710 2808 895 2884 Catholica
909 2809 1004 2884 enirn
1016 2809 1176 2886 Ecclesia
1186 2820 1271 2884 sunt
1283 2809 1401 2885 omnia
1411 2835 1611 2886 sacramen·

386 2935 423 2998 ta
442 2921 638 3010 Dominica,
655 2947 734 3020 quae
752 2922 805 2997 sio
821 2921 960 2999 habetis
977 2949 997 2997 a
1023 2925 1126 3015 datis
1143 2925 1314 3024 quomodo
1334 2924 1558 2999 habebantur
1574 2935 1609 3001 et

387 3037 564 3114 dabantur
586 3036 695 3113 etiam
714 3036 921 3136 priusquam
941 3039 1023 3114 inda
1040 3029 1195 3113 exiretis.
1211 3042 1291 3112 Non
1309 3049 1428 3113 tamen
1446 3038 1524 3114 ideo
1540 3063 1609 3113 non

388 3151 538 3242 habetis,
555 3152 639 3250 qnia
657 3175 727 3226 non
746 3153 842 3242 estis,
861 3152 910 3226 ibi
928 3153 1022 3229 unde
1040 3164 1125 3228 sunt
1142 3177 1221 3252 quaa
1237 3153 1385 3229 habetis.
1398 3156 1477 3228 Non
1496 3153 1534 3225 in
1552 3176 1610 3226 ro

387 3265 443 3342 bis
460 3276 644 3362 mutamus
659 3265 697 3338 in
719 3265 849 3363 quibus
874 3266 960 3340 estis
985 3265 1181 3342 nobiscum.
1198 3267 1238 3340 In
1267 3265 1392 3361 multis
1409 3265 1506 3340 enim
1524 3265 1609 3360 estis

386 3379 685 3455 nobiseumNam
701 3379 744 3453 de
758 3377 890 3468 talibus
903 3380 1040 3456 dictum
1052 3389 1117 3454 est.
1127 3381 1302 3472 Quoniam
1316 3379 1354 3453 in
1369 3377 1493 3476 multis
1506 3389 1608 3452 orant

386 3517 539 3568 mecum.
553 3491 622 3567 Sed
639 3515 687 3579 ¹ea,
697 3490 913 3587 corrigimus
926 3491 965 3564 in
978 3491 1108 3590 quibus
1121 3515 1190 3568 non
1205 3493 1301 3581 estis,
1315 3515 1356 3566 ea
1369 3515 1433 3565 vos
1445 3490 1507 3565 hio
1520 3491 1611 3566 acci-

386 3630 468 3704 pere
486 3603 654 3679 volumus
666 3627 746 3702 quae
763 3627 832 3678 non
850 3603 989 3679 habetis
1002 3605 1079 3683 illic
1093 3606 1154 3680 ubi
1168 3607 1264 3681 ostis.
1273 3605 1467 3680 Nobiscum
1487 3613 1609 3680 autem

387 3719 474 3795 ostis
487 3717 525 3804 in
538 3717 724 3816 baptismo,
737 3718 774 3791 in
789 3718 946 3810 simbola,
959 3720 997 3792 in
1010 3721 1149 3797 oaeteris
1162 3720 1348 3796 dominicis
1366 3721 1609 3796 sacramentis.

387 3835 430 3907 In
452 3831 581 3931 spiritu
598 3845 720 3906 autem
738 3831 889 3906 unitatis
905 3842 941 3907 et
958 3831 997 3906 in
1014 3834 1160 3910 vinculo
1178 3834 1286 3932 pacis
1303 3834 1341 3908 in
1358 3834 1436 3932 ipsa
1453 3833 1606 3932 deniquo

387 3943 562 4033 catholica
572 3941 733 4019 aeclesia
746 3943 930 4035 nobiscum
945 3970 1015 4020 non
1030 3946 1126 4022 estis.
1135 3949 1226 4022 Item
1240 3947 1277 4020 in
1291 3957 1418 4045 quarto
1430 3946 1610 4023 librocon·

388 4068 444 4133 tra
454 4056 668 4132 Donatistas.
678 4057 781 4133 Sicut
794 4059 945 4156 urgueri
960 4041 1078 4135 videor
1091 4082 1175 4135 cum
1191 4059 1278 4132 mihi
1292 4059 1610 4156 dicitur,crgohae-

343 4154 349 4168 ⁸
388 4173 523 4250 raticus
539 4171 690 4247 dimittit
703 4182 849 4270 peccata
862 4198 943 4250 cum
959 4173 1060 4246 iuxta
1074 4183 1109 4248 te
1122 4172 1290 4272 baptizat,
1303 4172 1355 4248 sio
1368 4181 1403 4246 et
1417 4194 1485 4268 ego
1498 4195 1611 4268 urgeo

388 4309 470 4360 cum
481 4283 568 4358 dico.
578 4287 674 4380 Ergo
687 4296 723 4359 et
735 4311 867 4358 avarus
883 4285 1067 4381 religionis
1080 4286 1266 4360 simulator
1276 4293 1419 4384 peccata
1434 4283 1610 4359 dimittit?
1636 4303 1641 4314 '

389 4399 428 4472 Si
446 4399 600 4495 pervim
619 4399 847 4488 sacramenti,
865 4400 961 4475 sieut
978 4399 1050 4486 ille,
1068 4398 1118 4472 ita
1143 4407 1179 4472 et
1204 4397 1275 4472 illc.
1294 4398 1332 4471 Si
1358 4421 1420 4497 per
1438 4396 1609 4470 meritum

389 4537 507 4601 suum,
531 4535 598 4587 nec
622 4511 695 4603 ille,
712 4537 778 4588 nec
795 4512 866 4588 ille.
884 4512 977 4588 Illud
996 4513 1091 4590 onim
1114 4522 1378 4588 sacramentum
1396 4519 1432 4587 et
1448 4509 1485 4584 in
1504 4508 1610 4583 malis
