3646 5292
709 411 748 430 -
774 379 839 444 asu
865 411 905 428 .-

768 531 839 616 LV.

383 710 432 762 Ex
451 709 590 764 consitio
608 711 670 763 VH
688 711 752 763 ΡΡ.
773 709 920 775 Gregorii
936 708 961 760 L
979 708 1223 776 Episcoporum.

291 846 329 918 Si
347 845 428 944 quis
445 838 576 944 praedia
593 845 776 921 beatorum
797 843 1044 944 Apostolorum
1061 841 1159 918 Petri
1172 851 1208 918 et
1221 841 1325 917 Pauli
1338 842 1416 917 ubi·

193 983 347 1058 cumque
365 959 497 1057 possita
514 961 552 1032 in
570 960 819 1060 proprietatem
837 983 940 1032 suam
957 957 1197 1057 usurpaverit,
1214 956 1273 1031 vel
1298 957 1415 1033 sciens

192 1073 372 1149 occultata
390 1095 460 1146 nou
478 1071 727 1172 propalaverit,
743 1073 802 1149 vel
819 1073 978 1148 debitum
995 1071 1185 1147 servitium
1204 1071 1329 1148 exinde
1350 1073 1417 1148 eis·

192 1189 271 1264 dem
290 1210 360 1262 non
378 1186 580 1263 exhibuerit
596 1197 789 1284 cognoscat
805 1187 897 1262 iram
915 1187 979 1262 Dei
992 1196 1028 1262 et
1046 1195 1252 1262 sauctorum
1270 1191 1416 1285 Aposto-

191 1303 308 1378 lorum
325 1301 427 1378 velut
444 1301 645 1398 sacrilegus
662 1327 699 1377 se
714 1302 910 1378 incurrere.
928 1301 1154 1399 Quicumque
1174 1323 1259 1375 vero
1285 1299 1323 1374 iu
1348 1299 1415 1376 hcc

193 1415 345 1493 crimine
364 1414 605 1514 deprehensus
622 1416 741 1506 suerit,
756 1415 880 1490 eadem
898 1414 1132 1490 hereditatem
1146 1414 1258 1490 beatis
1273 1419 1417 1514 Aposto-

192 1531 240 1607 lis
256 1529 419 1626 legitime
437 1529 615 1618 restituat,
633 1539 668 1605 et
685 1554 812 1628 penam
829 1529 1053 1640 quadruplici
1071 1529 1114 1605 de
1139 1529 1290 1631 propriis
1314 1529 1416 1605 benis

191 1643 379 1743 persolvat.

760 1769 850 1854 LVI.

634 1947 684 1999 Ex
702 1946 818 2000 eodem
836 1958 909 2012 cap.
929 1949 968 1998 V.

286 2101 452 2178 Decimae
468 2127 557 2201 quas
574 2101 613 2176 in
631 2127 737 2176 usum
760 2099 904 2200 pietatis
929 2125 1116 2177 concessas
1140 2127 1218 2178 esse
1243 2105 1416 2178 canonica

191 2227 345 2295 testatur
357 2219 564 2306 auctoritas,
577 2243 598 2290 a
610 2215 713 2291 laicis
725 2215 895 2316 possideri
909 2216 1101 2314 apostolica
1114 2217 1327 2291 auctoritate
1340 2239 1416 2313 pro

193 2331 368 2407 bibemus.
386 2331 470 2406 Sive
487 2329 584 2405 enim
598 2329 643 2404 ab
658 2329 852 2430 Episcopis
868 2329 927 2404 rel
946 2329 1104 2426 regibus,
1121 2327 1179 2405 rel
1197 2329 1416 2428 quibuslibet

191 2446 350 2544 personis
366 2471 427 2521 eas
443 2445 658 2544 acceperint,
671 2443 742 2518 nisi
756 2441 926 2519 aecclesiae
943 2441 1170 2533 reddiderint,
1183 2443 1301 2518 sciant
1313 2467 1350 2518 se
1362 2468 1418 2517 sa-

192 2561 338 2657 crilegii
351 2560 488 2636 crimen
502 2559 734 2649 committere,
743 2567 929 2634 etaeternae
942 2559 1202 2658 dampnationis
1212 2558 1414 2658 periculum

195 2675 389 2749 incurrere.
406 2674 504 2749 Idem
521 2673 560 2746 in
579 2677 666 2747 VIII
684 2672 774 2748 libro
793 2673 939 2770 registri
957 2674 1024 2748 sui.
1049 2673 1152 2748 Nulli
1176 2673 1278 2749 debet
1302 2697 1415 2769 grave

168 2817 170 2822 ’
191 2788 305 2863 videri
325 2812 391 2885 pro
408 2787 547 2863 meliori
565 2797 665 2886 parte
682 2787 774 2864 idest
790 2787 912 2862 anima
929 2812 1068 2887 semper
1082 2789 1224 2864 victura
1238 2811 1414 2886 quemque
1547 2849 1550 2854 .
1579 2816 1581 2820 ’

191 2901 349 2976 decimas
366 2905 439 2976 Deo
456 2901 581 2977 offerre
598 2927 682 2978 cum
699 2925 761 3002 pro
775 2901 947 2977 morituro
960 2925 1103 3007 corpore
1116 2901 1270 3000 plurime
1286 2910 1415 2998 gentes

192 3015 408 3112 coniugibus
425 3015 501 3091 suis
518 3015 661 3092 tertiam
680 3028 816 3114 partem
835 3041 955 3092 rerum
981 3041 1128 3091 suarum
1155 3014 1415 3114 compellantur

192 3129 366 3206 exolvere.

749 3252 857 3338 nvn.
908 3367 912 3374 Ι

509 3433 546 3482 In
566 3430 682 3484 eodem
701 3431 835 3484 concilio
855 3430 1003 3496 Gregorii
1021 3431 1091 3484 VII.

288 3588 338 3662 Ut
354 3585 477 3661 nullus
496 3584 614 3662 Abbas
630 3584 787 3662 decimas
804 3593 841 3662 et
858 3585 1035 3685 primitias
1052 3595 1089 3662 et
1106 3584 1243 3685 reliqua
1260 3609 1340 3686 quae
1364 3611 1416 3662 se-

193 3701 351 3775 cundum
366 3709 500 3777 statuta
515 3701 700 3778 Canonum
714 3700 759 3774 ad
773 3701 963 3802 Episcopus
976 3701 1157 3801 pertinent
1169 3701 1328 3779 detineat
1339 3702 1417 3778 sine

195 3815 407 3891 auctoritate
425 3816 576 3890 Romani
594 3815 789 3904 Pontificis
806 3840 870 3890 seu
892 3814 1058 3914 Episcopi
1080 3815 1117 3889 in
1143 3814 1247 3890 cuius
1272 3815 1417 3914 dyocesi

194 3928 344 4020 habitat,
359 3928 552 4028 apostolica
570 3930 752 4005 sanctione
770 3929 966 4004 firmamus.
983 3932 1031 4004 Et
1047 3937 1089 4004 ut
1105 3927 1221 4005 omnis
1246 3928 1418 4005 Christia-

195 4069 265 4118 nus
282 4053 448 4142 prccuret
464 4043 508 4118 ad
526 4044 720 4118 Missarum
738 4043 947 4142 sollempnia
964 4041 1101 4142 aliquid
1125 4043 1198 4118 Deo
1221 4041 1356 4132 offerre,
1381 4050 1418 4118 et

194 4157 277 4232 duci
294 4158 339 4232 ad
356 4159 563 4234 memoriam
580 4158 673 4258 quod
690 4161 786 4234 Deus
802 4180 865 4254 per
882 4159 1032 4256 Moysen
1049 4155 1149 4231 dixit.
1166 4157 1247 4230 Non
1272 4179 1416 4254 appare-

191 4271 303 4345 bisin
320 4281 513 4370 conspectu
530 4295 607 4348 meo
624 4296 772 4346 vacuus.
790 4270 934 4346 Etenim
959 4271 997 4344 in
1022 4269 1184 4346 collectis
1208 4279 1415 4345 sanctorum

195 4393 338 4482 patrum
355 4383 490 4483 liquido
506 4395 653 4485 apparet
668 4383 761 4484 quod
777 4385 893 4459 omnis
911 4383 1108 4460 Christiani
1132 4383 1257 4460 offerre
1278 4375 1416 4483 aliquid

195 4500 268 4575 Dec
285 4523 330 4576 ex
346 4524 415 4576 usu
433 4509 636 4576 sanctorum
658 4501 806 4575 Petrum
824 4499 1002 4576 deberent.
