3638 5294
732 401 863 488 -mo
890 435 931 451 .-

219 520 365 618 perdore
383 521 444 596 sed
462 521 613 598 salvare.
630 523 699 599 Ubi
727 547 807 598 mox
823 523 998 599 subditur.
1015 525 1062 599 Et
1078 522 1271 600 habierunt
1287 525 1324 598 in
1342 524 1441 602 aliud

219 634 419 709 castellum.
437 639 490 710 Ac
507 636 539 710 si
556 659 626 709 noo
644 636 772 732 lingua
790 638 851 712 sed
868 660 970 734 opera
986 637 1200 735 loqueretur.
1215 640 1304 713 Date
1321 639 1440 714 locum

218 747 283 837 ire,
301 747 358 823 vel
376 749 493 846 potius
510 749 602 847 quod
619 749 694 846 ipse
713 749 809 825 dicit.
827 750 865 822 Si
884 773 948 824 vos
965 751 1144 849 persecuti
1162 750 1297 825 luerint
1313 751 1351 824 in
1368 777 1441 826 una

221 860 369 937 civitate
385 861 504 958 fugite
522 863 560 934 in
577 861 685 934 aliam
706 861 763 962 (l).
781 862 867 938 Vita
885 864 989 962 plane
1008 888 1113 962 quam
1134 864 1298 939 Salvator
1322 875 1442 942 noster

218 977 507 1073 gessitincarne,
515 1000 585 1050 non
595 976 716 1050 minus
729 1000 836 1074 quam
846 976 1049 1074 praedicatio
1058 976 1251 1073 Evangelii
1264 976 1365 1052 nobis
1377 989 1442 1068 est,

220 1095 256 1163 et
269 1090 445 1186 proposita
461 1089 624 1163 tanendae
637 1089 764 1185 regula
781 1089 989 1187 disciplina.
1007 1090 1110 1165 Siout
1123 1089 1198 1188 ipse
1211 1113 1297 1186 ergo
1310 1099 1442 1166 cuncta
1507 1079 1509 1084 ¹

220 1203 344 1276 mundi
362 1202 517 1277 furentis
533 1203 715 1278 obstacula
728 1225 799 1277 non
812 1227 874 1302 per
891 1205 1045 1281 districti
1063 1204 1239 1302 examinis
1257 1204 1441 1294 ultionem,

221 1316 282 1392 sed
304 1341 366 1414 per
382 1316 557 1392 invictam
575 1316 761 1414 superavit
778 1316 989 1392 inconcusse
1007 1317 1177 1416 patientie
1195 1327 1443 1414 magestatem,

218 1431 269 1504 ita
281 1454 345 1505 nos
358 1430 458 1506 decet
471 1429 595 1504 mundi
610 1430 743 1504 rabiem
754 1431 870 1527 potius
880 1430 1127 1528 aequaoimiter
1140 1430 1243 1520 ferre,
1257 1455 1365 1530 quam
1378 1431 1439 1507 vel

221 1569 322 1617 arma
345 1543 534 1642 corripere,
551 1543 611 1618 uel
631 1543 770 1618 ledendi
790 1543 985 1619 lesionibus
1007 1544 1229 1642 respondere,
1250 1544 1446 1642 praesertim

221 1683 303 1733 cum
317 1657 412 1732 inter
426 1681 579 1754 regnum
593 1667 629 1732 ot
645 1658 866 1734 sacerdotum
878 1659 1017 1758 propria
1031 1659 1206 1757 cuiusque
1218 1658 1443 1755 distinguan-

223 1781 284 1846 tur
296 1770 422 1859 offioia,
436 1780 472 1846 ct
485 1780 526 1846 ut
538 1769 995 1860 armisexutantursaeouli,
1007 1779 1044 1846 ct
1056 1771 1219 1846 sacerdos
1228 1771 1443 1866 accingatur

225 1884 345 1982 gladio
358 1884 506 1983 spiritus
518 1883 609 1982 quod
624 1893 677 1958 ost
689 1883 839 1959 verbum
854 1883 929 1958 Dei.
944 1886 994 1958 De
1008 1883 1131 1958 saeouli
1145 1908 1299 1981 namque
1312 1881 1444 1980 princi-

223 2023 266 2097 pe
282 1999 420 2073 Paulus
432 1998 617 2072 dicitNon
632 1997 708 2072 sine
721 2021 830 2072 causa
843 1997 1005 2092 gladium
1019 2005 1144 2095 portat.
1153 1997 1217 2072 Dei
1230 1997 1326 2072 enim
1340 1997 1445 2070 mini-

225 2123 298 2188 ster
311 2123 375 2200 est,
388 2111 520 2186 vindex
536 2111 574 2185 in
592 2113 683 2184 iram
702 2113 735 2186 ei
752 2110 813 2210 qui
831 2109 924 2185 male
941 2109 1029 2206 agit.
1044 2109 1192 2184 Azarias
1210 2133 1273 2184 rex
1288 2108 1372 2208 quia
1390 2134 1444 2183 sa·

221 2225 399 2304 cerdotale
413 2226 604 2324 usurpavit
616 2226 784 2315 officium,
797 2224 896 2323 lepra
910 2223 1145 2322 perfunditur.
1156 2227 1200 2298 Et
1213 2224 1377 2299 sacerdos
1389 2247 1444 2296 ar·

224 2369 281 2417 ma
296 2341 554 2441 corripil,quod
568 2341 692 2440 utique
706 2341 879 2417 laicorum
893 2339 1051 2437 estquod
1064 2339 1446 2428 meretur,nametDa-

219 2457 282 2530 vid
297 2455 428 2532 iccirco
441 2465 524 2530 ante
541 2455 771 2552 evangelium
791 2452 1012 2549 evangelium
1029 2451 1161 2524 vixisse
1178 2451 1347 2540 creditur,
1360 2451 1444 2549 quia

220 2593 290 2644 non
304 2567 528 2643 modoSemei
540 2566 596 2642 vel
608 2566 695 2641 Saul
703 2567 766 2642 sed
775 2577 811 2642 ot
821 2565 985 2665 plurimis
999 2564 1444 2640 indulsissesnishostibus

217 2681 413 2756 invenitur.
427 2685 480 2755 Ex
489 2703 558 2779 quo
570 2689 607 2754 et
619 2680 748 2755 ceteris
761 2679 895 2756 sanctis
909 2678 1069 2778 patribus
1078 2678 1251 2753 nonnulla
1260 2679 1318 2754 hio
1329 2705 1444 2754 exem·

216 2795 276 2895 pla
300 2794 590 2892 perstringerem,
615 2792 685 2866 nisi
710 2793 811 2866 vobis
835 2789 1163 2888 incomparabiliter
1180 2791 1318 2865 notiora
1335 2815 1442 2889 quam

220 2905 307 2982 mibi
323 2907 400 2982 haec
413 2916 449 2982 et
462 2906 593 2980 similia
608 2916 705 2981 certa
718 2917 886 2981 tenerem.
900 2903 1011 2980 Plane
1025 2904 1106 3002 quis
1119 2927 1189 2978 non
1202 2904 1323 2979 videat
1335 2927 1449 3002 quarn·

219 3021 267 3096 sit
279 3021 464 3096 inhonesta
481 3020 653 3109 conlusio,
667 3030 707 3093 ut
720 3019 810 3117 quod
828 3017 1010 3114 agendum
1028 3016 1192 3093 aecclesia
1207 3017 1362 3113 denegat
1379 3018 1444 3091 im-

217 3133 477 3234 pudenteripsa
490 3133 719 3210 committat?
733 3136 873 3207 Etcum
888 3132 969 3205 aliis
983 3132 1150 3230 praedicet
1160 3132 1379 3229 patientiam,
1392 3133 1445 3206 in·

217 3249 447 3324 federabilem
466 3248 542 3346 ipsa
559 3257 683 3323 contra
700 3255 871 3322 nocentes
888 3246 1108 3322 accendatur
1125 3245 1168 3318 ad
1188 3246 1308 3320 iram?
1325 3247 1445 3321 Conti-

216 3363 274 3460 gir
291 3363 385 3438 enim
405 3361 469 3437 hoo
486 3361 632 3437 facienti
651 3361 744 3458 quod
765 3359 954 3458 Apostolus
971 3359 1068 3434 dicit.
1087 3362 1142 3434 Ne
1160 3384 1241 3433 cum
1260 3359 1342 3432 aliis
1359 3384 1445 3456 prm·

215 3476 515 3572 dicavorim,ipse
532 3474 700 3573 reprobus
718 3474 862 3550 efficiar.
881 3471 951 3546 Vol
968 3469 1060 3544 illud
1080 3471 1197 3568 potius
1214 3471 1306 3569 quod
1318 3471 1366 3545 ad
1380 3475 1445 3546 Ro
1548 3519 1551 3524 n

215 3615 338 3664 manos
354 3589 415 3663 ait.
430 3590 528 3676 Quod
542 3598 660 3664 autem
678 3587 790 3662 alium
808 3587 921 3674 dacae,
937 3584 1090 3684 teipsum
1110 3607 1180 3659 non
1198 3583 1330 3660 doces?
1344 3587 1443 3672 Quod

216 3702 387 3801 praedicas
408 3725 478 3776 non
498 3702 703 3790 furandum,
720 3699 865 3785 furaris,
884 3699 976 3797 quod
995 3699 1084 3773 dicis
1109 3723 1178 3774 non
1206 3698 1444 3774 mechandum

217 3815 421 3890 macharis?
433 3814 534 3902 Quod
547 3812 788 3888 abhominaris
797 3811 909 3910 ydola
924 3812 1159 3908 sacrilegium
1174 3813 1288 3889 facis?
1302 3815 1347 3886 Et
1360 3836 1446 3909 prm

194 3989 205 4014 ,.
216 3928 320 4026 cipue
338 3929 431 4027 quod
447 3928 503 4002 his
521 3937 648 4027 praesto
666 3926 912 4021 subiungitur,
931 3926 1105 4001 sacerdoti
1123 3950 1322 4023 congruere
1347 3925 1445 4002 vide·

215 4052 286 4116 tur.
303 4041 404 4130 Quod
420 4041 457 4114 in
476 4041 557 4136 lege
575 4038 753 4136 gloriaris,
770 4064 833 4139 per
850 4039 1183 4138 praevaricationem
1208 4040 1303 4137 legis
1328 4042 1444 4116 Deum

223 4301 226 4308 ·
296 4273 332 4340 (*1
349 4273 382 4326 [a
394 4273 494 4327 codicis
504 4269 627 4341 marotiae
640 4273 753 4340 lenitur:
765 4272 924 4328 Notandum
938 4271 1012 4338 quod
1024 4271 1077 4326 hoe
1088 4273 1174 4338 caput
1192 4273 1221 4325 at
1238 4285 1359 4337 aequans
1382 4289 1446 4341 pro-

214 4361 293 4415 hibet
310 4363 424 4416 clericos
437 4375 566 4427 pugnarn
583 4361 632 4415 sed
644 4361 798 4414 humanum
814 4363 953 4414 auxilium
966 4363 1097 4427 expetara
1109 4361 1236 4414 concedit
1248 4364 1288 4415 els
1297 4377 1358 4429 cap.
1370 4364 1445 4416 XVI.

215 4447 306 4502 XXII.
326 4448 440 4499 XXVII.
461 4447 690 4510 L1.Lx1,1.x11.
706 4448 829 4502 LXVIII.
845 4447 996 4501 LXXVIII.
1012 4447 1094 4501 CVII.
1108 4447 1205 4501 CVlll.
1222 4447 1321 4503 Clllll.
1336 4449 1447 4504 cx1111.
1536 4465 1538 4468 ·

217 4537 245 4588 rn
260 4535 349 4602 prmo
362 4535 432 4589 roro
444 4533 620 4590 ccxxxvr
