3642 5294
856 419 904 430 -
931 398 998 448 Vlll
1024 417 1072 430 -

349 561 373 618 l>
405 533 596 626 buntur.
621 533 738 626 Post
760 560 963 626 canones
985 536 1251 653 sequuntur
1273 529 1459 624 decreta
1481 531 1575 625 Ro-

349 723 374 782 »
403 721 654 787 manorum
677 693 1050 811 Pontificun1‚in
1074 695 1244 816 quibus
1267 693 1494 787 nonnulla
1515 721 1574 786 ex
1632 731 1635 740 ·

349 853 857 950 »Pseudoisidorianis
896 855 1190 979 apocryphis.
1225 855 1375 948 Plura
1406 882 1576 976 suppe-

348 1047 374 1106 »
402 1019 510 1110 tunt
532 1046 591 1110 ex
613 1017 813 1137 registro
834 1017 1051 1138 Gregorii
1072 1016 1181 1134 VH,
1201 1016 1280 1139 qui
1302 1016 1481 1110 Victori
1503 1016 1575 1111 ill

349 1211 374 1269 s
402 1185 736 1304 praecesserat.
762 1182 1057 1300 Subduntun
1083 1181 1165 1277 ubi
1197 1183 1352 1276 locum
1385 1182 1575 1298 habent,

349 1373 374 1430 »
403 1343 605 1436 Patrum
628 1342 910 1460 testimonia,
927 1347 973 1438 et
994 1343 1221 1438 nonnulla
1242 1371 1302 1436 ex
1321 1341 1576 1439 iustiniani

195 1627 198 1633 Ι
334 1535 374 1594 w»
403 1505 602 1626 legibus
636 1506 867 1634 quaedam
906 1535 966 1600 ex
998 1505 1195 1600 historia
1220 1505 1466 1600 'Anastasii
1499 1505 1578 1598 Bi-

348 1667 707 1785 »bliothecarii⁷
740 1697 798 1762 ex
842 1667 1160 1792 Ponlc'stcalz'
1191 1667 1450 1782 Romano,
1485 1697 1577 1791 quo

349 1831 527 1926 »vitae
559 1831 847 1926 Pontificum
881 1830 1229 1947 describuntur,
1252 1859 1311 1924 ex
1343 1831 1461 1925 libro
1484 1831 1579 1926 Ro·

352 2026 376 2084 »
405 2021 656 2088 manorum
679 1993 983 2110 Pontificum,
1007 1993 1087 2115 qui
1120 1993 1290 2087 dicitur
1314 1992 1575 2110 Hierone,

351 2185 465 2250 »ex
498 2155 696 2250 historia
727 2156 883 2250 Paulli
915 2155 1129 2273 Diaconi,
1152 2186 1212 2251 ex
1245 2155 1464 2250 chronico
1497 2155 1580 2248 Vi-

350 2318 544 2414 »ctoris
579 2318 886 2434 Turonensis
919 2321 965 2414 et
1006 2347 1065 2413 ex
1108 2319 1224 2413 actis
1269 2317 1316 2413 S.
1351 2317 1578 2412 Bonisacii

194 2561 198 2570 .
319 2581 321 2586 ,
350 2514 375 2570 >>
403 2479 626 2604 Episcopi
643 2479 926 2601 Moguntini.
947 2480 1179 2575 Inseritur
1196 2479 1419 2602 antiquus
1438 2478 1579 2576 Ordo

349 2673 374 2732 ›>
403 2642 698 2758 Romanoa,
712 2641 793 2765 qui
810 2642 989 2766 incipit:
1004 2642 1074 2738 In
1093 2643 1580 2766 ptcacalnqoescllo-

350 2838 375 2894 »
406 2807 460 2900 la
491 2803 697 2926 reperti
718 2801 933 2925 facerint
949 2806 1120 2926 poteri
1137 2805 1264 2901 berre
1286 2805 1430 2901 docti
1447 2806 1581 2901 otte-

350 2993 516 3084 Ηώς,
553 2969 812 3064 tollantur
854 2970 910 3062 ct
946 2967 1263 3062 arctarentur
1305 2966 1362 3063 o'n
1399 2967 1582 3063 schola

310 3213 312 3218 ,
353 3165 378 3223 ›>
414 3131 705 3228 Caularem
738 3134 830 3225 etc.
860 3129 948 3224 Est
983 3127 1112 3222 Ordo
1146 3129 1392 3224 Romanus
1426 3159 1579 3224 nonus

350 3330 375 3386 »
405 3325 434 3390 a
456 3293 725 3390 Mabillonio
748 3291 900 3386 editus
922 3290 1089 3386 tonn2
1113 3291 1264 3390 Musei
1288 3290 1452 3408 Italici,
1468 3319 1578 3416 pag.

238 3535 244 3544 .
350 3453 479 3572 sse,
502 3454 582 3578 qui
614 3457 774 3548 tamen
807 3455 855 3548 in
888 3459 1047 3551 nostro
1081 3455 1237 3550 codice
1259 3453 1495 3550 variantes
1518 3455 1581 3548 le-

350 3651 375 3708 »
405 3618 582 3712 ctiones
604 3619 769 3712 notatu
788 3617 972 3738 dignas
985 3621 1030 3714 et
1046 3619 1355 3714 vvetustiorem
1379 3621 1579 3712 aetatem

353 3779 624 3904 »praefert
732 3884 737 3898 ,

474 3974 499 4030 >>
528 3940 680 4035 Plura
706 3941 834 4036 addit
858 3942 1120 4037 Cardinalis
1144 3943 1364 4037 extemis
1388 3942 1581 4036 Latera-

351 4135 376 4194 »
405 4103 565 4198 nensis
589 4103 808 4198 basilicae
831 4103 889 4197 ad
911 4105 1248 4227 patrimonium
1263 4103 1455 4198 S.Petri
1476 4131 1582 4226 per·
1723 4091 1724 4094 ‘

350 4265 616 4382 »tinentia
640 4295 700 4360 en
732 4266 903 4389 quilius
936 4295 1064 4362 nunc
1096 4295 1262 4383 unum,
1295 4294 1422 4360 nunc
1454 4263 1580 4358 aliud

350 4429 624 4527 »volumen
657 4430 833 4548 laudat
866 4457 986 4558 quae
1028 4457 1131 4528 esse
1174 4429 1326 4528 aiteio
1360 4428 1578 4528 orclltco
