3638 5294
901 377 1098 440 -494-

385 494 601 584 huiusmodi,
618 494 711 591 quod
723 494 859 568 factum
874 503 930 570 est
947 495 1013 570 sub
1031 494 1235 594 tyrannidae
1247 496 1389 587 Licinii,
1402 497 1537 598 placuit
1550 511 1612 597 s'y·

385 609 474 683 nodo
487 610 654 707 quamvis
671 609 895 683 humanitate
910 609 1104 706 probentur
1121 608 1275 705 indigui,
1299 621 1420 687 tamen
1443 614 1496 687 eis
1512 613 1611 688 beni·

387 721 545 797 volentia
563 722 786 812 commodari.
805 722 1031 819 Quicumque
1052 745 1139 818 ergo
1160 723 1336 798 veraciter
1361 725 1609 824 penitudinem

386 837 483 932 gerit
498 836 614 911 tribus
631 837 735 910 aunis
748 837 843 912 inter
857 836 977 911 fideles
989 836 1174 910 audientes
1191 835 1401 926 habeantur,
1424 849 1461 913 et
1478 843 1531 913 VI
1548 864 1613 912 an·

386 949 444 1022 nis
459 947 556 1022 omni
574 974 611 1023 se
635 948 845 1024 contritione
870 949 1037 1039 deiciant,
1054 949 1190 1024 duobus
1207 950 1313 1025 annis
1338 951 1415 1028 sine
1432 952 1611 1030 oblatione

388 1061 516 1161 populo
532 1059 569 1134 in
587 1062 745 1136 oratioue
763 1062 1039 1139 communicent.

453 1251 500 1302 De
518 1249 610 1302 laicis
630 1251 686 1314 qui
703 1250 806 1302 Deum
822 1251 1025 1314 negaverunt
1043 1263 1085 1303 ex
1103 1254 1239 1306 concilio
1259 1253 1378 1305 Niceno
1398 1265 1470 1318 cap.
1490 1257 1545 1308 xl.

483 1403 709 1500 Quicumque
723 1403 839 1478 vocati
853 1427 915 1500 per
929 1405 1097 1499 gratiam,
1111 1406 1267 1502 primum
1281 1408 1610 1506 quidemimpetum

391 1527 693 1593 monstraverunt.
702 1519 925 1615 Deponentes
937 1517 1073 1591 militiae
1086 1518 1519 1619 cingulumpcstmodum
1528 1545 1614 1596 vero

389 1633 432 1706 ad
450 1631 631 1729 proprium
651 1629 824 1704 vomitum
843 1639 928 1703 sunt
945 1628 1066 1724 elapsi,
1084 1629 1134 1704 ita
1154 1641 1194 1704 ut
1211 1631 1356 1728 quidam
1378 1645 1414 1708 et
1439 1634 1611 1730 pecunias

389 1745 599 1832 tribuerent,
617 1754 652 1819 et
668 1743 851 1818 beneficiis
874 1743 1039 1816 militiam
1066 1754 1275 1840 repeterent.
1293 1749 1333 1819 Iu
1362 1745 1484 1821 decem
1505 1745 1612 1819 annis

388 1867 466 1955 post
483 1855 655 1931 trihcnnii
673 1865 825 1952 tempus,
843 1879 913 1952 quo
929 1856 1024 1929 intra
1042 1855 1228 1930 audientes
1245 1869 1352 1931 erunt
1368 1858 1406 1931 in
1418 1857 1613 1934 afflictione

389 1971 503 2069 prima
520 1980 697 2045 maneant.
716 1973 762 2044 Et
778 1970 815 2042 in
834 1969 891 2043 his
909 1969 1072 2042 omnibus
1091 1970 1306 2067 propositum
1326 1977 1362 2046 et
1375 1971 1530 2069 speciem
1546 1995 1612 2068 pae-

388 2084 550 2159 nitentia
567 2083 735 2158 convenit
752 2083 943 2182 explorare.
962 2086 1054 2170 Quot
1072 2093 1157 2180 quot
1171 2093 1270 2157 met-u
1284 2093 1319 2157 et
1332 2083 1491 2158 lacrimis
1505 2093 1613 2182 atque

391 2197 563 2295 patientia
581 2195 638 2270 vel
664 2193 764 2268 bouis
790 2195 954 2292 operibus
981 2194 1085 2270 rebus
1111 2195 1198 2293 ipsis
1219 2195 1486 2270 conversionem
1509 2222 1612 2270 suam

388 2333 459 2383 non
473 2309 735 2383 simulationem
750 2309 1003 2396 demonstrant,
1014 2307 1051 2380 hi
1066 2309 1253 2382 delinitum
1267 2320 1408 2406 tempus
1421 2309 1614 2383 auditionis

390 2421 583 2518 implentes
592 2431 670 2495 tum
681 2421 825 2494 demum
840 2421 1050 2496 fidelibusin
1063 2422 1220 2496 oratione
1233 2423 1507 2498 communicent.
1519 2427 1615 2497 Post-

389 2534 533 2608 modum
560 2555 645 2608 vero
670 2532 794 2608 licebit
820 2533 980 2630 episcopo
1006 2534 1048 2608 de
1069 2533 1127 2606 his
1144 2534 1281 2631 aliquid
1297 2535 1491 2608 humanius
1515 2539 1615 2631 cogi·

390 2661 477 2722 tare.
504 2646 720 2742 Quicunque
745 2669 829 2720 vero
853 2645 1096 2726 indifferenter
1122 2647 1295 2736 tulerunt,
1314 2659 1349 2722 et
1366 2647 1529 2722 habitum
1559 2649 1613 2721 in-

390 2760 556 2836 troeundi
576 2759 763 2834 ecclesiam
782 2759 849 2834 sibi
870 2760 1034 2835 arbitrati
1056 2761 1206 2834 suntad
1228 2763 1495 2836 conversionem
1514 2785 1617 2858 posse

389 2875 565 2963 sufficere,
581 2872 620 2946 hi
638 2873 824 2947 definitum
843 2873 954 2948 modis
972 2855 1135 2948 omnibus
1153 2883 1295 2970 tempus
1311 2873 1482 2972 inpleant.

465 3077 573 3130 Dahis
588 3077 644 3144 qul
656 3077 794 3130 diversis
807 3077 914 3129 causis
924 3075 1049 3141 aliquid
1061 3077 1126 3129 ritu
1138 3076 1331 3140 gentilitatis
1343 3077 1544 3143 peregerunt

723 3179 765 3218 ex
785 3165 917 3218 coneilio
936 3165 1095 3232 Ancirano
1116 3177 1188 3231 cap.
1209 3167 1281 3216 1111.

487 3329 537 3401 De
554 3325 611 3400 his
628 3327 690 3424 qui
708 3325 910 3401 sacrificare
931 3325 1045 3402 coacti
1062 3335 1148 3400 suut
1165 3325 1312 3422 insuper
1325 3334 1361 3399 et
1379 3336 1615 3400 caecaverunt

391 3440 429 3512 iu
441 3437 558 3536 ydolo,
568 3439 784 3535 quicumque
798 3461 918 3511 eorum
933 3464 1016 3513 cum
1030 3439 1248 3514 ducerentur
1262 3438 1386 3513 laetiori
1400 3439 1524 3514 habitu
1539 3440 1615 3514 fue·

392 3561 542 3640 ructet
565 3549 791 3624 vestimentis
809 3549 1074 3646 pretiosioribus
1094 3550 1149 3624 nsi
1167 3560 1263 3638 sunt,
1281 3561 1317 3626 et
1334 3562 1530 3650 preparatae
1547 3576 1613 3626 cas

390 3690 446 3738 nae
463 3664 705 3740 indifferenter
723 3663 912 3760 participes
931 3663 1140 3752 extiterunt,
1153 3662 1290 3759 placuit
1307 3687 1365 3738 eos
1379 3663 1475 3738 inter
1492 3664 1613 3739 adien-

391 3788 446 3854 tes
464 3801 535 3852 uno
551 3800 645 3850 anno
662 3773 842 3865 constitui,
860 3775 1092 3850 succumbere
1112 3799 1195 3850 vero
1214 3775 1330 3849 tribus
1347 3779 1461 3850 annis.
1479 3781 1521 3851 Iu
1539 3800 1615 3850 ora·

390 3891 486 3966 tione
495 3899 616 3965 autem
629 3890 896 3965 communicare
908 3889 1051 3963 biennio
1065 3898 1101 3962 et
1114 3899 1202 3963 tunc
1215 3889 1443 3986 perfectionis
1452 3891 1611 3985 gratiam

391 4003 586 4102 pervenire.
604 4006 785 4100 Quotquot
802 4011 923 4078 autem
940 4002 1180 4076 ascenderunt
1193 4002 1326 4099 templa
1339 4019 1439 4077 veste
1452 4002 1613 4099 lugubri,

391 4127 427 4191 et
444 4115 690 4191 recumbentes
705 4139 765 4211 per
778 4137 881 4189 omne
894 4123 1037 4212 tempus
1050 4113 1181 4190 flevere
1195 4113 1405 4202 discubitus,
1419 4115 1449 4188 si
1464 4115 1616 4211 comple-

308 4311 311 4316 ,
392 4238 525 4304 verunt
543 4229 750 4326 paenitentia
767 4227 914 4302 triennii
933 4229 1112 4326 temporis,
1134 4229 1210 4302 sine
1228 4227 1403 4302 oblatione
1419 4228 1617 4324 suscipian-

390 4353 460 4416 tur.
470 4341 509 4416 Si
521 4350 642 4416 autem
656 4365 726 4415 nou
742 4341 1060 4430 manducaverunt,
1069 4339 1211 4414 biennio
1224 4339 1374 4414 subiecti
1385 4339 1614 4436 paenitentia,

389 4453 494 4528 tertio
510 4475 603 4526 anno
620 4453 698 4528 sine
715 4453 891 4530 oblatione
908 4454 1185 4556 communicent,
1198 4463 1240 4528 ut
1257 4453 1509 4550 perlectionem
1528 4477 1615 4550 qua·
