3646 5292
731 417 771 454 -,-
796 385 861 450 aar
887 415 927 456 -,-

216 504 355 581 diaconi
378 504 506 594 officio,
521 503 551 580 si
566 503 817 604 perfunctorie,
836 512 901 578 aut
916 503 1113 580 adulatorie
1132 511 1346 602 resagatur.
1368 503 1438 579 Sed

214 616 325 694 nichil
347 618 440 718 apud
464 621 579 694 Deum
597 617 777 708 miserius,
793 626 830 693 et
846 617 1001 711 tristius,
1017 629 1053 696 et
1070 619 1320 694 damnabilius,
1346 620 1436 694 ltem

215 731 328 807 nichil
346 731 449 807 estin
467 732 534 808 hac
551 731 627 806 vita
644 740 680 806 et
696 731 855 808 maxime
870 732 937 808 hoc
953 742 1111 832 tempere
1135 732 1328 822 difficilius,
1346 731 1438 807 labo·
1495 773 1499 782 ·

217 844 357 935 riceins,
378 844 625 944 periculosius,
644 844 1043 948 episeopipresbyteri,
1067 846 1206 924 diaconi
1230 846 1353 923 officio.
1370 845 1439 922 Sed

214 959 309 1059 apud
322 960 436 1034 Deum
451 958 564 1033 nichil
578 958 729 1047 beatius
743 958 773 1032 si
791 981 831 1034 eo
844 960 946 1034 modo
959 959 1145 1052 militetur,
1161 983 1231 1060 qno
1242 969 1363 1036 noster
1375 959 1440 1034 im·

216 1071 370 1172 peratori
384 1071 494 1147 iubet.
519 1071 609 1160 Quis
625 1082 746 1148 autern
764 1073 813 1147 sit
825 1073 893 1148 iste
909 1074 1045 1164 modus,
1061 1099 1128 1150 nec
1144 1099 1165 1148 a
1182 1073 1336 1174 pueritia
1350 1097 1440 1163 mea,

216 1209 283 1264 nec
300 1185 345 1260 ab
361 1185 600 1264 adolescentia
613 1186 732 1277 didici,
749 1195 785 1262 et
802 1210 842 1263 eo
854 1197 1011 1287 tempore
1024 1213 1092 1287 quo
1105 1188 1240 1264 discere
1254 1213 1439 1288 caeperam,

216 1300 273 1374 vis
290 1299 379 1373 mihi
392 1301 488 1376 iacta
502 1311 557 1376 est
570 1301 696 1376 meritc
709 1311 935 1400 peccatorum
950 1325 1121 1378 meorum.
1134 1305 1227 1376 Nam
1241 1301 1327 1400 quid
1340 1300 1439 1376 aliud

216 1413 417 1490 existimem
442 1415 574 1505 nescio,
598 1424 640 1490 ut
664 1414 844 1492 sccundus
868 1413 969 1490 loeus
993 1415 1322 1513 gubernaculorum
1348 1413 1437 1489 mihi

216 1527 427 1618 traderetur,
443 1528 505 1626 qui
524 1537 804 1622 remurntenere
820 1551 891 1603 non
908 1552 1088 1606 noveram.

787 1758 873 1841 cvl.

217 2049 219 2052 ,
311 1984 521 2061 Ambrosius
538 1986 574 2060 in
594 1987 628 2062 II
645 1985 735 2062 libro
750 1983 957 2061 officiorum.
970 1987 1039 2063 Sed
1052 1995 1088 2064 et
1103 1988 1321 2064 sacerdotem
1336 1986 1439 2063 bene·

217 2096 309 2173 liciis
326 2099 402 2173 suis
418 2099 477 2176 rel
495 2100 641 2176 iudiciis
657 2099 779 2176 favere
796 2100 975 2190 conuenit,
992 2111 1033 2176 ut
1057 2101 1298 2200 equalitatem
1322 2109 1440 2177 eusto-

216 2209 302 2300 diat,
315 2223 351 2288 ct
368 2213 618 2312 presbyterum
635 2213 695 2288 vel
713 2213 919 2288 ministrnm
937 2215 1129 2292 deferrent
1145 2215 1295 2316 parenti.
1312 2219 1438 2314 Neque

215 2324 279 2400 hos
292 2325 376 2424 quia
390 2327 498 2403 semel
512 2327 648 2427 probati
662 2336 749 2402 sunt
765 2335 976 2423 arrogantes
990 2353 1067 2404 esse
1087 2337 1234 2427 oportet,
1246 2329 1308 2404 sed
1322 2327 1439 2425 magis

215 2463 389 2516 memores
401 2440 529 2537 gratiae
541 2440 783 2535 humilitatem
796 2450 928 2516 tenere.
937 2443 1013 2518 Nec
1022 2442 1150 2518 offendi
1164 2441 1393 2531 sacerdotem,
1406 2440 1438 2516 si

214 2562 279 2628 aut
294 2554 492 2653 presbyter,
500 2565 565 2630 aut
578 2555 750 2645 minister,
763 2564 827 2630 ant
839 2555 1028 2654 quisquam
1042 2557 1085 2633 dc
1106 2556 1212 2647 clero,
1224 2566 1289 2632 aut
1302 2554 1440 2632 miseri·

215 2668 417 2758 cordia,aut
433 2668 577 2759 ieiunio,
590 2677 654 2744 aut
667 2667 887 2765 integritate,
900 2679 964 2746 aut
978 2671 1197 2761 doctrina,et
1204 2671 1355 2760 lectione
1368 2669 1440 2747 exi-

214 2783 453 2860 stimationem
472 2783 680 2884 accumulat
696 2808 810 2858 snam.
828 2784 954 2858 Gratia
967 2784 1064 2860 enim
1081 2783 1261 2876 aecclesiae,
1281 2783 1362 2860 laus
1382 2784 1439 2860 do·

215 2897 323 2972 cteris
336 2907 400 2987 est,
412 2899 526 2974 bonus
539 2897 791 2998 opusalicuius
803 2897 1000 2996 proedicari,
1010 2898 1060 2974 ita
1069 2907 1190 2974 tamen
1204 2899 1235 2973 si
1248 2897 1348 2973 nullo
1364 2907 1439 2972 stu·

215 3009 273 3084 dio
294 3011 356 3084 fiat
380 3010 571 3087 iactantiae.
587 3011 749 3087 Laudent
765 3009 860 3086 enim
880 3037 1174 3112 unumquemque
1190 3013 1438 3112 proximorum,

215 3122 449 3200 labiaetucn
467 3149 641 3214 ossuum,
667 3133 704 3199 et
724 3125 973 3201 commendent
997 3149 1103 3225 opera
1127 3151 1198 3202 nun
1223 3127 1340 3202 studio
1364 3149 1438 3203 suo.

217 3237 395 3312 Oaeterum
414 3238 445 3320 si
463 3238 544 3338 quis
560 3261 629 3312 non
647 3237 786 3314 obediat
798 3236 969 3337 episcopo,
981 3239 1149 3316 extollere
1161 3249 1268 3340 atque
1281 3240 1438 3316 exaltare

215 3377 253 3427 se
270 3351 445 3429 desideret
463 3352 592 3428 merita
608 3351 762 3451 episcopi
776 3350 986 3426 obumbrare
999 3351 1169 3428 simulata
1184 3351 1369 3430 affectione
1381 3353 1439 3429 do

215 3463 353 3554 ctrinae,
366 3474 431 3540 ant
443 3464 671 3555 humilitatis,
687 3476 752 3540 aut
765 3463 1027 3557 misericordia,
1040 3464 1097 3541 his
1110 3491 1132 3538 a
1145 3490 1229 3542 vero
1241 3466 1369 3542 devius
1381 3491 1440 3540 su·

214 3577 517 3676 perbit,quoniam
532 3578 695 3654 veritatis
707 3603 749 3654 ea
762 3587 817 3654 est
830 3577 957 3674 regula
967 3587 1008 3653 nt
1017 3578 1130 3654 nichil
1139 3579 1249 3656 faciat
1261 3603 1439 3656 commcn-

215 3689 321 3769 dandi
336 3691 393 3765 sui
406 3715 517 3767 causa
530 3713 600 3788 quo
612 3692 728 3766 minor
739 3691 835 3766 alius
848 3692 920 3765 fiat.
933 3694 1058 3790 Neque
1072 3692 1102 3768 si
1117 3691 1296 3791 quidboni
1309 3693 1440 3770 habeat

215 3803 252 3878 id
268 3803 313 3880 ad
329 3803 619 3881 deformationem
633 3803 783 3883 alterins
798 3815 836 3881 ct
852 3805 1150 3904 vituperationem
1168 3819 1341 3886 exerceas.
1357 3811 1438 3882 Non

214 3915 383 3993 defendas
402 3917 600 4016 improbum
618 3926 654 3992 et
670 3927 796 3994 sancta
814 3917 963 4016 indigno
979 3920 1232 4003 committenda
1244 3920 1439 3997 arbitreris.

215 4031 340 4128 Neque
349 4029 480 4106 iterum
491 4054 623 4128 urgeas
636 4040 672 4108 et
684 4031 886 4130 impugnes,
897 4031 1003 4106 euius
1015 4031 1153 4110 crimen
1165 4057 1236 4111 non
1247 4033 1440 4132 deprehen·

214 4140 319 4230 deris.
335 4145 428 4218 Nam
447 4168 530 4219 cum
548 4144 585 4218 in
603 4143 973 4229 omnibnsiniustitiae
990 4146 1062 4222 'cite
1077 4145 1247 4246 offendat,
1264 4156 1341 4224 tum
1367 4173 1440 4222 ma·-

214 4254 309 4330 xime
322 4255 359 4330 in
374 4251 535 4332 aecclesia
553 4257 613 4331 ubi
631 4257 837 4356 aeqnitatem
854 4256 977 4333 haberi
994 4258 1107 4349 decet,
1122 4259 1184 4334 ubi
1198 4259 1438 4358 equalitatem

213 4365 336 4442 haberi
354 4377 501 4466 oportet,
523 4379 564 4444 nt
589 4369 704 4446 nichil
729 4369 798 4445 sibi
824 4371 999 4470 potentior
1024 4371 1105 4470 plus
1129 4373 1301 4462 uindicet,
1325 4371 1439 4448 nichil

213 4479 296 4576 plns
312 4471 462 4578 usurpet
478 4481 593 4558 ditior.
611 4483 697 4558 Sive
714 4483 810 4560 enim
836 4508 981 4583 pauper,
1005 4486 1083 4588 sive
1107 4486 1219 4576 dives,
1235 4485 1281 4562 in,
1296 4485 1440 4567 Christo
