3618 5316
890 407 931 422 -
956 373 1020 437 330
1046 406 1086 422 -
1121 389 1127 398 ·

379 491 498 570 clesiee
515 491 610 567 sicut
628 491 884 568 dilectissimus
902 490 999 566 filius
1015 500 1051 568 et
1067 501 1224 567 nostram
1251 491 1288 566 in
1314 491 1457 568 Christo
1476 494 1604 568 amiei-

378 608 467 682 tiam
486 605 589 705 pleno
602 605 741 681 habere.
754 605 851 680 Idem
866 606 904 678 in
918 605 1038 680 eodem
1052 605 1097 678 ad
1110 607 1267 680 Geusam
1285 607 1458 701 Ungariae
1474 631 1601 702 regem

379 745 454 820 cap.
464 720 582 794 LXIII
596 719 689 792 inter
702 723 970 794 ceteraNotum
985 742 1068 795 vero
1080 717 1145 794 tibi
1159 743 1234 794 esse
1244 719 1600 816 credimus,regnum

379 832 552 929 Ungariae
569 832 665 907 siout
682 841 719 906 et
734 831 805 906 alie
822 831 1043 906 nobilissima
1065 855 1188 930 regna,
1205 833 1243 905 in
1265 833 1404 930 proprie
1421 832 1600 908 libertatis

376 955 474 1020 statu
492 945 610 1020 deberi
628 969 706 1020 esse
723 955 765 1020 ut
782 945 873 1020 nulli
892 946 970 1042 regi
988 946 1136 1021 alterius
1154 945 1258 1042 regni
1275 945 1402 1021 subiici
1424 946 1493 1020 nisi
1519 973 1602 1022 san·

378 1069 446 1135 cte
461 1064 499 1134 'et
517 1059 714 1135 universali
731 1059 839 1133 matri
853 1062 1019 1135 Romanae
1036 1059 1208 1150 ecclesiae,
1221 1083 1301 1158 quae
1317 1059 1509 1156 subgectos
1525 1083 1601 1136 non

376 1172 484 1248 habet
502 1182 543 1247 ut
560 1196 682 1247 servos
699 1171 760 1247 sed
777 1180 819 1247 ut
835 1172 935 1247 filios.
953 1173 1053 1260 Quod
1070 1173 1154 1271 quia
1171 1172 1462 1269 consanguineus
1478 1182 1567 1249 tuus
1579 1201 1603 1249 a

378 1310 463 1383 rege
481 1286 673 1362 Teutonico
690 1311 760 1361 non
782 1311 803 1360 a
829 1291 987 1362 Romano
1012 1286 1183 1362 Pontifice
1209 1285 1420 1384 usurpative
1444 1287 1604 1362 obtinuit

377 1401 571 1476 dominium
604 1400 683 1476 eius
712 1411 754 1476 ut
786 1401 977 1492 oredimus,
1002 1400 1167 1474 divinum
1200 1399 1375 1474 iudicium
1403 1400 1603 1500 impedivit.

379 1514 475 1589 Idem
506 1514 544 1586 in
574 1513 696 1588 eodem
726 1514 771 1589 ad
800 1515 963 1590 cumdem
988 1539 1063 1614 cap.
1081 1515 1182 1589 LXX
1198 1513 1292 1589 inter
1316 1521 1444 1588 cetera
1462 1517 1603 1589 Verum

378 1627 439 1702 ubi
457 1635 677 1725 contemptor
702 1627 811 1701 nobili
831 1627 979 1702 Domino
1003 1628 1097 1702 beati
1115 1627 1212 1704 Petri
1231 1627 1478 1726 Apostolorum
1498 1629 1603 1702 Prin·

378 1740 469 1838 cipis
498 1740 603 1814 cuius
632 1765 785 1837 regnum
816 1765 892 1817 esse
922 1741 1147 1840 prudentiam
1176 1753 1276 1816 tuam
1311 1765 1381 1816 non
1414 1742 1512 1832 latet,
1537 1768 1603 1818 rex

378 1853 535 1929 subdidit
565 1877 602 1928 se
620 1853 815 1933 Teutonico
845 1853 934 1951 regi,
952 1865 988 1929 et
1013 1854 1132 1950 reguli
1157 1878 1284 1930 nornen
1309 1855 1474 1952 optinuit,
1490 1855 1604 1930 domi·

377 1994 447 2042 nus
475 1976 597 2042 autem
627 1967 760 2042 iniurio
789 1991 853 2041 suo
882 1967 1022 2042 illatam
1048 1967 1200 2064 principi
1227 1967 1426 2065 praevidens
1451 1973 1602 2065 potesta·

378 2092 451 2158 tem
471 2082 577 2179 regni
595 2105 659 2156 suo
676 2083 721 2156 ad
742 2091 777 2157 te
802 2083 934 2158 iudicio
957 2081 1154 2157 transtulit.
1172 2085 1218 2155 Et
1242 2083 1292 2156 ita
1310 2081 1602 2178 consanguineus

377 2205 465 2270 tuus
482 2195 512 2268 si
530 2195 615 2293 quid
633 2195 670 2268 in
688 2195 876 2272 obtinendo
893 2220 1005 2292 regno
1022 2195 1113 2270 iuris
1130 2195 1230 2294 prius
1247 2195 1417 2285 habuit,a
1436 2221 1473 2272 se
1490 2197 1601 2271 sacri·

378 2307 461 2404 lega
479 2307 709 2406 usurpatione
726 2309 891 2406 privabit.
908 2312 1038 2385 Petrus
1054 2312 1189 2385 enima
1215 2311 1318 2384 firma
1339 2320 1438 2408 petra
1456 2311 1600 2400 dicitur,

379 2446 458 2519 quae
470 2431 589 2521 portas
602 2423 709 2497 inferi
727 2422 936 2520 confringit,
949 2433 1057 2522 atque
1069 2424 1298 2499 adamantino
1311 2424 1430 2519 rigore
1444 2423 1599 2498 destruit

379 2547 415 2612 et
431 2537 581 2634 dissipat
597 2537 768 2636 quiequid
785 2537 930 2613 obstitit.
948 2537 1045 2613 Idem
1059 2537 1097 2611 in
1111 2537 1231 2613 eodem
1245 2537 1425 2614 Demetrio
1438 2538 1517 2633 regi
1529 2541 1601 2612 Ru·

379 2673 520 2724 suorum
539 2659 574 2726 et
592 2650 717 2747 regine
735 2651 835 2726 uxori
856 2651 934 2726 eius
955 2653 1050 2728 inter
1074 2651 1204 2728 cetera
1215 2678 1290 2752 cap.
1307 2647 1524 2727 Lxxxnrl'.
1542 2651 1601 2725 Fi·

379 2763 451 2838 lius
468 2774 586 2840 vester
604 2765 730 2839 limina
747 2765 995 2864 Apostolorum
1013 2767 1167 2840 visitans
1184 2767 1228 2841 ad
1245 2790 1309 2841 nos
1326 2766 1427 2841 venit
1447 2775 1484 2841 et
1507 2766 1601 2864 quod

383 2899 538 2972 regnum
556 2877 647 2952 illud
662 2878 754 2956 dono
771 2878 896 2952 Sancti
910 2879 1007 2952 Petri
1025 2903 1087 2977 per
1100 2905 1230 2970 manns
1243 2889 1382 2954 nostras
1393 2877 1503 2954 vellet
1514 2878 1601 2976 opti·

380 3014 476 3077 nere,
494 2988 607 3065 eidem
624 2989 726 3066 beato
745 2993 849 3066 Petro
867 2992 1113 3088 Apostolorum
1132 2991 1292 3089 Principi
1315 2991 1486 3066 fidelitate
1503 2990 1601 3067 exbi·
1655 3035 1659 3043 ·

380 3103 456 3179 bita
481 3105 619 3180 devotis
643 3105 810 3206 precibus
834 3105 1041 3206 postulavit,
1058 3105 1300 3180 indubitanter
1316 3128 1483 3179 asserens
1498 3103 1599 3178 illam

381 3245 483 3294 suam
502 3220 708 3318 petitionem
727 3231 847 3296 vestro
868 3243 1044 3297 consensu
1070 3229 1186 3294 ratam
1212 3220 1286 3294 fore
1311 3244 1354 3294 ac
1379 3217 1555 3305 stabilem,
1570 3217 1601 3291 si

379 3334 580 3432 apostolieae
597 3335 822 3411 auctoritatis
839 3338 960 3434 gratia
977 3360 1020 3410 ec
1044 3333 1244 3408 munimine
1266 3332 1467 3408 donaretur.
1486 3332 1601 3407 Cuius

381 3447 613 3546 petitionibus
642 3450 726 3548 quia
750 3451 845 3527 iuste
870 3451 1095 3538 videbantur,
1112 3457 1190 3522 tum
1217 3471 1260 3522 ex
1276 3451 1396 3520 vestro
1412 3469 1600 3536 consensu,

383 3569 462 3635 tum
482 3586 526 3636 ex
543 3562 726 3637 devotione
744 3565 921 3660 poscentis
942 3564 1086 3638 tandem
1110 3586 1296 3636 assensum
1322 3559 1550 3657 praebuimus,
1566 3569 1603 3634 et

349 3727 353 3738 .
382 3674 486 3770 regni
505 3676 617 3751 vestri
635 3675 882 3772 gubernacula
900 3702 945 3752 ex
962 3686 1061 3776 parte
1078 3675 1170 3750 beati
1190 3673 1288 3748 Petri
1306 3673 1360 3746 illi
1378 3673 1602 3762 tradidimus,

382 3813 423 3862 ea
436 3788 808 3865 videlicetintentionc
817 3789 1170 3879 caritatis‚utbeatus
1179 3792 1308 3863 Petrus
1321 3811 1383 3862 vos
1396 3798 1433 3862 et
1446 3811 1600 3884 regnum

239 3945 242 3952 ·
382 3911 544 3978 vestrum
565 3901 602 3974 in
620 3928 685 3976 sua
703 3906 797 4002 apud
811 3905 924 3978 Deum
941 3903 1195 3982 intercessione
1209 3905 1395 3980 custodiat.
1407 3907 1498 3979 Item
1511 3903 1604 4001 quod

384 4039 538 4111 regnum
553 4017 760 4112 Hyspaniae,
774 4017 864 4090 iuris
881 4017 973 4091 beati
989 4016 1086 4091 Petri
1102 4015 1150 4090 sit
1163 4015 1393 4112 cognoscitur
1404 4040 1450 4090 ex
1461 4025 1603 4111 regesto

382 4128 544 4203 eiusdem
555 4131 624 4202 VII
635 4130 803 4226 Gregorii
813 4129 898 4204 Iib.I
912 4153 989 4228 cap.
998 4131 1085 4204 VII⁰
1095 4139 1131 4204 et
1143 4154 1187 4204 ex
1199 4131 1268 4203 IIII
1281 4129 1342 4203 Iib.
1355 4153 1431 4227 cap.
1442 4129 1605 4203 XXVIII

384 4242 476 4340 quod
493 4243 543 4316 ita
561 4267 598 4318 se
616 4243 733 4318 habet.
752 4245 950 4340 Gregorius
968 4243 1163 4343 Episcopus
1181 4269 1309 4318 servus
1333 4266 1519 4318 servorum
1538 4243 1603 4316 Dei

383 4356 554 4453 Regibus,
579 4357 779 4448 comitibus,
806 4358 1004 4457 ceterisque
1030 4357 1252 4456 principibus
1276 4357 1484 4456 Hyspaniae,
1509 4356 1604 4430 inter

383 4480 513 4547 cetera.
522 4474 701 4548 Praeterea
714 4481 836 4549 notum
852 4473 952 4548 vobis
966 4471 1043 4548 fieri
1057 4471 1333 4572 volumus,qu0d
1347 4467 1448 4544 nobis
1461 4467 1600 4568 quidem
