3654 5302
885 383 1016 446 -430
1049 415 1083 429 -

374 528 529 604 cumque
547 505 712 581 fueritin
730 503 854 580 diebus
871 503 944 576 illis
962 504 1133 578 morietur
1151 504 1254 578 homo
1270 501 1331 577 ille
1353 508 1390 576 et
1405 498 1520 574 omnis
1537 520 1594 596 po·

374 621 481 719 pnlns
499 645 581 696 cum
595 619 750 694 audierit
762 618 913 706 timebit,
927 629 963 692 et
975 641 1045 692 non
1063 627 1174 714 agent
1188 617 1295 716 impie
1313 615 1422 691 etiam
1439 637 1545 690 nnnc.
1562 615 1594 686 1-

374 745 447 809 tem
467 735 511 808 ad
529 733 756 807 Samuhelem
773 757 855 806 cum
874 755 895 802 a
912 729 1029 803 Iudeis
1048 739 1274 826 sperneretur
1300 727 1473 801 Dominus
1497 725 1594 798 dicit.

374 852 454 924 Non
473 858 508 923 te
527 855 740 946 spreverunt
758 846 819 920 sed
838 869 902 918 me.
919 848 1009 918 Item
1028 843 1119 918 idem
1139 843 1176 915 in
1194 841 1393 938 evangelio.
1407 839 1476 928 Qui
1493 838 1596 912 audit

376 961 502 1060 inquid
520 983 583 1036 vos
596 984 653 1036 me
666 959 776 1047 audit,
788 970 825 1033 et
837 982 919 1032 eum
932 957 995 1055 qui
1009 981 1066 1032 mc
1083 955 1190 1032 misit.
1205 960 1250 1030 Et
1263 956 1324 1054 qui
1337 955 1442 1031 reicit
1454 975 1527 1041 ros,
1540 976 1597 1026 me

377 1075 491 1164 reicit,
504 1084 540 1150 et
553 1099 635 1150 eum
646 1075 706 1172 qui
722 1097 778 1147 me
792 1070 900 1144 misit.
909 1073 955 1145 Et
967 1095 1052 1145 cnm
1065 1069 1243 1168 leprosum
1257 1070 1494 1158 emundasset,
1506 1065 1598 1139 vade

379 1188 504 1287 inquid
521 1197 557 1264 et
569 1187 712 1262 ostende
731 1196 765 1260 te
783 1184 965 1260 sacerdoti.
984 1187 1128 1258 Etcum
1155 1193 1273 1280 postea
1294 1192 1451 1280 tempore
1467 1180 1598 1278 passio·

378 1301 435 1374 nis
451 1300 591 1402 alapam
609 1297 805 1396 accepisset
822 1322 842 1368 a
868 1320 971 1371 servo
996 1297 1198 1385 sacerdotis,
1215 1320 1368 1394 cumque
1386 1295 1419 1370 ei
1437 1295 1597 1382 dixisset,

379 1415 432 1490 sic
450 1413 638 1512 respondes
656 1411 831 1498 Pontifici,
848 1410 1019 1484 adversus
1044 1411 1250 1485 Pontificem
1278 1410 1452 1484 Dominus
1475 1417 1599 1483 contu-

382 1528 527 1602 meliose
544 1525 658 1602 nichil
675 1523 775 1613 dixit,
792 1547 859 1598 nec
876 1523 1068 1620 quicquam
1082 1525 1124 1599 de
1138 1524 1329 1599 sacerdotis
1345 1523 1475 1598 honore
1489 1531 1599 1596 retra-

378 1641 446 1730 xit,
457 1637 766 1715 sedinnocentiam
777 1661 878 1710 suam
894 1637 1011 1732 magis
1024 1636 1249 1726 exhibenset
1261 1637 1449 1712 ostendens
1462 1636 1492 1709 si
1507 1635 1599 1708 male

380 1752 507 1850 inquid
524 1751 666 1826 loeutus
683 1775 762 1824 sum
788 1749 1032 1824 testimoninm
1058 1747 1201 1846 perhibe
1227 1749 1269 1823 dc
1294 1747 1399 1838 malo,
1422 1747 1453 1820 si
1476 1755 1598 1820 antem

379 1867 469 1941 bene
487 1864 572 1963 quid
590 1888 646 1938 me
663 1862 784 1938 cedis?
801 1864 890 1936 Item
908 1861 946 1934 in
962 1861 1102 1937 actibus
1116 1862 1362 1958 Apostolorum
1376 1859 1596 1959 postmodum

378 1979 505 2054 beatus
518 1975 707 2076 Apostolus
722 1975 857 2048 Paulus
873 1999 956 2049 cum
976 1975 1008 2050 ei
1027 1974 1161 2048 dictum
1176 1975 1345 2063 esset,sic
1357 1973 1475 2047 insilis
1491 1972 1528 2045 in
1545 1995 1598 2044 sa·

379 2091 555 2167 cerdotem
570 2089 634 2164 Dei
650 2088 915 2164 maledicendo?
928 2087 1094 2185 quamvis
1107 2087 1257 2161 Domino
1269 2087 1341 2160 iam
1355 2086 1527 2162 crucifixo
1543 2111 1598 2160 sa·
1653 2181 1655 2187 Ι

381 2202 510 2300 crilegi
525 2212 560 2278 et
574 2201 674 2299 impii
687 2201 871 2276 etoruenti
885 2199 938 2274 illi
952 2224 1029 2276 esse
1042 2200 1230 2298 cepissent,
1242 2225 1309 2275 nec
1321 2199 1393 2273 iam
1407 2199 1596 2296 quiequam

380 2317 423 2391 de
441 2315 648 2392 sacerdotali
666 2314 797 2389 honore
813 2324 849 2390 et
865 2314 1076 2388 auctoritate
1102 2313 1308 2403 retinerent,
1333 2323 1454 2388 tamen
1479 2313 1595 2410 ipsum

379 2427 546 2527 quamvis
571 2427 678 2502 inane
702 2450 830 2502 nomen
856 2435 892 2502 et
916 2426 1080 2500 umbram
1106 2427 1294 2524 quamdam
1325 2427 1519 2502 sacerdotis
1543 2449 1597 2500 eo·

261 2553 265 2562 '
382 2543 506 2637 gitans
540 2539 686 2629 Paulus,
712 2539 910 2615 nesciebam
936 2539 1066 2614 fratres
1091 2539 1216 2637 inquid
1240 2540 1325 2638 quia
1354 2540 1512 2637 pontifex
1535 2549 1596 2614 est.

382 2653 563 2750 Seriphum
583 2661 638 2727 est
653 2652 761 2738 enim,
779 2651 956 2750 principes
981 2651 1093 2749 plebis
1117 2661 1189 2726 tuae
1213 2677 1259 2728 ne
1285 2653 1484 2728 maledices.
1505 2653 1595 2728 Cum

384 2766 462 2840 haec
479 2775 542 2839 aut
559 2764 630 2838 alia
648 2763 807 2864 exempla
826 2765 1035 2861 precedant,
1051 2766 1180 2864 quibus
1196 2766 1424 2842 sacerdotalis
1447 2765 1598 2845 auetori-

381 2889 437 2952 tes
462 2887 497 2953 et
521 2887 676 2975 potestas
700 2877 743 2952 de
769 2874 891 2952 divina
915 2878 1122 2974 dignatione
1147 2880 1322 2967 firmatur,
1348 2880 1471 2978 quales
1494 2889 1598 2978 putas

381 3015 459 3067 esse
476 3014 545 3080 eos,
562 2991 623 3087 qui
642 2990 864 3066 sacerdotum
882 2989 1011 3080 hostes,
1033 3000 1069 3066 et
1093 3002 1216 3068 contra
1241 2992 1428 3068 ecclesiam
1454 2991 1598 3067 catholi-

380 3127 460 3176 cam
478 3102 638 3190 rebelles,
655 3127 721 3178 nec
738 3103 988 3200 praemonentis
1001 3104 1141 3178 Domini
1161 3105 1446 3210 comminatione,
1464 3104 1563 3180 necl
1585 3145 1599 3159 ·

381 3215 455 3288 turi
473 3215 595 3292 iudicii
615 3215 750 3292 ultione
767 3220 1023 3292 conterentur?
1039 3221 1163 3315 Neque
1181 3218 1277 3294 enim
1295 3218 1439 3294 aliunde
1457 3218 1598 3294 hereses

381 3327 500 3402 oborte
518 3337 614 3417 sunt,
631 3337 694 3402 aut
713 3337 797 3402 nata
814 3339 900 3403 sunt
916 3328 1086 3404 scismata
1098 3330 1168 3406 nisi
1186 3331 1326 3429 quando
1343 3333 1516 3406 sacerdoti
1532 3330 1598 3405 Dei

381 3461 451 3513 non
469 3449 826 3538 optemperatu1·,nec
852 3465 947 3515 unus
963 3441 1002 3514 in
1027 3443 1177 3518 ecclesie
1201 3446 1245 3519 ad
1270 3449 1412 3544 tempus
1436 3443 1600 3519 sacerdos

382 3562 419 3627 et
435 3552 541 3626 index
557 3551 637 3628 vice
656 3551 791 3628 Christi
816 3552 1007 3648 cogitatur.
1023 3554 1092 3630 oui
1109 3557 1140 3631 si
1165 3557 1363 3632 secundum
1388 3556 1600 3653 magisteria

381 3663 504 3738 divina
519 3673 778 3762 optemperaret
795 3664 1001 3740 fraternitas
1018 3668 1188 3744 universa
1209 3693 1313 3745 nemo
1337 3669 1529 3744 adversum
1547 3693 1601 3742 sa-

382 3775 565 3851 cerdotum
582 3775 774 3871 collegium
793 3775 985 3875 quicquam
1002 3791 1170 3871 moveret,
1188 3806 1291 3857 nemo
1309 3791 1422 3880 potest
1435 3782 1598 3856 divinum

382 3886 555 3962 iudicium
573 3896 651 3984 post
675 3887 793 3984 populi
818 3888 1034 3984 suffragium
1052 3904 1130 3990 post
1153 3895 1438 3993 coepiscoporum
1455 3916 1602 3968 consen·

386 4025 466 4073 sum
483 3997 636 4074 iudicem
656 4023 693 4074 se
710 4022 781 4073 non
798 3999 869 4072 iam
888 4001 1042 4100 episcopi
1059 4005 1120 4079 sed
1138 4005 1203 4079 Dei
1220 4005 1365 4092 faceret,
1382 4028 1486 4080 nemo
1498 4004 1602 4078 disei-

380 4113 437 4186 dio
463 4112 612 4187 unitatis
637 4112 772 4188 Christi
799 4113 988 4191 ecclesiam
1014 4115 1202 4204 scinderet,
1228 4140 1332 4191 nemo
1362 4116 1431 4190 sibi
1457 4116 1602 4214 placens

380 4236 465 4300 actu
490 4249 591 4300 mens
608 4247 768 4300 seorsum
786 4226 871 4300 foris
888 4225 1047 4301 heresem
1065 4228 1284 4316 concederet,
1301 4227 1372 4301 nisi
1398 4229 1449 4302 ita
1467 4239 1522 4302 est
1538 4227 1602 4300 ali·

260 4382 264 4398 »
382 4336 462 4433 quis
487 4337 664 4432 sacrilege
681 4337 906 4426 temeritatis,
922 4363 965 4413 ac
983 4338 1127 4436 perditae
1149 4339 1280 4414 mentis
1297 4355 1338 4414 ut
1362 4347 1508 4436 putetur
1524 4339 1603 4414 sine

382 4449 447 4523 Dei
464 4449 595 4524 indicio
609 4449 687 4524 deri
702 4452 933 4541 sacerdotem,
950 4475 1032 4526 cum
1051 4451 1225 4537 Dominus
1238 4451 1275 4524 in
1293 4451 1482 4547 evangelio
1497 4451 1604 4527 dicat.
