<?xml version="1.0" encoding="UTF-8"?>
<!DOCTYPE html PUBLIC "-//W3C//DTD XHTML 1.0 Transitional//EN"
    "http://www.w3.org/TR/xhtml1/DTD/xhtml1-transitional.dtd">
<html xmlns="http://www.w3.org/1999/xhtml" xml:lang="en" lang="en">
 <head>
  <title>
</title>
<meta http-equiv="Content-Type" content="text/html;charset=utf-8" />
  <meta name='ocr-system' content='tesseract 3.04.00' />
  <meta name='ocr-capabilities' content='ocr_page ocr_carea ocr_par ocr_line ocrx_word'/>
</head>
<body>
  <div class='ocr_page' id='page_1' title='image "./deusdeditpresby00martgoog_0162.png"; bbox 0 0 3582 5288; ppageno 0'>
   <div class='ocr_carea' id='block_1_1' title="bbox 697 415 894 478">
    <p class='ocr_par' dir='ltr' id='par_1_1' title="bbox 697 415 894 478">
     <span class='ocr_line' id='line_1_1' title="bbox 697 415 894 478; baseline 0 0"><span class='ocrx_word' id='word_1_1' title='bbox 697 415 894 478; x_wconf 72' lang='lat'><strong>-137-</strong></span> 
     </span>
    </p>
   </div>
   <div class='ocr_carea' id='block_1_2' title="bbox 177 530 1409 3699">
    <p class='ocr_par' dir='ltr' id='par_1_2' title="bbox 177 530 1409 3699">
     <span class='ocr_line' id='line_1_2' title="bbox 186 530 1408 638; baseline 0.006 -30"><span class='ocrx_word' id='word_1_2' title='bbox 186 537 279 633; x_wconf 82' lang='lat' dir='ltr'>Papa</span> <span class='ocrx_word' id='word_1_3' title='bbox 305 534 575 610; x_wconf 78' lang='lat' dir='ltr'>Ravennatibus</span> <span class='ocrx_word' id='word_1_4' title='bbox 595 543 632 608; x_wconf 90' lang='lat' dir='ltr'>et</span> <span class='ocrx_word' id='word_1_5' title='bbox 652 533 909 611; x_wconf 86' lang='lat' dir='ltr'>Emiliensibus</span> <span class='ocrx_word' id='word_1_6' title='bbox 930 543 966 611; x_wconf 89' lang='lat' dir='ltr'>et</span> <span class='ocrx_word' id='word_1_7' title='bbox 987 530 1268 638; x_wconf 84' lang='lat' dir='ltr'>Pentapolitanis</span> <span class='ocrx_word' id='word_1_8' title='bbox 1294 563 1352 614; x_wconf 92' lang='lat' dir='ltr'>res</span> <span class='ocrx_word' id='word_1_9' title='bbox 1371 549 1408 636; x_wconf 84' lang='lat' dir='ltr'>et</span> 
     </span>
     <span class='ocr_line' id='line_1_3' title="bbox 184 641 1409 750; baseline 0.003 -26"><span class='ocrx_word' id='word_1_10' title='bbox 184 648 419 747; x_wconf 87' lang='lat' dir='ltr'>possessiones</span> <span class='ocrx_word' id='word_1_11' title='bbox 431 663 551 724; x_wconf 82' lang='lat' dir='ltr'>eorum</span> <span class='ocrx_word' id='word_1_12' title='bbox 567 675 656 749; x_wconf 85' lang='lat' dir='ltr'>quas</span> <span class='ocrx_word' id='word_1_13' title='bbox 674 649 973 750; x_wconf 85' lang='lat' dir='ltr'>Archiepiscopus</span> <span class='ocrx_word' id='word_1_14' title='bbox 985 659 1021 726; x_wconf 92' lang='lat' dir='ltr'>et</span> <span class='ocrx_word' id='word_1_15' title='bbox 1038 651 1149 726; x_wconf 83' lang='lat' dir='ltr'>frater</span> <span class='ocrx_word' id='word_1_16' title='bbox 1164 651 1243 728; x_wconf 90' lang='lat' dir='ltr'>eius</span> <span class='ocrx_word' id='word_1_17' title='bbox 1255 641 1409 728; x_wconf 85' lang='lat' dir='ltr'>abstule-</span> 
     </span>
     <span class='ocr_line' id='line_1_4' title="bbox 184 761 1407 866; baseline 0.005 -31"><span class='ocrx_word' id='word_1_18' title='bbox 184 771 264 836; x_wconf 87' lang='lat' dir='ltr'>rant</span> <span class='ocrx_word' id='word_1_19' title='bbox 282 762 452 850; x_wconf 89' lang='lat' dir='ltr'>restituit,</span> <span class='ocrx_word' id='word_1_20' title='bbox 473 771 509 837; x_wconf 89' lang='lat' dir='ltr'>et</span> <span class='ocrx_word' id='word_1_21' title='bbox 525 761 772 863; x_wconf 68' lang='lat' dir='ltr'>praeceptionis</span> <span class='ocrx_word' id='word_1_22' title='bbox 797 787 861 838; x_wconf 91' lang='lat' dir='ltr'>sue</span> <span class='ocrx_word' id='word_1_23' title='bbox 878 764 1020 840; x_wconf 92' lang='lat' dir='ltr'>decreto</span> <span class='ocrx_word' id='word_1_24' title='bbox 1042 766 1277 840; x_wconf 87' lang='lat' dir='ltr'>confirmavit.</span> <span class='ocrx_word' id='word_1_25' title='bbox 1295 769 1407 866; x_wconf 74' lang='lat' dir='ltr'>Impe-</span> 
     </span>
     <span class='ocr_line' id='line_1_5' title="bbox 183 876 1405 976; baseline 0.003 -26"><span class='ocrx_word' id='word_1_26' title='bbox 183 885 279 951; x_wconf 82' lang='lat' dir='ltr'><strong>rator</strong></span> <span class='ocrx_word' id='word_1_27' title='bbox 304 886 424 952; x_wconf 88' lang='lat' dir='ltr'>autem</span> <span class='ocrx_word' id='word_1_28' title='bbox 452 876 727 976; x_wconf 86' lang='lat' dir='ltr'>Archiepisoopo</span> <span class='ocrx_word' id='word_1_29' title='bbox 749 877 934 952; x_wconf 83' lang='lat' dir='ltr'>mandavit</span> <span class='ocrx_word' id='word_1_30' title='bbox 958 879 1090 954; x_wconf 79' lang='lat' dir='ltr'>dicens,</span> <span class='ocrx_word' id='word_1_31' title='bbox 1109 880 1226 954; x_wconf 87' lang='lat' dir='ltr'>Vadat</span> <span class='ocrx_word' id='word_1_32' title='bbox 1252 890 1289 955; x_wconf 89' lang='lat' dir='ltr'>et</span> <span class='ocrx_word' id='word_1_33' title='bbox 1309 881 1405 954; x_wconf 87' lang='lat' dir='ltr'>fastu</span> 
     </span>
     <span class='ocr_line' id='line_1_6' title="bbox 184 989 1407 1089; baseline 0.002 -23"><span class='ocrx_word' id='word_1_34' title='bbox 184 989 349 1066; x_wconf 85' lang='lat' dir='ltr'>elationis</span> <span class='ocrx_word' id='word_1_35' title='bbox 365 991 533 1089; x_wconf 80' lang='lat' dir='ltr'>deposito,</span> <span class='ocrx_word' id='word_1_36' title='bbox 545 989 714 1066; x_wconf 87' lang='lat' dir='ltr'>humiliet</span> <span class='ocrx_word' id='word_1_37' title='bbox 730 1015 768 1066; x_wconf 91' lang='lat' dir='ltr'>se</span> <span class='ocrx_word' id='word_1_38' title='bbox 782 993 959 1081; x_wconf 84' lang='lat' dir='ltr'>Pontifici,</span> <span class='ocrx_word' id='word_1_39' title='bbox 971 993 1031 1067; x_wconf 89' lang='lat' dir='ltr'>cui</span> <span class='ocrx_word' id='word_1_40' title='bbox 1044 1015 1107 1067; x_wconf 91' lang='lat' dir='ltr'>nos</span> <span class='ocrx_word' id='word_1_41' title='bbox 1121 1003 1156 1068; x_wconf 93' lang='lat' dir='ltr'>et</span> <span class='ocrx_word' id='word_1_42' title='bbox 1168 994 1284 1068; x_wconf 90' lang='lat' dir='ltr'>omnis</span> <span class='ocrx_word' id='word_1_43' title='bbox 1296 993 1407 1068; x_wconf 76' lang='lat' dir='ltr'>eccle-</span> 
     </span>
     <span class='ocr_line' id='line_1_7' title="bbox 183 1103 1406 1202; baseline 0.003 -24"><span class='ocrx_word' id='word_1_44' title='bbox 183 1105 245 1178; x_wconf 82' lang='lat' dir='ltr'>siae</span> <span class='ocrx_word' id='word_1_45' title='bbox 261 1103 483 1200; x_wconf 80' lang='lat' dir='ltr'>generalitas</span> <span class='ocrx_word' id='word_1_46' title='bbox 507 1104 706 1179; x_wconf 88' lang='lat' dir='ltr'>inclinatur</span> <span class='ocrx_word' id='word_1_47' title='bbox 723 1115 759 1180; x_wconf 88' lang='lat' dir='ltr'>et</span> <span class='ocrx_word' id='word_1_48' title='bbox 784 1105 862 1180; x_wconf 92' lang='lat' dir='ltr'>eius</span> <span class='ocrx_word' id='word_1_49' title='bbox 879 1105 1075 1179; x_wconf 79' lang='lat' dir='ltr'>obedientie</span> <span class='ocrx_word' id='word_1_50' title='bbox 1092 1129 1136 1180; x_wconf 92' lang='lat' dir='ltr'>ac</span> <span class='ocrx_word' id='word_1_51' title='bbox 1160 1106 1406 1202; x_wconf 86' lang='lat' dir='ltr'>subgectionis</span> 
     </span>
     <span class='ocr_line' id='line_1_8' title="bbox 182 1215 1406 1319; baseline 0.002 -26"><span class='ocrx_word' id='word_1_52' title='bbox 182 1215 271 1293; x_wconf 88' lang='lat' dir='ltr'>colla</span> <span class='ocrx_word' id='word_1_53' title='bbox 285 1217 467 1291; x_wconf 81' lang='lat' dir='ltr'>submittit</span> <span class='ocrx_word' id='word_1_54' title='bbox 479 1219 564 1316; x_wconf 91' lang='lat' dir='ltr'>quia</span> <span class='ocrx_word' id='word_1_55' title='bbox 582 1219 674 1317; x_wconf 93' lang='lat' dir='ltr'>quod</span> <span class='ocrx_word' id='word_1_56' title='bbox 687 1219 798 1316; x_wconf 79' lang='lat' dir='ltr'>cupit,</span> <span class='ocrx_word' id='word_1_57' title='bbox 815 1217 919 1292; x_wconf 83' lang='lat' dir='ltr'>aliter</span> <span class='ocrx_word' id='word_1_58' title='bbox 937 1219 1105 1316; x_wconf 81' lang='lat' dir='ltr'>consequi</span> <span class='ocrx_word' id='word_1_59' title='bbox 1123 1241 1192 1292; x_wconf 90' lang='lat' dir='ltr'>non</span> <span class='ocrx_word' id='word_1_60' title='bbox 1210 1219 1347 1319; x_wconf 87' lang='lat' dir='ltr'>poterit.</span> <span class='ocrx_word' id='word_1_61' title='bbox 1361 1225 1406 1296; x_wconf 84' lang='lat' dir='ltr'>Et</span> 
     </span>
     <span class='ocr_line' id='line_1_9' title="bbox 181 1329 1405 1428; baseline 0.002 -24"><span class='ocrx_word' id='word_1_62' title='bbox 181 1331 283 1404; x_wconf 86' lang='lat' dir='ltr'>infra.</span> <span class='ocrx_word' id='word_1_63' title='bbox 310 1329 410 1418; x_wconf 88' lang='lat' dir='ltr'>Quod</span> <span class='ocrx_word' id='word_1_64' title='bbox 427 1353 512 1406; x_wconf 89' lang='lat' dir='ltr'>cum</span> <span class='ocrx_word' id='word_1_65' title='bbox 528 1331 667 1405; x_wconf 81' lang='lat' dir='ltr'>invitus</span> <span class='ocrx_word' id='word_1_66' title='bbox 684 1331 829 1406; x_wconf 84' lang='lat' dir='ltr'>lecisset</span> <span class='ocrx_word' id='word_1_67' title='bbox 846 1329 971 1403; x_wconf 93' lang='lat' dir='ltr'>multis</span> <span class='ocrx_word' id='word_1_68' title='bbox 988 1353 1049 1428; x_wconf 91' lang='lat' dir='ltr'>pro</span> <span class='ocrx_word' id='word_1_69' title='bbox 1074 1353 1115 1404; x_wconf 89' lang='lat' dir='ltr'>eo</span> <span class='ocrx_word' id='word_1_70' title='bbox 1137 1331 1405 1428; x_wconf 82' lang='lat' dir='ltr'>postulantibus</span> 
     </span>
     <span class='ocr_line' id='line_1_10' title="bbox 182 1443 1405 1544; baseline 0.001 -25"><span class='ocrx_word' id='word_1_71' title='bbox 182 1453 370 1544; x_wconf 86' lang='lat' dir='ltr'>susceptus</span> <span class='ocrx_word' id='word_1_72' title='bbox 396 1455 460 1520; x_wconf 89' lang='lat' dir='ltr'>est.</span> <span class='ocrx_word' id='word_1_73' title='bbox 484 1448 532 1520; x_wconf 86' lang='lat' dir='ltr'>Et</span> <span class='ocrx_word' id='word_1_74' title='bbox 555 1444 776 1544; x_wconf 85' lang='lat' dir='ltr'>apprehensa</span> <span class='ocrx_word' id='word_1_75' title='bbox 795 1453 895 1518; x_wconf 84' lang='lat' dir='ltr'>carta</span> <span class='ocrx_word' id='word_1_76' title='bbox 915 1443 1110 1518; x_wconf 87' lang='lat' dir='ltr'>iuramenti</span> <span class='ocrx_word' id='word_1_77' title='bbox 1131 1444 1189 1519; x_wconf 87' lang='lat' dir='ltr'>sui</span> <span class='ocrx_word' id='word_1_78' title='bbox 1205 1446 1405 1543; x_wconf 88' lang='lat' dir='ltr'>scripturas</span> 
     </span>
     <span class='ocr_line' id='line_1_11' title="bbox 182 1555 1404 1656; baseline 0.004 -26"><span class='ocrx_word' id='word_1_79' title='bbox 182 1581 270 1656; x_wconf 84' lang='lat' dir='ltr'>quas</span> <span class='ocrx_word' id='word_1_80' title='bbox 287 1557 325 1630; x_wconf 93' lang='lat' dir='ltr'>in</span> <span class='ocrx_word' id='word_1_81' title='bbox 343 1558 608 1633; x_wconf 88' lang='lat' dir='ltr'>consecratione</span> <span class='ocrx_word' id='word_1_82' title='bbox 621 1583 687 1632; x_wconf 88' lang='lat' dir='ltr'>sue</span> <span class='ocrx_word' id='word_1_83' title='bbox 704 1559 792 1632; x_wconf 88' lang='lat' dir='ltr'>satis</span> <span class='ocrx_word' id='word_1_84' title='bbox 810 1555 957 1632; x_wconf 84' lang='lat' dir='ltr'>confuse</span> <span class='ocrx_word' id='word_1_85' title='bbox 974 1556 1108 1632; x_wconf 83' lang='lat' dir='ltr'>fecerat</span> <span class='ocrx_word' id='word_1_86' title='bbox 1125 1566 1167 1631; x_wconf 89' lang='lat' dir='ltr'>ut</span> <span class='ocrx_word' id='word_1_87' title='bbox 1183 1558 1221 1630; x_wconf 93' lang='lat' dir='ltr'>in</span> <span class='ocrx_word' id='word_1_88' title='bbox 1239 1559 1291 1633; x_wconf 91' lang='lat' dir='ltr'>eis</span> <span class='ocrx_word' id='word_1_89' title='bbox 1307 1559 1404 1635; x_wconf 87' lang='lat' dir='ltr'>vide-</span> 
     </span>
     <span class='ocr_line' id='line_1_12' title="bbox 182 1671 1404 1771; baseline 0.001 -24"><span class='ocrx_word' id='word_1_90' title='bbox 182 1673 288 1747; x_wconf 85' lang='lat' dir='ltr'>batur</span> <span class='ocrx_word' id='word_1_91' title='bbox 300 1672 442 1771; x_wconf 87' lang='lat' dir='ltr'>proprie</span> <span class='ocrx_word' id='word_1_92' title='bbox 457 1696 565 1746; x_wconf 85' lang='lat' dir='ltr'>manu</span> <span class='ocrx_word' id='word_1_93' title='bbox 578 1672 739 1746; x_wconf 89' lang='lat' dir='ltr'>scribens</span> <span class='ocrx_word' id='word_1_94' title='bbox 753 1672 853 1744; x_wconf 82' lang='lat' dir='ltr'>iuxta</span> <span class='ocrx_word' id='word_1_95' title='bbox 866 1671 1161 1746; x_wconf 89' lang='lat' dir='ltr'>consuetudinem</span> <span class='ocrx_word' id='word_1_96' title='bbox 1175 1672 1404 1770; x_wconf 77' lang='lat' dir='ltr'>predecesso-</span> 
     </span>
     <span class='ocr_line' id='line_1_13' title="bbox 181 1783 1404 1886; baseline 0.003 -28"><span class='ocrx_word' id='word_1_97' title='bbox 181 1811 262 1858; x_wconf 89' lang='lat' dir='ltr'>rum</span> <span class='ocrx_word' id='word_1_98' title='bbox 279 1806 426 1858; x_wconf 90' lang='lat' dir='ltr'>suorum</span> <span class='ocrx_word' id='word_1_99' title='bbox 453 1786 660 1883; x_wconf 90' lang='lat' dir='ltr'>composuit,</span> <span class='ocrx_word' id='word_1_100' title='bbox 685 1793 721 1859; x_wconf 91' lang='lat' dir='ltr'>et</span> <span class='ocrx_word' id='word_1_101' title='bbox 746 1784 871 1858; x_wconf 87' lang='lat' dir='ltr'>multis</span> <span class='ocrx_word' id='word_1_102' title='bbox 888 1783 1130 1860; x_wconf 80' lang='lat' dir='ltr'>sacerdotibus</span> <span class='ocrx_word' id='word_1_103' title='bbox 1147 1795 1184 1860; x_wconf 89' lang='lat' dir='ltr'>et</span> <span class='ocrx_word' id='word_1_104' title='bbox 1200 1786 1404 1886; x_wconf 86' lang='lat' dir='ltr'>proceribus</span> 
     </span>
     <span class='ocr_line' id='line_1_14' title="bbox 180 1897 1403 1998; baseline 0.003 -27"><span class='ocrx_word' id='word_1_105' title='bbox 180 1898 415 1996; x_wconf 84' lang='lat' dir='ltr'>praesentibus</span> <span class='ocrx_word' id='word_1_106' title='bbox 432 1923 538 1998; x_wconf 92' lang='lat' dir='ltr'>super</span> <span class='ocrx_word' id='word_1_107' title='bbox 555 1900 739 1974; x_wconf 85' lang='lat' dir='ltr'>vivificem</span> <span class='ocrx_word' id='word_1_108' title='bbox 757 1899 911 1974; x_wconf 82' lang='lat' dir='ltr'>Crucem</span> <span class='ocrx_word' id='word_1_109' title='bbox 930 1897 1067 1973; x_wconf 81' lang='lat' dir='ltr'>Christi</span> <span class='ocrx_word' id='word_1_110' title='bbox 1092 1908 1128 1973; x_wconf 91' lang='lat' dir='ltr'>et</span> <span class='ocrx_word' id='word_1_111' title='bbox 1149 1900 1309 1974; x_wconf 87' lang='lat' dir='ltr'>sandalia</span> <span class='ocrx_word' id='word_1_112' title='bbox 1326 1901 1403 1976; x_wconf 88' lang='lat' dir='ltr'>eius</span> 
     </span>
     <span class='ocr_line' id='line_1_15' title="bbox 180 2010 1403 2112; baseline 0.001 -26"><span class='ocrx_word' id='word_1_113' title='bbox 180 2021 215 2086; x_wconf 87' lang='lat' dir='ltr'>et</span> <span class='ocrx_word' id='word_1_114' title='bbox 228 2014 329 2086; x_wconf 66' lang='grc' dir='ltr'>ΙΙΙΙΜΓ</span> <span class='ocrx_word' id='word_1_115' title='bbox 342 2011 545 2107; x_wconf 83' lang='lat' dir='ltr'>Evangelia</span> <span class='ocrx_word' id='word_1_116' title='bbox 553 2013 672 2112; x_wconf 89' lang='lat' dir='ltr'>posuit</span> <span class='ocrx_word' id='word_1_117' title='bbox 684 2021 720 2088; x_wconf 90' lang='lat' dir='ltr'>et</span> <span class='ocrx_word' id='word_1_118' title='bbox 733 2012 876 2086; x_wconf 86' lang='lat' dir='ltr'>cunctis</span> <span class='ocrx_word' id='word_1_119' title='bbox 889 2010 1116 2086; x_wconf 85' lang='lat' dir='ltr'>audientibus</span> <span class='ocrx_word' id='word_1_120' title='bbox 1125 2024 1248 2111; x_wconf 89' lang='lat' dir='ltr'>sponte</span> <span class='ocrx_word' id='word_1_121' title='bbox 1257 2014 1403 2102; x_wconf 82' lang='lat' dir='ltr'>iuravit,</span> 
     </span>
     <span class='ocr_line' id='line_1_16' title="bbox 183 2125 1403 2223; baseline 0.002 -22"><span class='ocrx_word' id='word_1_122' title='bbox 183 2149 221 2201; x_wconf 89' lang='lat' dir='ltr'>se</span> <span class='ocrx_word' id='word_1_123' title='bbox 238 2125 406 2200; x_wconf 89' lang='lat' dir='ltr'>omnibus</span> <span class='ocrx_word' id='word_1_124' title='bbox 422 2127 507 2201; x_wconf 78' lang='lat' dir='ltr'>vitae</span> <span class='ocrx_word' id='word_1_125' title='bbox 524 2151 599 2199; x_wconf 75' lang='lat' dir='ltr'>sure</span> <span class='ocrx_word' id='word_1_126' title='bbox 615 2125 739 2202; x_wconf 89' lang='lat' dir='ltr'>diebus</span> <span class='ocrx_word' id='word_1_127' title='bbox 757 2137 998 2214; x_wconf 77' lang='lat' dir='ltr'>servaturum,</span> <span class='ocrx_word' id='word_1_128' title='bbox 1015 2149 1095 2223; x_wconf 85' lang='lat' dir='ltr'>quae</span> <span class='ocrx_word' id='word_1_129' title='bbox 1111 2127 1150 2200; x_wconf 90' lang='lat' dir='ltr'>in</span> <span class='ocrx_word' id='word_1_130' title='bbox 1167 2127 1300 2202; x_wconf 89' lang='lat' dir='ltr'>eisdem</span> <span class='ocrx_word' id='word_1_131' title='bbox 1318 2127 1403 2203; x_wconf 90' lang='lat' dir='ltr'>scri·</span> 
     </span>
     <span class='ocr_line' id='line_1_17' title="bbox 177 2238 1403 2338; baseline 0.001 -25"><span class='ocrx_word' id='word_1_132' title='bbox 177 2241 294 2338; x_wconf 87' lang='lat' dir='ltr'>pturis</span> <span class='ocrx_word' id='word_1_133' title='bbox 307 2239 593 2328; x_wconf 78' lang='lat' dir='ltr'>continebantur,</span> <span class='ocrx_word' id='word_1_134' title='bbox 602 2263 691 2338; x_wconf 91' lang='lat' dir='ltr'>quas</span> <span class='ocrx_word' id='word_1_135' title='bbox 704 2240 814 2316; x_wconf 86' lang='lat' dir='ltr'>etiam</span> <span class='ocrx_word' id='word_1_136' title='bbox 827 2262 945 2314; x_wconf 88' lang='lat' dir='ltr'>coram</span> <span class='ocrx_word' id='word_1_137' title='bbox 960 2238 1233 2336; x_wconf 84' lang='lat' dir='ltr'>omnibuslegit.</span> <span class='ocrx_word' id='word_1_138' title='bbox 1244 2244 1403 2315; x_wconf 87' lang='lat' dir='ltr'>Domnus</span> 
     </span>
     <span class='ocr_line' id='line_1_18' title="bbox 179 2351 1402 2454; baseline 0.001 -27"><span class='ocrx_word' id='word_1_139' title='bbox 179 2377 264 2428; x_wconf 86' lang='lat' dir='ltr'>vero</span> <span class='ocrx_word' id='word_1_140' title='bbox 282 2357 379 2452; x_wconf 87' lang='lat' dir='ltr'>Papa</span> <span class='ocrx_word' id='word_1_141' title='bbox 396 2354 490 2428; x_wconf 89' lang='lat' dir='ltr'>iuter</span> <span class='ocrx_word' id='word_1_142' title='bbox 502 2363 622 2428; x_wconf 88' lang='lat' dir='ltr'>cetera</span> <span class='ocrx_word' id='word_1_143' title='bbox 634 2351 690 2426; x_wconf 93' lang='lat' dir='ltr'>illi</span> <span class='ocrx_word' id='word_1_144' title='bbox 707 2353 886 2452; x_wconf 86' lang='lat' dir='ltr'>praecepit,</span> <span class='ocrx_word' id='word_1_145' title='bbox 902 2362 944 2426; x_wconf 92' lang='lat' dir='ltr'>ut</span> <span class='ocrx_word' id='word_1_146' title='bbox 961 2353 1151 2454; x_wconf 84' lang='lat' dir='ltr'>Episcopos</span> <span class='ocrx_word' id='word_1_147' title='bbox 1168 2354 1308 2428; x_wconf 82' lang='lat' dir='ltr'>Emiliae</span> <span class='ocrx_word' id='word_1_148' title='bbox 1331 2377 1402 2428; x_wconf 93' lang='lat' dir='ltr'>non</span> 
     </span>
     <span class='ocr_line' id='line_1_19' title="bbox 178 2463 1401 2566; baseline -0.002 -23"><span class='ocrx_word' id='word_1_149' title='bbox 178 2474 404 2543; x_wconf 88' lang='lat' dir='ltr'>consecraret</span> <span class='ocrx_word' id='word_1_150' title='bbox 421 2466 490 2541; x_wconf 89' lang='lat' dir='ltr'>nisi</span> <span class='ocrx_word' id='word_1_151' title='bbox 508 2474 586 2564; x_wconf 89' lang='lat' dir='ltr'>post</span> <span class='ocrx_word' id='word_1_152' title='bbox 602 2463 810 2541; x_wconf 83' lang='lat' dir='ltr'>electionem</span> <span class='ocrx_word' id='word_1_153' title='bbox 831 2464 928 2541; x_wconf 84' lang='lat' dir='ltr'>Cleri</span> <span class='ocrx_word' id='word_1_154' title='bbox 945 2475 981 2540; x_wconf 91' lang='lat' dir='ltr'>et</span> <span class='ocrx_word' id='word_1_155' title='bbox 994 2465 1124 2566; x_wconf 79' lang='lat' dir='ltr'>populi,</span> <span class='ocrx_word' id='word_1_156' title='bbox 1138 2489 1199 2563; x_wconf 91' lang='lat' dir='ltr'>per</span> <span class='ocrx_word' id='word_1_157' title='bbox 1216 2466 1401 2566; x_wconf 87' lang='lat' dir='ltr'>epistolam</span> 
     </span>
     <span class='ocr_line' id='line_1_20' title="bbox 179 2578 1402 2681; baseline 0 -27"><span class='ocrx_word' id='word_1_158' title='bbox 179 2581 282 2657; x_wconf 86' lang='lat' dir='ltr'>Sedis</span> <span class='ocrx_word' id='word_1_159' title='bbox 300 2581 510 2681; x_wconf 80' lang='lat' dir='ltr'>Apostolicae</span> <span class='ocrx_word' id='word_1_160' title='bbox 536 2580 730 2656; x_wconf 85' lang='lat' dir='ltr'>Praesulem</span> <span class='ocrx_word' id='word_1_161' title='bbox 756 2579 936 2680; x_wconf 89' lang='lat' dir='ltr'>acciperet</span> <span class='ocrx_word' id='word_1_162' title='bbox 952 2601 1012 2654; x_wconf 90' lang='lat' dir='ltr'>eos</span> <span class='ocrx_word' id='word_1_163' title='bbox 1036 2579 1268 2655; x_wconf 89' lang='lat' dir='ltr'>consecrandi</span> <span class='ocrx_word' id='word_1_164' title='bbox 1293 2578 1402 2656; x_wconf 90' lang='lat' dir='ltr'>licen-</span> 
     </span>
     <span class='ocr_line' id='line_1_21' title="bbox 179 2693 1403 2794; baseline -0.001 -25"><span class='ocrx_word' id='word_1_165' title='bbox 179 2695 278 2783; x_wconf 72' lang='lat' dir='ltr'>tiam,</span> <span class='ocrx_word' id='word_1_166' title='bbox 291 2719 359 2770; x_wconf 89' lang='lat' dir='ltr'>nec</span> <span class='ocrx_word' id='word_1_167' title='bbox 372 2717 430 2769; x_wconf 89' lang='lat' dir='ltr'>eos</span> <span class='ocrx_word' id='word_1_168' title='bbox 446 2694 491 2768; x_wconf 87' lang='lat' dir='ltr'>ad</span> <span class='ocrx_word' id='word_1_169' title='bbox 505 2693 631 2768; x_wconf 87' lang='lat' dir='ltr'>Sedem</span> <span class='ocrx_word' id='word_1_170' title='bbox 650 2693 892 2794; x_wconf 89' lang='lat' dir='ltr'>Apostolicam</span> <span class='ocrx_word' id='word_1_171' title='bbox 905 2693 1030 2770; x_wconf 88' lang='lat' dir='ltr'>venire</span> <span class='ocrx_word' id='word_1_172' title='bbox 1043 2693 1254 2793; x_wconf 86' lang='lat' dir='ltr'>prohiberet,</span> <span class='ocrx_word' id='word_1_173' title='bbox 1266 2718 1334 2770; x_wconf 88' lang='lat' dir='ltr'>nec</span> <span class='ocrx_word' id='word_1_174' title='bbox 1346 2694 1403 2769; x_wconf 91' lang='lat' dir='ltr'>ul-</span> 
     </span>
     <span class='ocr_line' id='line_1_22' title="bbox 177 2805 1402 2905; baseline 0.002 -25"><span class='ocrx_word' id='word_1_175' title='bbox 177 2805 254 2881; x_wconf 90' lang='lat' dir='ltr'>lum</span> <span class='ocrx_word' id='word_1_176' title='bbox 271 2829 403 2882; x_wconf 91' lang='lat' dir='ltr'>morem</span> <span class='ocrx_word' id='word_1_177' title='bbox 416 2807 478 2905; x_wconf 93' lang='lat' dir='ltr'>qui</span> <span class='ocrx_word' id='word_1_178' title='bbox 491 2815 615 2882; x_wconf 87' lang='lat' dir='ltr'>contra</span> <span class='ocrx_word' id='word_1_179' title='bbox 628 2807 882 2904; x_wconf 86' lang='lat' dir='ltr'>Episcoporum</span> <span class='ocrx_word' id='word_1_180' title='bbox 897 2807 1131 2904; x_wconf 86' lang='lat' dir='ltr'>privilegium</span> <span class='ocrx_word' id='word_1_181' title='bbox 1149 2808 1197 2882; x_wconf 91' lang='lat' dir='ltr'>sit</span> <span class='ocrx_word' id='word_1_182' title='bbox 1208 2806 1317 2882; x_wconf 90' lang='lat' dir='ltr'>abeis</span> <span class='ocrx_word' id='word_1_183' title='bbox 1329 2808 1402 2883; x_wconf 87' lang='lat' dir='ltr'>exi-</span> 
     </span>
     <span class='ocr_line' id='line_1_23' title="bbox 177 2920 1400 3020; baseline -0.001 -23"><span class='ocrx_word' id='word_1_184' title='bbox 177 2931 282 3018; x_wconf 81' lang='lat' dir='ltr'>geret</span> <span class='ocrx_word' id='word_1_185' title='bbox 298 2922 538 3020; x_wconf 91' lang='lat' dir='ltr'>quoquomodo</span> <span class='ocrx_word' id='word_1_186' title='bbox 555 2931 756 3020; x_wconf 81' lang='lat' dir='ltr'>temptaret,</span> <span class='ocrx_word' id='word_1_187' title='bbox 782 2929 818 2995; x_wconf 87' lang='lat' dir='ltr'>et</span> <span class='ocrx_word' id='word_1_188' title='bbox 834 2927 876 2993; x_wconf 91' lang='lat' dir='ltr'>ut</span> <span class='ocrx_word' id='word_1_189' title='bbox 894 2945 952 2994; x_wconf 92' lang='lat' dir='ltr'>res</span> <span class='ocrx_word' id='word_1_190' title='bbox 975 2920 1238 3018; x_wconf 89' lang='lat' dir='ltr'>cuiuscumque</span> <span class='ocrx_word' id='word_1_191' title='bbox 1253 2943 1400 3019; x_wconf 87' lang='lat' dir='ltr'>persone</span> 
     </span>
     <span class='ocr_line' id='line_1_24' title="bbox 178 3033 1402 3133; baseline -0.001 -24"><span class='ocrx_word' id='word_1_192' title='bbox 178 3035 433 3133; x_wconf 83' lang='lat' dir='ltr'>qualicumque</span> <span class='ocrx_word' id='word_1_193' title='bbox 446 3035 593 3130; x_wconf 85' lang='lat' dir='ltr'>ingenio</span> <span class='ocrx_word' id='word_1_194' title='bbox 604 3034 801 3132; x_wconf 85' lang='lat' dir='ltr'>acquisitas</span> <span class='ocrx_word' id='word_1_195' title='bbox 813 3033 872 3107; x_wconf 88' lang='lat' dir='ltr'>vel</span> <span class='ocrx_word' id='word_1_196' title='bbox 887 3055 1063 3130; x_wconf 88' lang='lat' dir='ltr'>possessas</span> <span class='ocrx_word' id='word_1_197' title='bbox 1080 3057 1264 3130; x_wconf 86' lang='lat' dir='ltr'>nunquam</span> <span class='ocrx_word' id='word_1_198' title='bbox 1281 3033 1402 3133; x_wconf 87' lang='lat' dir='ltr'>aliquo</span> 
     </span>
     <span class='ocr_line' id='line_1_25' title="bbox 181 3147 1402 3248; baseline 0.001 -27"><span class='ocrx_word' id='word_1_199' title='bbox 181 3149 280 3223; x_wconf 92' lang='lat' dir='ltr'>modo</span> <span class='ocrx_word' id='word_1_200' title='bbox 296 3158 497 3248; x_wconf 82' lang='lat' dir='ltr'>occuparet,</span> <span class='ocrx_word' id='word_1_201' title='bbox 510 3148 620 3223; x_wconf 89' lang='lat' dir='ltr'>donec</span> <span class='ocrx_word' id='word_1_202' title='bbox 638 3151 675 3222; x_wconf 93' lang='lat' dir='ltr'>in</span> <span class='ocrx_word' id='word_1_203' title='bbox 694 3147 883 3246; x_wconf 74' lang='lat' dir='ltr'>praesentia</span> <span class='ocrx_word' id='word_1_204' title='bbox 901 3147 1104 3247; x_wconf 85' lang='lat' dir='ltr'>Apostolica</span> <span class='ocrx_word' id='word_1_205' title='bbox 1120 3147 1180 3222; x_wconf 85' lang='lat' dir='ltr'>vel</span> <span class='ocrx_word' id='word_1_206' title='bbox 1206 3149 1306 3222; x_wconf 88' lang='lat' dir='ltr'>missi</span> <span class='ocrx_word' id='word_1_207' title='bbox 1323 3149 1402 3223; x_wconf 90' lang='lat' dir='ltr'>eius</span> 
     </span>
     <span class='ocr_line' id='line_1_26' title="bbox 180 3260 1403 3359; baseline 0 -23"><span class='ocrx_word' id='word_1_208' title='bbox 180 3273 245 3338; x_wconf 89' lang='lat' dir='ltr'>aut</span> <span class='ocrx_word' id='word_1_209' title='bbox 269 3263 459 3338; x_wconf 86' lang='lat' dir='ltr'>vestararii</span> <span class='ocrx_word' id='word_1_210' title='bbox 477 3263 707 3352; x_wconf 82' lang='lat' dir='ltr'>Ravennatis,</span> <span class='ocrx_word' id='word_1_211' title='bbox 730 3261 842 3359; x_wconf 80' lang='lat' dir='ltr'>legali</span> <span class='ocrx_word' id='word_1_212' title='bbox 866 3260 988 3336; x_wconf 90' lang='lat' dir='ltr'>ordine</span> <span class='ocrx_word' id='word_1_213' title='bbox 1004 3262 1042 3334; x_wconf 93' lang='lat' dir='ltr'>in</span> <span class='ocrx_word' id='word_1_214' title='bbox 1068 3261 1200 3337; x_wconf 91' lang='lat' dir='ltr'>iudicio</span> <span class='ocrx_word' id='word_1_215' title='bbox 1224 3261 1305 3336; x_wconf 89' lang='lat' dir='ltr'>illas</span> <span class='ocrx_word' id='word_1_216' title='bbox 1322 3283 1403 3337; x_wconf 90' lang='lat' dir='ltr'>con·</span> 
     </span>
     <span class='ocr_line' id='line_1_27' title="bbox 180 3375 1402 3476; baseline 0.002 -28"><span class='ocrx_word' id='word_1_217' title='bbox 180 3375 354 3450; x_wconf 83' lang='lat' dir='ltr'>vinceret.</span> <span class='ocrx_word' id='word_1_218' title='bbox 371 3375 466 3450; x_wconf 89' lang='lat' dir='ltr'>Idem</span> <span class='ocrx_word' id='word_1_219' title='bbox 485 3375 529 3448; x_wconf 88' lang='lat' dir='ltr'>ad</span> <span class='ocrx_word' id='word_1_220' title='bbox 546 3375 711 3450; x_wconf 89' lang='lat' dir='ltr'>cumdem</span> <span class='ocrx_word' id='word_1_221' title='bbox 729 3375 768 3448; x_wconf 92' lang='lat' dir='ltr'>in</span> <span class='ocrx_word' id='word_1_222' title='bbox 786 3398 940 3470; x_wconf 84' lang='lat' dir='ltr'>regnum</span> <span class='ocrx_word' id='word_1_223' title='bbox 958 3383 1055 3451; x_wconf 89' lang='lat' dir='ltr'>certe</span> <span class='ocrx_word' id='word_1_224' title='bbox 1073 3399 1135 3450; x_wconf 92' lang='lat' dir='ltr'>nos</span> <span class='ocrx_word' id='word_1_225' title='bbox 1154 3375 1344 3476; x_wconf 86' lang='lat' dir='ltr'>Episcopos</span> <span class='ocrx_word' id='word_1_226' title='bbox 1362 3376 1402 3450; x_wconf 92' lang='lat' dir='ltr'>in</span> 
     </span>
     <span class='ocr_line' id='line_1_28' title="bbox 179 3486 1403 3588; baseline 0.003 -26"><span class='ocrx_word' id='word_1_227' title='bbox 179 3486 260 3562; x_wconf 85' lang='lat' dir='ltr'>aliis</span> <span class='ocrx_word' id='word_1_228' title='bbox 276 3487 534 3563; x_wconf 85' lang='lat' dir='ltr'>festivitatibus</span> <span class='ocrx_word' id='word_1_229' title='bbox 558 3488 729 3588; x_wconf 91' lang='lat' dir='ltr'>populum</span> <span class='ocrx_word' id='word_1_230' title='bbox 750 3488 819 3564; x_wconf 88' lang='lat' dir='ltr'>sibi</span> <span class='ocrx_word' id='word_1_231' title='bbox 843 3490 1075 3564; x_wconf 86' lang='lat' dir='ltr'>commissum</span> <span class='ocrx_word' id='word_1_232' title='bbox 1101 3489 1263 3566; x_wconf 88' lang='lat' dir='ltr'>deserere</span> <span class='ocrx_word' id='word_1_233' title='bbox 1288 3489 1403 3566; x_wconf 91' lang='lat' dir='ltr'>nullo·</span> 
     </span>
     <span class='ocr_line' id='line_1_29' title="bbox 180 3601 1402 3699; baseline 0.002 -24"><span class='ocrx_word' id='word_1_234' title='bbox 180 3601 281 3676; x_wconf 92' lang='lat' dir='ltr'>modo</span> <span class='ocrx_word' id='word_1_235' title='bbox 297 3601 547 3699; x_wconf 82' lang='lat' dir='ltr'>permittimus,</span> <span class='ocrx_word' id='word_1_236' title='bbox 573 3603 751 3690; x_wconf 86' lang='lat' dir='ltr'>Quomodo</span> <span class='ocrx_word' id='word_1_237' title='bbox 768 3625 855 3699; x_wconf 81' lang='lat' dir='ltr'>ergo</span> <span class='ocrx_word' id='word_1_238' title='bbox 872 3605 910 3677; x_wconf 96' lang='lat' dir='ltr'>in</span> <span class='ocrx_word' id='word_1_239' title='bbox 928 3613 1026 3677; x_wconf 87' lang='lat' dir='ltr'>tanto</span> <span class='ocrx_word' id='word_1_240' title='bbox 1051 3604 1108 3678; x_wconf 92' lang='lat' dir='ltr'>die</span> <span class='ocrx_word' id='word_1_241' title='bbox 1126 3603 1274 3678; x_wconf 81' lang='lat' dir='ltr'>Paschae</span> <span class='ocrx_word' id='word_1_242' title='bbox 1290 3603 1402 3678; x_wconf 91' lang='lat' dir='ltr'>credi·</span> 
     </span>
    </p>
   </div>
   <div class='ocr_carea' id='block_1_3' title="bbox 181 3701 1401 3928">
    <p class='ocr_par' dir='ltr' id='par_1_3' title="bbox 181 3701 1401 3928">
     <span class='ocr_line' id='line_1_30' title="bbox 181 3701 1401 3813; baseline 0.001 -24"><span class='ocrx_word' id='word_1_243' title='bbox 181 3723 253 3789; x_wconf 82' lang='lat' dir='ltr'>tam</span> <span class='ocrx_word' id='word_1_244' title='bbox 269 3714 337 3788; x_wconf 89' lang='lat' dir='ltr'>sibi</span> <span class='ocrx_word' id='word_1_245' title='bbox 345 3714 542 3813; x_wconf 88' lang='lat' dir='ltr'>Episcopus</span> <span class='ocrx_word' id='word_1_246' title='bbox 554 3715 744 3791; x_wconf 88' lang='lat' dir='ltr'>ecclesiam</span> <span class='ocrx_word' id='word_1_247' title='bbox 758 3701 908 3806; x_wconf 83' lang='lat' dir='ltr'>deserat,</span> <span class='ocrx_word' id='word_1_248' title='bbox 916 3725 958 3791; x_wconf 90' lang='lat' dir='ltr'>ut</span> <span class='ocrx_word' id='word_1_249' title='bbox 967 3715 1029 3789; x_wconf 88' lang='lat' dir='ltr'>alii</span> <span class='ocrx_word' id='word_1_250' title='bbox 1042 3715 1202 3791; x_wconf 72' lang='lat' dir='ltr'>ecclesie</span> <span class='ocrx_word' id='word_1_251' title='bbox 1211 3716 1401 3806; x_wconf 85' lang='lat' dir='ltr'>ministret,</span> 
     </span>
     <span class='ocr_line' id='line_1_31' title="bbox 181 3828 1401 3928; baseline 0.002 -26"><span class='ocrx_word' id='word_1_252' title='bbox 181 3829 270 3903; x_wconf 90' lang='lat' dir='ltr'>ratio</span> <span class='ocrx_word' id='word_1_253' title='bbox 283 3829 431 3904; x_wconf 91' lang='lat' dir='ltr'>minime</span> <span class='ocrx_word' id='word_1_254' title='bbox 443 3837 541 3927; x_wconf 89' lang='lat' dir='ltr'>patet</span> <span class='ocrx_word' id='word_1_255' title='bbox 552 3830 750 3928; x_wconf 86' lang='lat' dir='ltr'>praesertim</span> <span class='ocrx_word' id='word_1_256' title='bbox 764 3853 847 3905; x_wconf 92' lang='lat' dir='ltr'>cum</span> <span class='ocrx_word' id='word_1_257' title='bbox 862 3853 1017 3905; x_wconf 90' lang='lat' dir='ltr'>canones</span> <span class='ocrx_word' id='word_1_258' title='bbox 1029 3829 1082 3903; x_wconf 92' lang='lat' dir='ltr'>nil</span> <span class='ocrx_word' id='word_1_259' title='bbox 1095 3828 1168 3904; x_wconf 89' lang='lat' dir='ltr'>tale</span> <span class='ocrx_word' id='word_1_260' title='bbox 1181 3829 1401 3928; x_wconf 77' lang='lat' dir='ltr'>praecipient.</span> 
     </span>
    </p>
   </div>
   <div class='ocr_carea' id='block_1_4' title="bbox 758 4031 853 4116">
    <p class='ocr_par' dir='ltr' id='par_1_4' title="bbox 758 4031 853 4116">
     <span class='ocr_line' id='line_1_32' title="bbox 758 4031 853 4116; baseline 0 0"><span class='ocrx_word' id='word_1_261' title='bbox 758 4031 853 4116; x_wconf 73' lang='lat' dir='ltr'>box,</span> 
     </span>
    </p>
   </div>
   <div class='ocr_carea' id='block_1_5' title="bbox 538 4235 1037 4289">
    <p class='ocr_par' dir='ltr' id='par_1_5' title="bbox 538 4235 1037 4289">
     <span class='ocr_line' id='line_1_33' title="bbox 538 4235 1037 4289; baseline -0.006 -1"><span class='ocrx_word' id='word_1_262' title='bbox 538 4235 621 4289; x_wconf 86' lang='lat' dir='ltr'>Item</span> <span class='ocrx_word' id='word_1_263' title='bbox 633 4247 675 4289; x_wconf 82' lang='lat' dir='ltr'>ex</span> <span class='ocrx_word' id='word_1_264' title='bbox 687 4237 832 4288; x_wconf 80' lang='lat' dir='ltr'>Romano</span> <span class='ocrx_word' id='word_1_265' title='bbox 845 4235 1037 4289; x_wconf 82' lang='lat' dir='ltr'>Pontificali.</span> 
     </span>
    </p>
   </div>
   <div class='ocr_carea' id='block_1_6' title="bbox 183 4397 1401 4620">
    <p class='ocr_par' dir='ltr' id='par_1_6' title="bbox 183 4397 1401 4620">
     <span class='ocr_line' id='line_1_34' title="bbox 277 4397 1401 4497; baseline 0.004 -27"><span class='ocrx_word' id='word_1_266' title='bbox 277 4397 459 4472; x_wconf 85' lang='lat' dir='ltr'>Adrianus</span> <span class='ocrx_word' id='word_1_267' title='bbox 482 4399 516 4472; x_wconf 94' lang='grc' dir='ltr'>ΙΙ</span> <span class='ocrx_word' id='word_1_268' title='bbox 541 4407 648 4474; x_wconf 88' lang='lat' dir='ltr'>natus</span> <span class='ocrx_word' id='word_1_269' title='bbox 669 4401 788 4474; x_wconf 81' lang='lat' dir='ltr'>Romae</span> <span class='ocrx_word' id='word_1_270' title='bbox 812 4421 896 4473; x_wconf 93' lang='lat' dir='ltr'>cum</span> <span class='ocrx_word' id='word_1_271' title='bbox 913 4397 1105 4496; x_wconf 89' lang='lat' dir='ltr'>aliquando</span> <span class='ocrx_word' id='word_1_272' title='bbox 1129 4399 1224 4473; x_wconf 89' lang='lat' dir='ltr'>inter</span> <span class='ocrx_word' id='word_1_273' title='bbox 1244 4420 1401 4497; x_wconf 89' lang='lat' dir='ltr'>compre-</span> 
     </span>
     <span class='ocr_line' id='line_1_35' title="bbox 183 4508 1400 4620; baseline 0.004 -36"><span class='ocrx_word' id='word_1_274' title='bbox 183 4508 344 4610; x_wconf 80' lang='lat' dir='ltr'>sbyteros</span> <span class='ocrx_word' id='word_1_275' title='bbox 364 4533 489 4620; x_wconf 67' lang='lat' dir='ltr'>⁸suasa</span> <span class='ocrx_word' id='word_1_276' title='bbox 514 4515 609 4612; x_wconf 88' lang='lat' dir='ltr'>Papa</span> <span class='ocrx_word' id='word_1_277' title='bbox 634 4515 763 4610; x_wconf 83' lang='lat' dir='ltr'>Sergio</span> <span class='ocrx_word' id='word_1_278' title='bbox 786 4513 1142 4590; x_wconf 85' lang='lat' dir='ltr'>consuetudinaliter</span> <span class='ocrx_word' id='word_1_279' title='bbox 1155 4511 1318 4589; x_wconf 89' lang='lat' dir='ltr'>denarios</span> <span class='ocrx_word' id='word_1_280' title='bbox 1335 4515 1400 4590; x_wconf 90' lang='lat' dir='ltr'>XL</span> 
     </span>
    </p>
   </div>
   <div class='ocr_carea' id='block_1_7' title="bbox 0 0 1796 5288">
    <p class='ocr_par' dir='ltr' id='par_1_7' title="bbox 0 0 1796 5288">
     <span class='ocr_line' id='line_1_36' title="bbox 0 0 1796 5288; baseline 0 1"><span class='ocrx_word' id='word_1_281' title='bbox 0 0 1796 5288; x_wconf 95' lang='lat' dir='ltr'> </span> 
     </span>
    </p>
   </div>
  </div>
 </body>
</html>
