3646 5292
962 629 1039 713 XV.

851 827 889 878 1n
907 825 979 880 eod.
1000 838 1072 893 cop.
1093 828 1149 880 111.

485 997 681 1096 Presbyter
697 1022 780 1073 cum
803 997 999 1086 ordinetur,
1025 1001 1198 1099 Episcopo
1215 1026 1298 1076 eum
1321 998 1551 1074 benedicente
1575 1006 1612 1072 et

319 1175 323 1186 ,
389 1137 518 1186 manus
535 1136 642 1210 super
658 1122 767 1211 ceput
784 1112 863 1187 eius
881 1122 1036 1204 tenente,
1054 1114 1163 1189 etiam
1182 1137 1306 1189 omnes
1323 1111 1524 1211 presbyteri
1549 1109 1612 1209 qui

390 1235 583 1325 praesentes
596 1237 682 1301 sunt
695 1252 824 1301 manns
837 1253 922 1301 snas
934 1227 1035 1301 iuxta
1049 1252 1197 1300 manum
1207 1225 1373 1324 Episcopi
1386 1248 1491 1322 super
1504 1247 1542 1298 ce
1547 1232 1613 1321 put

389 1341 421 1416 ei
439 1344 641 1439 ponent.1n
658 1341 779 1416 eodem
798 1366 874 1440 cap.
891 1345 972 1416 IlIl.
989 1341 1170 1415 Diaconus
1196 1364 1280 1413 cum
1306 1338 1491 1412 ordinatur
1515 1335 1612 1410 solus

390 1453 587 1552 Episcopus
608 1453 670 1552 qui
687 1477 770 1528 eum
787 1454 966 1530 benedicit
983 1479 1113 1528 manus
1130 1477 1237 1553 super
1253 1461 1362 1550 caput
1379 1450 1479 1524 illius
1495 1460 1612 1547 ponat,

388 1566 472 1664 quia
486 1589 556 1641 non
570 1567 614 1640 ed
627 1567 878 1658 sacerdotium,
891 1569 951 1643 sed
965 1568 1009 1641 ad
1022 1565 1264 1640 ministerium
1279 1572 1518 1640 consecretur.
1530 1561 1612 1662 Epi·

389 1703 518 1778 scopus
535 1679 692 1778 quolibet
709 1680 786 1755 loco
805 1681 930 1757 sedens
952 1691 1047 1757 stare
1073 1680 1324 1780 presbyterum
1349 1701 1419 1753 non
1445 1677 1612 1775 patiatur.

392 1795 434 1866 In
460 1792 613 1868 ecclesie
639 1792 676 1866 in
702 1817 871 1868 consessu
897 1795 1186 1892 presbyterorum
1205 1791 1392 1868 sublimior
1412 1791 1539 1865 sedeat.
1557 1792 1613 1862 ln·

390 1913 447 1979 tra
465 1905 608 1979 domum
626 1929 710 1980 vero
728 1905 904 2002 collegam
930 1933 967 1982 se
993 1908 1283 2006 presbyterorum
1310 1930 1387 1981 esse
1411 1912 1612 2000 cognoscat.

389 2021 432 2092 In
458 2019 640 2094 Telletano
665 2019 825 2095 Concilio
849 2045 925 2120 cap.
942 2025 1132 2097 XXVIIII.
1150 2022 1298 2097 Diaconi
1324 2019 1549 2119 presbyteros
1574 2043 1612 2094 se

389 2129 615 2206 sublimiores
631 2141 842 2230 agnoscant,
860 2143 986 2210 ettam
1004 2135 1041 2210 bi
1059 2161 1167 2235 qnam
1186 2135 1240 2208 illi
1267 2135 1305 2208 in
1331 2143 1482 2232 utroque
1506 2131 1613 2207 choro

389 2245 597 2321 consistant.

958 2436 1051 2520 xu.
1113 2389 1115 2394 ’

704 2631 753 2682 Ex
772 2631 905 2684 concilii
923 2629 1065 2684 Africani
1083 2643 1156 2698 esp.
1175 2633 1294 2685 xxm.

487 2805 537 2878 Ut
558 2801 753 2901 Episcopus
779 2803 917 2878 nullius
943 2828 1089 2878 eausam
1120 2804 1244 2878 audiat
1267 2802 1399 2900 absque
1421 2803 1610 2900 praesentia

389 2913 600 2989 clericorum
619 2937 765 2989 snorum
786 2915 871 3013 quia
888 2915 990 2989 irrite
1007 2917 1076 2992 erit
1090 2916 1266 2992 sementia
1281 2915 1444 3014 Episcopi
1459 2915 1528 2990 nisi
1542 2915 1612 2991 cle·

390 3028 547 3103 ricorum
565 3051 711 3102 suorum
729 3029 920 3126 praesentia
938 3031 1113 3104 firmetur.
1131 3029 1306 3104 Similiter
1319 3028 1499 3102 Adrianus
1513 3032 1609 3127 Pape

390 3141 436 3216 ad
453 3141 710 3238 Algilrannum
730 3141 946 3240 Episcopum
965 3165 1041 3240 cap.
1058 3146 1121 3218 XI.
1138 3145 1229 3219 Item
1246 3144 1285 3216 in
1303 3143 1424 3218 eodem
1442 3141 1610 3218 Concilio.

390 3253 683 3352 Uniuscuiusque
701 3255 877 3330 sententia
895 3255 991 3332 vela
1017 3257 1183 3358 plurimis
1208 3259 1438 3334 confirmetur
1462 3257 1492 3332 si
1510 3257 1612 3334 imm

390 3379 455 3459 est,
472 3368 531 3444 vel
549 3368 752 3466 corrigetur
769 3370 800 3445 si
818 3369 971 3446 iniusta.

944 3566 1057 3650 XVII.

614 3759 663 3810 Ex
682 3758 777 3812 Cone.
797 3757 938 3813 Africani
956 3761 990 3815 et
1008 3761 1173 3828 cartagin.
1194 3775 1266 3829 cap.
1285 3762 1382 3814 XLII.

486 3933 536 4005 Ut
552 3931 795 4028 penitentibus
812 3933 1008 4008 secundum
1025 3935 1260 4011 differentiam
1277 3943 1515 4032 peccatorum,
1530 3933 1611 4032 Epi-

391 4042 486 4140 scopi
504 4043 652 4119 arbitrio
669 4044 873 4143 penitentiae
886 4055 1043 4144 tempore
1060 4048 1299 4125 decernantur
1316 4057 1351 4124 et
1364 4059 1405 4122 ut
1418 4047 1612 4146 Presbyter

390 4155 593 4233 inconsulto
611 4159 782 4258 Episcopo
800 4181 870 4232 non
893 4161 1100 4237 reconciliet
1116 4163 1344 4261 penitentem,
1361 4161 1432 4235 nisi
1449 4161 1611 4237 absentia

390 4270 566 4370 Episcopi,
578 4273 790 4347 necessitate
808 4283 969 4368 cogente,
987 4275 1246 4374 cuiuscumque
1264 4287 1328 4350 aut
1345 4274 1611 4373 penitententis

391 4384 575 4484 publicum
597 4395 634 4461 et
653 4385 949 4486 vulgatissimum
975 4389 1112 4464 crimen
1134 4399 1198 4479 est,
1214 4389 1306 4487 quod
1323 4390 1528 4464 universam
1547 4412 1613 4464 aec·

392 4497 536 4571 clesiem
556 4499 799 4588 commoverit,
815 4510 898 4574 ente
916 4500 1074 4575 absidam
1093 4527 1221 4575 manus
1239 4501 1271 4576 ei
1289 4502 1527 4600 imponantur.
