3638 5294
744 393 940 454 -503-

232 510 322 584 etde
337 510 441 586 terris
455 511 511 586 vel
530 536 677 586 censum
691 535 798 610 quem
817 513 1076 587 Constantinus
1092 513 1293 610 imperator,
1307 516 1365 590 vel
1382 519 1453 588 Ka·

233 625 330 698 rolus
346 633 469 700 saneto
483 628 589 700 Petro
605 625 789 714 dederunt,
807 625 898 700 etde
911 625 1077 700 omnibus
1093 625 1257 700 ecclesiis
1273 628 1332 703 vel
1345 629 1454 727 presi-

233 735 313 825 diis,
330 762 409 834 qnae
425 738 614 835 apostolice
628 739 700 813 sedi
714 737 758 812 ab
772 737 954 836 aliquibus
971 739 1060 814 viris
1079 739 1137 815 vel
1155 740 1366 816 mulieribus
1390 741 1454 816 ali-

232 873 302 947 quo
318 860 475 948 tempore
500 860 586 924 sunt
603 850 662 926 vel
679 850 814 925 fuerint
831 850 958 938 oblata,
981 851 1039 927 vel
1061 876 1240 942 concessa,
1265 854 1356 929 etin
1375 879 1453 929 mea

234 971 328 1051 sunt,
338 963 396 1038 vel
409 963 544 1039 fuerint
557 973 739 1061 potestate,
749 965 801 1039 ita
810 964 1036 1039 cumveniam
1048 990 1131 1040 cnm
1142 968 1249 1062 Papa,
1263 975 1304 1039 ut
1316 966 1454 1065 pericu-

234 1077 309 1150 lum
320 1077 500 1174 sacrilegii
515 1101 585 1153 non
598 1079 793 1168 incurram,
806 1089 842 1154 et
856 1079 928 1152 Deo
941 1088 1133 1175 sanctoque
1143 1081 1247 1152 Petro
1259 1079 1453 1154 adiuvante

173 1269 179 1280 ,
235 1187 377 1264 Christo
394 1189 546 1286 dignum
564 1191 730 1266 honorem
748 1200 785 1266 et
801 1191 1019 1266 hutilitatem
1042 1191 1255 1290 impendam,
1272 1201 1308 1266 et
1332 1216 1372 1266 eo
1397 1192 1453 1267 die

234 1323 302 1398 quo
319 1301 421 1376 illum
442 1304 540 1400 prins
557 1304 692 1392 videbo,
709 1304 861 1380 fideliter
880 1329 941 1402 per
958 1331 1086 1379 manns
1105 1330 1202 1380 meas
1220 1305 1323 1381 miles
1336 1305 1453 1380 sancti

234 1415 332 1489 Petri
349 1414 491 1490 etillius
508 1417 652 1492 efficiar.
669 1418 778 1492 Simo
796 1419 893 1492 Deus
909 1417 1056 1494 adiuvet
1072 1427 1109 1494 et
1121 1417 1198 1494 haec
1212 1428 1335 1494 sancta
1348 1443 1455 1493 evan·

234 1527 340 1623 gelia.

778 1644 910 1730 olxn.

247 1839 466 1891 loramentum
485 1841 713 1905 episcoporum
732 1841 789 1906 qul
806 1841 839 1891 ln
859 1841 1007 1892 Romana
1025 1841 1188 1894 AEceleeia
1207 1823 1444 1899 consecrantur

366 1929 400 1981 et
419 1929 462 1982 ab
481 1942 521 1981 ea
539 1930 678 1981 Pallium
696 1929 866 1995 acciplunt.
884 1929 933 1981 Ex
950 1942 1018 1994 reg.
1037 1943 1125 1995 pape
1144 1931 1328 1986 Alexandri.

333 2085 411 2178 Ego
428 2075 648 2159 Guibbertus
666 2085 855 2158 Ravennas
871 2081 1158 2182 archiepiscopus
1177 2084 1223 2160 ab
1235 2085 1303 2160 hac
1315 2087 1402 2162 hora
1418 2088 1456 2160 in

234 2204 340 2269 antea
367 2195 481 2270 fidelis
502 2219 561 2270 ero
583 2199 714 2271 Sancto
741 2189 855 2286 Petro,
873 2207 1066 2294 sancteque
1092 2201 1259 2271 Romanae
1276 2199 1456 2290 aeoclesiae,

235 2308 620 2408 etdominomeoPapae
634 2309 1272 2406 Alexandro,suisquesnccessoribus
1285 2311 1457 2387 electione

234 2422 420 2496 meliorum
448 2424 685 2499 cardinalium
703 2423 932 2497 intrantibus.
958 2427 1038 2498 Non
1052 2447 1112 2498 ero
1125 2424 1162 2497 in
1178 2424 1324 2499 consilio
1342 2450 1456 2524 neque

235 2534 389 2626 infecte,
405 2547 444 2610 ut
462 2537 574 2611 vitam
592 2537 742 2638 perdant
758 2546 822 2610 aut
842 2535 1011 2625 membra,
1028 2546 1064 2611 et
1080 2549 1144 2610 aut
1161 2537 1256 2631 capti
1275 2537 1347 2612 sint
1361 2537 1455 2611 mala

151 2675 154 2686 ·
235 2649 407 2746 captione.
418 2639 614 2726 Consilium
625 2651 810 2748 veroqnod
822 2649 907 2724 mihi
923 2649 1308 2746 ereditrrrisnntperse
1322 2659 1456 2748 autper

235 2764 381 2838 nuntios
397 2789 489 2853 suos
507 2765 583 2840 sive
601 2789 663 2863 per
680 2764 820 2838 litteras
838 2762 930 2837 nnlli
951 2762 1182 2838 manifestabo
1198 2763 1243 2837 ad
1260 2786 1380 2837 eornm
1399 2764 1458 2838 da-

237 2904 361 2952 mnum
381 2904 436 2953 me
449 2881 592 2954 sciente.
611 2883 785 2976 Papatnm
805 2881 1004 2952 Romanum
1022 2884 1058 2950 et
1076 2875 1214 2972 regalia
1231 2877 1346 2952 sancti
1360 2877 1457 2952 Petri

235 2991 374 3066 adiutor
392 2992 444 3067 eis
461 3016 520 3068 ero
532 2994 578 3067 ad
594 2992 831 3080 retinendum,
848 3000 884 3066 et
893 2989 1166 3076 defendendum,
1184 3013 1269 3064 savo
1286 2991 1362 3090 (sic)
1380 2999 1457 3066 meo

238 3105 369 3181 ordine.
387 3109 563 3203 Legatum
581 3110 791 3195 Romanum,
808 3103 923 3181 eundo
940 3112 976 3177 et
994 3103 1170 3178 redeundo
1182 3101 1373 3178 honorifice
1387 3113 1457 3178 tra-

238 3221 349 3309 ctabo
367 3230 403 3296 et
420 3221 457 3294 in
471 3221 546 3296 suis
563 3222 836 3297 necessitatibus
849 3215 1033 3292 adiuvabo.
1052 3221 1210 3292 Vocatus
1221 3217 1265 3290 ad
1279 3217 1456 3316 synodum

237 3333 359 3408 venire
376 3356 447 3408 non
460 3333 630 3422 differam,
648 3334 718 3407 nisi
732 3332 945 3431 prepeditus
958 3331 1129 3407 canonica
1142 3331 1381 3420 excusatione,
1398 3331 1457 3405 vel

238 3446 495 3544 praepeditione.
508 3449 549 3520 In
567 3446 747 3524 nataliciis
760 3444 992 3543 apostolorum
1012 3467 1133 3518 eornm
1151 3442 1277 3516 limina
1294 3442 1455 3532 visitabo,

238 3569 302 3635 aut
318 3585 380 3659 per
398 3585 464 3650 me,
480 3569 544 3634 aut
568 3583 631 3656 per
655 3559 823 3633 nuntium
850 3582 969 3632 meum
995 3555 1065 3630 nisi
1090 3555 1280 3654 apostolica
1304 3555 1452 3630 licentia

239 3699 454 3750 remaneam.
471 3673 531 3748 Sic
548 3698 604 3748 me
623 3675 718 3748 Deus
734 3672 880 3747 adiuvet
897 3683 933 3744 et
948 3669 1026 3745 haee
1043 3678 1167 3744 sancta
1185 3668 1388 3768 evangelia.

557 3869 779 3920 Iuramentum
797 3868 866 3920 eius
885 3865 943 3930 qui
960 3863 1140 3929 deponitur.

375 3968 424 4018 Ex
443 3966 583 4030 registro
601 3965 662 4018 VII
681 3977 769 4030 pape
789 3963 935 4030 Gregorii
952 3976 1029 4030 pag.
1048 3964 1172 4015 XVIIII
1189 3961 1244 4015 llb.
1266 3963 1321 4013 111.

336 4131 413 4224 Ego
430 4127 626 4203 Guibertns
652 4127 817 4225 promitto
833 4125 1063 4223 omnipotenti
1083 4124 1164 4214 Deo,
1181 4133 1217 4200 et
1238 4124 1338 4200 beato
1357 4127 1461 4200 Petro

243 4242 488 4342 Apostolorum
507 4240 671 4340 principi,
686 4240 777 4338 quod
791 4240 828 4312 in
842 4261 1067 4337 quocumque
1084 4247 1242 4337 tempore
1259 4237 1402 4332 legatus
1415 4241 1462 4310 A·

240 4355 418 4456 postolicae
435 4355 529 4430 sedis
549 4355 706 4430 directus
728 4379 749 4426 a
774 4353 900 4428 domno
917 4351 967 4425 ill.
986 4375 1086 4450 papa,
1104 4351 1162 4426 vel
1180 4351 1224 4424 ab
1247 4349 1365 4448 aliquo
1382 4375 1462 4425 sne·

242 4492 436 4558 caseorum,
449 4493 595 4543 snorum
610 4467 695 4545 item
715 4489 939 4540 romanorum
958 4464 1166 4564 pontificum
1179 4463 1224 4538 ad
1238 4488 1294 4539 me
1310 4463 1463 4552 venerit,
