3618 5316
893 377 1092 443 ..348-

380 525 497 578 causus
515 499 692 576 retineant
708 498 876 597 quoniam
890 521 970 598 quar
982 499 1119 598 prosint
1135 523 1220 578 vcro
1235 507 1272 576 et
1287 499 1485 576 orthodoxa
1502 499 1600 593 fidei,

381 623 417 690 ct
434 638 520 712 pace
536 621 573 689 et
589 613 787 712 disciplinae
803 623 1012 689 sanctarum
1030 622 1066 689 ct
1082 613 1342 691 catholicarum
1356 613 1602 690 aecclesiarum

380 727 546 802 omnibus
561 726 778 802 arbitramur
795 751 872 802 essa
896 727 1160 827 praeponendas.
1184 730 1261 804 Nec
1286 727 1492 803 dubitamus
1517 751 1602 826 quo

381 841 479 916 niam
497 841 605 916 etiam
622 853 753 916 vestra
770 840 955 917 sanctitati
974 840 1041 915 hoc
1058 839 1206 938 placeat.

963 1007 1025 1090 VI.

478 1181 521 1252 ln
540 1181 605 1253 VI'
625 1179 763 1256 actione
782 1179 1080 1256 Chalcedonensis
1098 1178 1251 1255 concilii.
1269 1167 1476 1254 Marcianus
1492 1179 1602 1276 impe-

382 1304 477 1370 rator
494 1293 584 1368 dixit
600 1293 693 1368 inter
710 1293 838 1368 cetera.
854 1296 927 1369 Nos
945 1289 1041 1368 enim
1054 1293 1098 1366 ad
1113 1293 1217 1368 fidem
1229 1279 1513 1394 'confirmandam
1526 1315 1598 1365 non

381 1407 426 1481 ad
456 1405 650 1504 potentiam
676 1397 939 1499 ostendendam,
965 1405 1124 1504 exemplo
1150 1403 1398 1501 gloriosissimi
1427 1399 1601 1502 principis

381 1517 607 1594 Constantini
621 1518 762 1615 synodo'
770 1517 941 1594 interesse
955 1518 1136 1609 volumus,
1145 1528 1187 1592 ut
1196 1518 1344 1593 inventa
1357 1517 1520 1606 veritate,
1529 1539 1603 1591 non

381 1631 476 1705 ultra
493 1620 685 1706 multitudo
698 1621 819 1728 pravis
832 1625 1002 1706 doctrinis
1015 1641 1173 1707 attracta
1186 1630 1371 1726 discordet.
1384 1630 1482 1705 Idem
1495 1630 1533 1703 in
1546 1619 1605 1704 ca-

383 1743 472 1817 dem.
490 1742 659 1830 Quaedam
676 1743 794 1840 capita
811 1737 907 1833 sunt,
924 1725 1034 1841 q'uaed
1044 1745 1088 1818 ad
1106 1745 1274 1819 honorem
1291 1752 1420 1818 vestran
1437 1766 1603 1818 reveren-

379 1855 551 1931 tiae'vobis
565 1856 802 1945 servavimus
820 1857 987 1932 decorum
1004 1881 1081 1932 esse
1099 1856 1310 1945 iudicantes,
1323 1881 1344 1928 a
1357 1855 1459 1962 vobis
1471 1854 1538 1929 hoc
1552 1878 1605 1930 rc·

380 1969 559 2067 gularitcr
577 1970 694 2069 potius
711 1971 847 2044 firmari
866 1995 928 2070 per
945 1965 1136 2069 synodum,
1154 1960 1261 2068 quam
1279 1977 1399 2042 nostra
1416 1956 1498 2062 lege
1524 1991 1605 2040 san·

379 2083 455 2159 ciri.
473 2086 521 2158 Et
537 2083 680 2159 iubente
698 2084 827 2160 codem.
850 2084 1107 2160 Beroniciauus
1120 2083 1357 2176 *venerandus
1382 2080 1601 2157 secretarius

382 2196 497 2272 divini
515 2196 716 2273 consistorii
733 2197 880 2295 epistola
900 2197 1040 2294 relegit.

953 2363 1033 2446 VII.

474 2535 710 2635 Imperatores
730 2531 1008 2611 Valentinianus
1025 2544 1061 2610 ct
1074 2505 1295 2610 Theodosius
1308 2533 1353 2608 ad
1365 2527 1544 2633 synodum
1557 2537 1604 2608 E-

379 2645 576 2742 phesinam,
594 2646 697 2722 inter.
716 2653 900 2744 Agnoscat
917 2657 1037 2725 vestra
1056 2645 1275 2745 religiositas
1293 2651 1503 2745 Hyreneum
1531 2673 1606 2722 ma-

379 2759 720 2855 gnificentissimum
739 2763 859 2837 virum
877 2762 1047 2839 amicitiae
1064 2764 1174 2838 causa
1190 2762 1399 2862 profectum,
1416 2786 1500 2836 cum
1522 2787 1603 2838 san-

380 2871 539 2947 ctissimo
555 2873 726 2972 Episcopo
742 2874 852 2950 huius
871 2875 996 2972 magni
1016 2874 1171 2950 nominis
1189 2869 1348 2951 ciuitatis
1361 2875 1536 2965 Nestorio,
1548 2876 1601 2950 ita

380 2994 422 3058 ut
438 2986 653 3062 tractatibus
670 2996 798 3066 vestrm
821 2989 1057 3064 sanctissima
1081 2988 1195 3065 sinodi
1221 2987 1321 3062 nulla
1347 2987 1484 3064 ratione
1508 3010 1605 3063 com-

382 3098 553 3175 municct.

899 3289 900 3292 κ
942 3235 1040 3320 IIH.

438 3427 487 3480 Ex
506 3431 519 3480 1
538 3429 680 3494 epistola
697 3429 758 3481 vn
777 3428 894 3496 synodi
910 3431 1003 3496 Papa
1021 3432 1110 3484 Dono
1128 3431 1230 3484 missa
1249 3429 1294 3482 ad
1311 3429 1542 3495 imperatorem

863 3519 1117 3573 Constantinum.

475 3674 622 3748 Omnem
641 3695 725 3748 vero
742 3665 955 3749 concursum
971 3673 1197 3749 venientibus
1212 3673 1344 3770 legatis
1357 3672 1489 3749 uestris
1502 3673 1609 3748 iussi·

380 3811 461 3860 mus
479 3787 633 3884 praebero
660 3786 880 3862 Theodorum
907 3773 1323 3884 gloriosum'patrieium
1349 3797 1386 3862 ct
1410 3786 1609 3861 exarchum

380 3898 522 3975 Christo
538 3899 726 3974 amabilem
745 3892 876 3973 nostrae
887 3899 1001 3974 Italiae
1014 3901 1218 3998 provincias,
1232 3911 1304 3974 tam
1318 3900 1357 3972 in
1371 3901 1468 3988 navi,
1480 3923 1607 3998 quarn-

380 4038 448 4112 que
472 4013 510 4085 in
529 4011 693 4111 expensis
706 4022 746 4087 ‘et
762 4011 859 4115 omni
877 4005 1034 4089 utilitate
1052 4038 1186 4103 eorum,
1202 4024 1240 4089 ot
1255 4013 1286 4088 si
1311 4013 1505 4090 necessitas
1530 4037 1611 4090 cxc-

382 4127 490 4223 gerit,
508 4127 614 4201 etiam
633 4125 836 4201 castellatos
852 4127 1036 4202 dromones
1049 4128 1205 4226 praebere
1218 4129 1262 4202 ad
1275 4149 1397 4202 eorum
1412 4127 1610 4218 munimen,

381 4251 421 4313 ut
438 4264 482 4314 ex
498 4239 663 4314 omnibus
681 4239 827 4315 illesi'et
844 4241 921 4315 sina
940 4241 1099 4338 periculo
1116 4244 1190 4316 Deo
1210 4249 1419 4340 cooperante
1443 4239 1536 4314 idem
1563 4241 1610 4315 ad

380 4376 444 4427 nos
460 4353 686 4451 perducatur.
703 4357 794 4428 Item
812 4379 856 4428 ex
873 4354 987 4451 prima
1005 4355 1153 4452 epistola
1177 4358 1247 4428 VII
1272 4353 1401 4452 synodi
1427 4351 1536 4426 missa
1561 4360 1609 4425 A·

378 4465 502 4542 driano
512 4468 616 4568 Papae
629 4466 673 4542 ab
685 4467 1210 4568 ImperatoribusConstantino
1223 4477 1259 4544 et
1272 4470 1432 4568 Hyrcno.
1445 4464 1607 4562 Stratigo
