3638 5294
890 410 1090 472 -460-

381 525 600 602 inhonoras?
617 526 759 623 In'lege
776 527 905 627 quippe
923 529 986 603 Dei
1005 529 1168 604 sacerdos
1185 550 1256 603 non
1280 528 1449 604 inmerito
1472 523 1608 624 gloriass

379 649 451 729 tur,
467 639 530 736 qui
548 639 666 716 locum
685 640 876 714 ministerii
894 641 939 714 ad
956 641 1180 738 praedicanda
1197 643 1290 738 legis
1311 642 1478 716 mandata
1503 644 1608 716 sorti-

377 763 437 826 tus
455 762 519 827 est.
536 753 607 827 Sed
624 777 684 849 per
701 753 1031 850 praevaricationem
1049 755 1143 852 legis
1161 759 1275 831 Deum
1293 755 1505 831 inhonorare
1523 779 1607 831 con-

377 864 549 953 vincitur,
570 890 653 940 cum
671 865 762 940 scita
780 866 914 962 legalia
930 871 1135 965 transgredi
1160 894 1230 944 non
1256 879 1412 945 veretur.
1438 873 1605 968 Dumque

376 978 475 1052 aliud
491 978 571 1074 agit
583 979 681 1053 aliud
695 980 873 1076 praedicar,
886 991 1062 1079 quantum
1076 981 1114 1055 in
1128 1007 1165 1056 se
1179 993 1234 1057 est
1246 1006 1368 1058 omnes
1381 981 1427 1068 ab
1440 982 1601 1058 eiusdem

376 1090 471 1187 legis
483 1091 728 1167 observatione
743 1093 937 1189 perturbat.
946 1094 1049 1169 Sicut
1060 1095 1232 1170 Dominus
1245 1095 1372 1172 scribis
1384 1105 1421 1171 et
1430 1095 1605 1194 phariseis

377 1203 474 1278 dicit.
493 1207 548 1278 Ve
565 1203 664 1278 vobis
677 1205 739 1302 qui
752 1205 952 1281 abstulistis
965 1207 1104 1282 clavem
1118 1207 1289 1297 scientia·
1302 1209 1364 1284 sed
1377 1207 1444 1306 ipsi
1461 1233 1533 1284 non
1549 1209 1604 1283 in·

377 1315 524 1406 troistis,
541 1325 577 1390 et
594 1316 682 1391 alios
699 1318 834 1393 intrare
852 1319 1092 1420 prohibuistis.
1105 1325 1153 1396 Et
1167 1347 1291 1398 revera
1303 1347 1374 1420 qua
1386 1321 1516 1412 fronte,
1531 1346 1603 1420 qua

375 1429 553 1506 libertatis
570 1430 719 1506 audacia
737 1433 900 1508 sacerdos
917 1433 956 1506 in
973 1433 1222 1509 dissidentium
1239 1434 1524 1510 confederatione
1544 1460 1603 1507 su-

376 1544 446 1634 det
464 1571 549 1620 cum
570 1545 645 1643 ipse
662 1545 739 1620 suis
756 1547 934 1621 sororibus
950 1571 1020 1622 non
1038 1547 1227 1643 indulgeat
1240 1547 1395 1636 veniam,
1409 1547 1469 1621 sed
1481 1547 1604 1621 effera·

376 1667 437 1732 tur
453 1658 729 1756 implacabiliter
746 1660 791 1734 ad
809 1659 1034 1736 vindictam?
1051 1661 1149 1735 Inter
1166 1683 1290 1735 omnes
1307 1659 1486 1733 virtutum
1503 1683 1604 1754 gem·

380 1797 457 1846 mas
475 1796 565 1870 quas
583 1773 748 1848 Salvator
765 1783 884 1848 noster
901 1773 1025 1848 attulit
1041 1773 1131 1847 duas
1148 1771 1331 1868 insignius
1344 1771 1493 1846 rutilare
1506 1793 1604 1846 mon·

380 1886 521 1974 stravit,
531 1909 592 1982 per
601 1887 787 1961 caritatem
803 1888 942 1964 scilicet
950 1897 985 1962 et
994 1887 1212 1984 patientiam.
1222 1889 1291 1960 Per
1304 1885 1492 1960 caritatem
1504 1909 1602 1957 nam·

377 2022 445 2096 que
464 1999 529 2072 Dei
547 1998 642 2072 tilius
659 1999 702 2075 de
719 1999 795 2075 celo
811 2001 1003 2077 descendit.
1021 2003 1089 2074 Per
1106 1998 1313 2100 patientiam
1339 1995 1518 2071 diabolum
1543 2021 1601 2070 su·

373 2112 522 2212 peravit.
532 2113 599 2187 His
609 2113 739 2188 muniti
754 2115 951 2190 virtutibus
960 2125 996 2190 et
1009 2113 1216 2188 fundatores
1230 2111 1388 2214 Apostoli
1401 2109 1601 2188 aecclesiam

374 2226 609 2301 condiderunt
635 2236 670 2301 et
696 2239 976 2326 propugnatores
1000 2227 1078 2302 eius
1104 2226 1220 2302 sancti
1246 2229 1427 2324 Martyres
1456 2223 1600 2298 diversa

372 2338 550 2436 supplicia
567 2339 804 2438 pertulerunt.
823 2339 862 2412 Si
879 2365 965 2436 ergo
983 2363 1045 2438 pro
1072 2339 1139 2414 lide
1166 2364 1236 2437 qua
1262 2337 1480 2414 universalis
1505 2337 1601 2412 vivit

371 2450 531 2525 aecclesia
549 2474 726 2548 nusquam
744 2451 860 2527 ferrea
877 2475 978 2526 arma
1004 2453 1134 2551 corripi
1160 2452 1379 2543 conceditur,
1405 2475 1474 2550 quo
1499 2451 1601 2525 modo

373 2587 436 2662 pro
453 2566 606 2638 terrenis
624 2565 793 2640 aecclesia
811 2565 1046 2642 facultatibus
1063 2565 1211 2642 loricata
1228 2566 1325 2640 acies
1342 2565 1378 2638 in
1396 2563 1519 2661 gladio
1543 2563 1601 2638 dc·

372 2677 602 2752 bachantur?
619 2680 666 2752 Et
683 2680 714 2752 si
734 2679 850 2753 sancti
868 2679 939 2752 viri
956 2705 1039 2755 cum
1059 2679 1257 2778 prevalent
1280 2679 1456 2755 hereticos
1479 2677 1602 2777 ydolo·

375 2815 526 2888 rumque
551 2790 707 2866 cultores
732 2814 802 2865 non
828 2791 1021 2889 perimunt,
1045 2781 1217 2891 quomodo
1242 2815 1304 2891 pro
1329 2815 1448 2868 rerum
1470 2791 1598 2865 vilium

346 3001 350 3008 .
371 2905 587 2982 detrimento
604 2904 725 2981 fideles
742 2905 851 2980 fidem·
863 2905 985 3002 gladio
1006 2906 1156 3003 impetat
1180 2930 1285 3004 quem
1311 2930 1435 2981 secum
1460 2903 1599 2982 Christi

372 3017 593 3115 redemptum
611 3018 827 3114 sanguinem
845 3019 1112 3115 non'ignorat?
1138 3021 1194 3095 Ad
1219 3021 1285 3096 hoo
1309 3019 1340 3094 si
1367 3018 1448 3118 quis
1469 3017 1600 3093 obiciat

373 3129 513 3215 bellicis
530 3130 655 3206 usibus
681 3131 817 3207 leonem
842 3131 1050 3230 frequenter
1074 3158 1112 3207 se
1137 3133 1358 3231 implicuisse
1386 3132 1598 3230 pontificem,

376 3253 623 3321 verumtamen
642 3256 808 3322 sanctum
826 3271 914 3336 esse,
931 3247 1008 3323 dico
1025 3245 1118 3344 quod
1136 3247 1260 3336 sentio,
1274 3247 1441 3344 quoniam
1455 3269 1522 3321 nec
1537 3247 1598 3319 Pe-

373 3366 453 3432 trus
470 3357 512 3432 ob
530 3357 597 3433 boc
610 3359 841 3455 apostolicum
855 3359 990 3434 obtinet
1004 3359 1243 3457 principatum
1257 3360 1342 3458 quia
1356 3359 1519 3456 negavit,
1531 3382 1598 3434 nec

372 3469 490 3544 David
507 3469 637 3546 iccirco
655 3469 857 3569 prophetice
874 3471 1005 3546 meruit
1025 3472 1223 3563 oraculum,
1245 3473 1330 3572 quia
1348 3472 1489 3548 thorum
1514 3469 1598 3548 alie·

375 3609 464 3657 num
482 3583 628 3674 invasit,
641 3610 723 3660 cum
739 3584 829 3662 bona
842 3584 900 3661 vel
914 3584 1007 3670 mala
1019 3609 1090 3660 non
1103 3609 1165 3686 pro
1180 3586 1315 3662 meritis
1327 3585 1597 3662 considerentur

373 3696 594 3786 habentium,
607 3698 669 3772 sed
681 3722 726 3773 ex
738 3697 888 3798 propriis
901 3697 1051 3774 debeant
1063 3699 1297 3798 qualitatibus
1310 3699 1474 3775 iudicari.
1486 3701 1598 3774 Num·

373 3809 461 3909 quid
477 3811 545 3886 hoc
561 3811 699 3908 legitur
716 3813 835 3909 egisse
852 3813 912 3888 vel
929 3811 1061 3892 litteris
1077 3812 1238 3888 docuisse
1256 3813 1454 3909 Gregorius
1470 3811 1533 3910 qui
1546 3819 1597 3885 tot

372 3923 563 4000 violentias
584 3950 606 3996 a
623 3925 935 4021 Longobardorum
952 3935 1007 4000 est
1024 3925 1166 4002 feritate
1179 3930 1396 4025 perpessus?
1412 3923 1597 4023 Numquid

373 4037 595 4112 Athanasius
611 4037 746 4112 bellum
765 4037 930 4112 Arrianis
947 4063 985 4113 se
1002 4055 1176 4136 suamque
1192 4039 1382 4115 ecclesiam
1404 4035 1597 4113 crudeliter

372 4151 633 4226 infestantibus
651 4149 803 4227 intulit?
819 4149 1004 4250 Numquid
1021 4151 1058 4224 in
1075 4177 1175 4225 arma
1193 4161 1399 4226 sanctorum
1416 4149 1594 4249 quispiam

372 4264 589 4361 legationem
607 4264 844 4340 insurrexisse
864 4265 1105 4340 Pontificum?
1127 4265 1265 4341 Causas
1281 4265 1397 4362 igitur
1422 4261 1597 4339 aecclesia·

374 4379 455 4454 stioi
470 4381 730 4478 cuiuscumque
749 4381 897 4476 negotii,
910 4381 1009 4476 leges
1022 4377 1193 4452 dirimant
1207 4378 1285 4468 lori,
1299 4378 1357 4454 vel
1369 4375 1597 4452 sacerdotalis

373 4491 487 4575 edicta
500 4492 655 4586 concilii,
664 4517 709 4568 na
718 4492 806 4598 quid
818 4493 1018 4597 gerendum
1032 4501 1087 4571 est
1099 4491 1135 4569 iu
1150 4491 1392 4571 tribunalibus
1406 4489 1595 4582 iudicium,
