3618 5316
921 383 966 398 -
990 349 1057 414 342
1081 383 1122 400 -
1758 407 1759 412 ,

412 467 564 569 proedari
582 493 810 571 praesumam,
825 469 959 568 absquo
975 477 1039 544 tua
1054 477 1269 566 tuorumque
1293 488 1553 555 successorum,
1569 465 1631 565 qni

412 586 459 661 ad
473 585 641 660 honorem
658 584 775 660 sancti
793 585 892 659 Patri
909 581 1138 671 intraverint,
1154 591 1253 658 certa
1269 579 1429 669 licentia,
1445 588 1576 677 prater
1593 579 1632 652 il·
1754 604 1758 621 ·

413 697 485 771 lam
502 720 611 794 quam
624 705 666 770 tu
684 695 775 768 milri
791 695 968 783 concedis,
982 695 1042 771 vel
1054 695 1109 770 tui
1126 695 1243 770 idonei
1256 717 1478 770 successores
1492 716 1635 768 conces
1759 765 1760 768 ,

413 809 489 884 suri
515 817 611 882 sunt.
628 807 804 882 Pensione
829 809 871 883 de
888 817 983 882 terra
1009 808 1126 884 sancti
1144 809 1244 883 Petri
1259 832 1367 906 quam
1386 817 1490 882 111111
1506 806 1568 880 111
1584 816 1634 880 te-

411 920 512 1010 nebo,
524 919 619 994 sicut
631 927 808 992 statutum
821 927 876 992 est
893 929 991 994 recta
1011 921 1081 996 fide
1093 921 1252 1010 studeb0,
1268 930 1310 994 ut
1326 919 1426 994 illam
1443 918 1636 994 annuntia·

415 1032 500 1106 liter
513 1035 646 1105 Sancta
654 1033 813 1104 Romana
826 1029 953 1104 habeat
965 1034 1138 1110 Ecclesia.
1152 1038 1284 1110 Omnes
1301 1057 1439 1132 quoque
1455 1031 1638 1108 {ecclesias

412 1171 493 1246 quaa
505 1145 543 1219 in
557 1169 634 1220 mea
647 1144 844 1242 persistunt
856 1145 1106 1236 dominatione,
1123 1173 1206 1223 cum
1218 1172 1345 1222 earum
1359 1144 1638 1244 possessionibus

418 1259 595 1333 dimittam
614 1257 653 1330 in
670 1266 734 1331 tua
750 1267 972 1354 potestatem,
988 1269 1025 1334 11
1048 1261 1210 1336 defensor
1227 1259 1373 1334 illorum
1391 1259 1511 1336 11111
1529 1257 1639 1333 fideli·
1761 1289 1762 1292 ¹

419 1381 531 1448 tatem
549 1375 691 1446 Sanotae
707 1373 875 1468 Romana
894 1371 1077 1464 Ecclesiae,
1098 1383 1136 1450 et
1151 1373 1244 1448 nulli
1269 1373 1393 1448 iurabo
1416 1371 1637 1460 fidelitatem,
1761 1373 1762 1398 ³

418 1484 491 1562 nisi
515 1483 618 1558 salva
642 1483 812 1559 fidelitate
833 1488 975 1561 Sanctae
990 1489 1159 1561 Romanae
1174 1485 1355 1562 Ecclesia.
1372 1489 1419 1560 Et
1442 1485 1474 1559 si
1498 1485 1562 1560 vel
1586 1484 1638 1559 tui

420 1620 644 1674 successores
656 1605 741 1672 ante
752 1619 867 1672 mccx
882 1597 952 1674 lrao
971 1599 1048 1674 vita
1066 1599 1317 1694 migraverint,
1330 1598 1531 1674 secundum
1549 1597 1639 1696 quod

417 1710 574 1786 monitus
590 1709 692 1784 luero
707 1709 950 1786 amelioribus
968 1709 1640 1801 011111111110111111111111111
1761 1733 1762 1764 ³

422 1821 530 1899 laicis
546 1821 723 1898 adiuvabo
746 1833 789 1897 ut
805 1826 902 1924 Papa
925 1826 1086 1923 eligatur
1109 1835 1147 1900 et
1169 1824 1377 1899 hordinetur
1401 1823 1447 1897 ad
1469 1822 1639 1898 honorem

421 1937 537 2013 sancti
555 1936 663 2012 Petri.
680 1939 767 2030 Haec
790 1937 911 2012 omnia
934 1939 1178 2038 suprascripta
1202 1937 1395 2014 observabo
1418 1946 1556 2012 sanctae
1579 1937 1639 2010 Ro

421 2077 537 2127 mana
553 2050 726 2127 Ecclesiae
749 2061 786 2127 11
809 2051 875 2128 tibi
897 2078 979 2128 cum
998 2069 1095 2130 recta
1112 2054 1180 2130 fide
1197 2061 1233 2128 11
1249 2053 1343 2128 hanc
1359 2052 1570 2129 fidelitatem
1586 2050 1640 2126 ob
1761 2037 1762 2060 ¹

420 2163 570 2242 servabo
586 2163 643 2239 tui
659 2165 928 2241 successoribus
952 2167 997 2241 ad
1021 2167 1188 2244 honorem
1213 2165 1329 2241 sancti
1346 2167 1446 2241 Petri
1468 2163 1639 2240 ordinatis

422 2279 484 2378 qui
503 2277 592 2352 milri
610 2279 835 2355 firmaverint
851 2279 1104 2356 investituram
1120 2290 1190 2357 ate
1203 2280 1293 2354 mihi
1307 2279 1573 2356 concessam&
1586 2301 1637 2352 me

421 2395 519 2469 Deus
539 2392 687 2467 adiuvet
704 2403 740 2467 ct
755 2392 832 2470 haec
850 2404 976 2470 sancta
994 2394 1203 2490 Evangelia.
1220 2399 1354 2469 Actum
1379 2393 1417 2466 in
1441 2391 1529 2466 aula
1545 2395 1639 2466 Late·

424 2505 590 2581 ranensis
607 2506 708 2580 Sacri
727 2507 857 2581 Palatii
875 2511 929 2581 VI
945 2511 1035 2582 Non.
1054 2506 1194 2582 Octobr.
1210 2506 1274 2582 fer.
1290 2509 1343 2581 Ill
1359 2505 1482 2580 indict.
1501 2507 1585 2580 XV.

519 2621 598 2715 Ego
615 2619 775 2694 Iordanis
792 2621 857 2695 Dei
883 2622 1002 2716 gratia
1020 2629 1055 2695 et
1080 2619 1196 2694 sancti
1213 2619 1312 2694 Petri
1331 2620 1526 2716 Capuanus
1543 2617 1639 2690 Prin-

422 2757 505 2832 ceps
521 2733 566 2807 ab
583 2731 653 2807 hac
668 2733 755 2807 hora
771 2743 808 2809 et
824 2734 990 2834 deinceps
1006 2733 1122 2810 fidelis
1142 2756 1201 2808 ero
1218 2735 1359 2808 Sancta
1376 2735 1546 2806 Romanae
1563 2733 1638 2806 AEo·

423 2846 542 2924 olesiae
557 2855 595 2922 et
606 2845 818 2946 Apostolioae
835 2847 917 2923 Sodi
934 2857 971 2922 et
987 2847 1053 2924 tibi
1069 2846 1220 2922 Domino
1237 2869 1316 2922 meo
1332 2846 1491 2944 Septimo
1509 2847 1638 2941 Grcgo

423 2959 476 3035 rio
491 2962 606 3058 Papae.
622 2959 750 3036 Cetera
770 2959 889 3036 omnia
914 2969 956 3036 ut
980 2984 1098 3060 supra.
1115 2963 1248 3036 Actum
1266 2958 1435 3058 Ciperani
1454 2958 1581 3035 Indiot.
1597 2959 1638 3046 11,

424 3076 494 3150 IIII
513 3061 599 3149 Idus
615 3071 722 3148 Iunii.
