3642 5294
745 429 919 492 ...43-

219 548 289 623 lem
308 573 459 624 causam
477 574 555 626 esse
573 560 614 626 ut
630 575 672 628 aa
689 573 758 627 non
786 553 1006 652 replicentur
1030 568 1110 655 qum
1134 565 1216 632 acta
1240 566 1337 647 sunt,
1362 575 1442 657 quar

218 661 420 772 decreverit
436 665 617 738 Romanus
633 665 829 766 Episcopus
845 670 1056 744 confirmata
1073 679 1190 746 erunt.
1208 671 1246 744 Si
1264 693 1352 768 argo
1373 673 1441 748 hoc

219 775 389 849 omnibus
406 777 523 874 placet
539 787 729 854 statuatur.
747 779 901 856 Sinodus
919 786 954 881 lt.
973 783 1105 860 Placet.

795 1011 888 1096 XXI.

315 1238 542 1312 Gaudentius
559 1231 765 1336 Episcopus.
782 1237 890 1312 Dixit.
917 1239 1129 1314 Addendum
1155 1239 1186 1314 si
1211 1241 1330 1336 placet
1353 1241 1439 1318 huic

221 1351 419 1440 sententiae,
428 1377 534 1451 qnam
545 1351 687 1450 plenam
697 1353 1100 1451 sanctitateprotulistis
1113 1363 1244 1430 utoum
1259 1355 1389 1455 aliquis
1398 1359 1443 1430 E-

218 1465 383 1565 piscopus
397 1466 577 1564 depositus
594 1465 714 1554 fuerit,
738 1485 860 1541 eorum
887 1463 1129 1564 episcoporum
1156 1467 1298 1556 iudicio
1315 1469 1376 1566 qui
1402 1468 1441 1542 in

221 1580 353 1656 vicinis
369 1579 457 1655 locis
476 1589 670 1667 morantur,
687 1591 724 1658 et
742 1579 1017 1680 proclamaverit
1033 1581 1217 1677 agendum
1241 1581 1309 1655 sibi
1335 1605 1441 1679 nego·

222 1692 313 1766 tium
332 1692 370 1765 in
388 1691 484 1767 Urbe
501 1695 620 1766 Romae
636 1692 728 1768 alter
744 1693 940 1791 Episcopus
958 1693 996 1766 in
1014 1694 1092 1769 eius
1109 1695 1277 1770 cathedra
1294 1705 1371 1794 post
1384 1721 1444 1795 ap-

219 1807 447 1904 pellationem
465 1805 543 1881 eius
560 1805 622 1904 qui
639 1805 877 1882 videturesse
895 1809 1075 1905 depositus
1092 1809 1236 1884 omnino
1261 1833 1331 1884 non
1349 1810 1440 1884 ordi-

219 1928 337 2009 netur,
354 1918 425 1992 nisi
444 1940 555 1994 causa
573 1918 682 1992 luerit
700 1919 737 1992 in
763 1919 898 1995 iudicio
922 1922 1070 1995 Romani
1097 1923 1260 2020 Episcopi
1278 1923 1443 1998 deterrui·
1517 2007 1520 2014 Ι

221 2043 316 2106 nata.

776 2168 888 2253 XXII.

265 2364 267 2369 ’
315 2367 423 2443 Osius
440 2368 646 2467 Episcopus.
664 2369 773 2443 Dixit.
792 2367 935 2445 Placuit
952 2381 994 2445 ut
1018 2371 1049 2444 si
1075 2373 1271 2471 Episcopus
1295 2398 1442 2449 accusa·

217 2492 278 2556 tus
295 2481 408 2556 fuerit
423 2491 459 2558 et
471 2482 712 2560 iudicaverint
729 2483 946 2579 congregati
964 2483 1131 2583 Episcopi
1145 2485 1305 2583 regionis
1317 2486 1442 2585 ipsius,

218 2597 313 2672 etde
338 2596 455 2692 gradu
482 2620 546 2671 suo
570 2597 768 2674 deiecerint
789 2623 888 2684 eum,
906 2597 935 2670 si
958 2598 1155 2696 appellasse
1181 2599 1357 2688 videatur,
1378 2601 1441 2700 qui

217 2711 375 2786 deiectus
394 2720 459 2792 est,
476 2723 512 2786 et
528 2713 734 2808 confugerit
750 2712 795 2787 ab
812 2710 1061 2792 beatissimum
1089 2711 1197 2789 Urbis
1213 2716 1334 2788 Romae
1358 2713 1441 2812 Epi·

217 2847 374 2922 scopum‚
391 2834 428 2899 et
445 2824 626 2900 voluerint
642 2851 680 2900 se
699 2826 828 2914 audiri,
846 2823 876 2898 si
894 2823 1031 2898 iustum
1046 2826 1229 2924 putaverit
1242 2843 1283 2900 ut
1296 2850 1443 2904 renove-

216 2946 277 3010 tur
293 2961 453 3024 examen‚
470 2937 624 3013 scribere
642 2939 699 3012 his
715 2939 889 3037 episcopis
908 2939 1082 3034 dignetur
1099 2939 1161 3038 qui
1179 2940 1218 3014 in
1236 2940 1390 3016 finitima
1404 2951 1440 3016 et

79 3119 83 3130 ,
215 3051 412 3150 propinqua
430 3051 615 3150 provincia
631 3063 728 3142 sunt,
745 3063 786 3128 ut
803 3053 871 3150 ipsi
889 3053 1008 3127 omnia
1033 3053 1227 3150 diligenter
1249 3053 1439 3154 exquirant

217 3174 253 3240 et
277 3165 378 3240 iuxta
402 3165 506 3240 fidem
532 3166 699 3241 veritatis
727 3167 910 3243 definient.
937 3169 1036 3256 Quod
1061 3168 1094 3241 si
1119 3169 1151 3242 is
1177 3178 1280 3265 rogat
1308 3168 1440 3244 iterum

216 3279 362 3354 causam
381 3303 484 3353 suam
501 3279 630 3368 audiri,
647 3290 684 3355 et
699 3282 947 3380 deprecatione
965 3308 1031 3358 sua
1049 3283 1201 3359 moverit
1226 3284 1440 3382 Episcopum

217 3393 316 3466 Rom.
333 3391 504 3469 Ecclesiae
521 3403 563 3468 ut
575 3418 595 3468 e
609 3392 723 3469 latere
739 3419 803 3469 suo
817 3395 937 3470 mittat
950 3395 1219 3496 Presbyterum,
1231 3397 1299 3472 erit
1311 3399 1350 3473 in
1363 3397 1441 3473 eius

217 3514 389 3602 potestate
418 3507 510 3604 quod
534 3505 625 3582 velit
655 3517 692 3582 et
716 3509 808 3607 quod
834 3509 985 3586 estimet.
1011 3513 1057 3585 Et
1081 3510 1112 3585 si
1137 3511 1338 3586 decreverit
1362 3510 1442 3586 mit-

215 3617 341 3694 tendos
357 3641 435 3693 esse
451 3617 514 3718 qui
535 3621 728 3718 praesentes
753 3647 837 3697 cum
864 3623 1048 3723 Episcopis
1072 3623 1247 3723 iudicent2
1268 3625 1440 3701 habentes

215 3731 294 3807 eius
310 3730 599 3807 auctoritatema
624 3756 694 3831 quo
718 3731 885 3810 destinati
912 3745 1009 3823 sunt,
1033 3735 1102 3810 erit
1128 3736 1165 3809 in
1191 3759 1255 3811 suo
1280 3736 1438 3812 arbitrio.

216 3845 254 3917 Si
270 3867 357 3919 vero
372 3843 564 3920 crediderit
579 3845 743 3921 sufficere
762 3848 951 3946 Episcopus
968 3848 1208 3946 provinciales
1226 3858 1268 3924 ut
1292 3851 1438 3948 negotio

214 3957 410 4034 terminum
435 3957 631 4055 imponant,
655 3958 764 4034 faciet
789 3962 883 4059 quod
907 3961 1172 4060 sapientissimo
1196 3962 1346 4038 consilio
1370 3986 1435 4038 suo

216 4071 442 4146 iudicaverit.
980 4099 983 4106 ·

764 4239 895 4326 lllllll.

288 4436 359 4523 Qui
376 4431 460 4512 vero
482 4441 629 4512 Romam
656 4441 833 4530 venerint,
851 4443 948 4519 sicut
972 4444 1193 4533 dictumest,
1215 4441 1443 4520 sanctissimo

219 4549 320 4624 fratri
344 4551 557 4652 Coepiscopo
582 4564 703 4632 nostro
727 4557 895 4632 Romanae
921 4557 1091 4633 Ecclesia
1118 4579 1240 4656 preces
1258 4549 1355 4654 'quas
1380 4555 1441 4630 ha·
