3582 5288
682 428 723 442 -
750 395 813 461 129
838 428 879 445 -

174 513 322 590 differat
338 513 449 590 Nobis
465 523 587 609 antem
604 516 648 592 de
664 515 722 591 his
738 476 904 594 omnihus
920 515 1016 594 sicut
1032 515 1178 594 divinus
1201 519 1304 594 fauor
1327 519 1393 594 im·

174 628 374 724 puncxerit,
400 638 504 704 curat
528 629 561 704 ei
586 655 630 704 ac
654 629 858 706 sollicitudo
881 631 984 706 iuxta
1008 631 1197 708 tramitem·
1214 632 1395 732 aequitatis

173 741 249 816 sine
266 742 375 817 dnbio
390 741 597 834 deliberare,
613 752 720 843 atque
744 744 873 818 utilius
898 745 969 821 fine
993 746 1164 822 canonico
1186 745 1392 822 terminare.

172 858 306 932 Datum
323 860 395 932 Illl
413 857 497 932 Idus
514 858 609 932 lunii
627 860 825 936 Indictione
842 861 941 934 ΧΨ.

726 1053 822 1138 exo,

515 1259 564 1310 Ex
581 1258 720 1324 registro
739 1257 889 1323 Gregorii
905 1257 1047 1313 iunioris.

266 1427 464 1523 Gregorius
490 1429 655 1507 omnibus
673 1429 856 1528 Episcopis
873 1432 912 1504 in
925 1429 1057 1506 Tuscia
1070 1427 1391 1525 Longobardorum.

171 1539 338 1616 Meminit
359 1539 518 1616 fraterna
542 1543 716 1619 sanctitas
733 1555 854 1618 vestra
879 1553 1036 1642 tempore
1060 1542 1293 1618 ordinationis
1316 1567 1391 1616 suae

171 1675 234 1749 per
253 1653 499 1754 chyrographi
517 1666 554 1732 et
570 1669 836 1732 sacramentum
853 1657 1043 1734 vinculum
1056 1657 1159 1733 beato
1180 1659 1285 1730 Petro
1296 1655 1392 1752 prin·

171 1765 241 1865 cipi
258 1767 506 1864 Apostolorum
525 1769 761 1869 spopondisse,
778 1779 820 1845 ut
836 1769 874 1843 in
887 1771 1156 1866 emergentibus
1173 1766 1391 1846 utilitatibus

169 1889 303 1954 sanctu·
320 1879 398 1956 eius
415 1882 586 1972 ccclesia,
602 1883 686 1958 totis
702 1883 844 1960 viribus
860 1883 1056 1959 elaboretis.
1069 1885 1189 1981 Igitur
1206 1883 1291 1981 quia
1303 1905 1389 1981 prae·

169 1993 636 2070 sentesvirosAnastasium
650 1996 822 2074 dilectum
836 1997 950 2070 filium
963 2005 1126 2072 nostrum
1140 1996 1389 2094 presbyterum

170 2117 206 2181 et
219 2108 441 2184 Adeodatum
455 2109 697 2206 regionarium
710 2109 967 2187 subdiaconum
981 2121 1119 2186 nostros
1133 2111 1265 2200 fideles,
1276 2110 1321 2184 ad
1333 2108 1390 2194 ob-

170 2222 380 2296 sacrandum
398 2233 434 2298 et
455 2225 529 2298 Deo
549 2223 694 2299 favente
714 2224 956 2323 optinendum,
977 2247 1039 2322 pro
1059 2227 1129 2298 IIII
1151 2224 1290 2313 castris,
1310 2247 1390 2320 quae

168 2358 262 2409 anno
278 2335 457 2433 praeterito
473 2337 576 2411 beato
589 2340 694 2411 Petro
706 2337 825 2413 ablata
838 2348 924 2412 sunt
937 2337 1185 2426 restituantur,
1198 2363 1219 2410 a
1232 2337 1317 2410 filiis
1329 2361 1390 2411 no·

169 2447 253 2522 stris
270 2448 515 2548 liuthprando
526 2459 562 2525 et
575 2449 785 2547 Hylprando
798 2451 998 2549 supplicare
1011 2450 1281 2526 destinavimus.
1296 2452 1389 2524 Foco

168 2561 393 2638 dilectissimi
410 2563 539 2640 fratres
555 2573 697 2662 tempus
714 2565 933 2664 acceptabile
947 2574 988 2639 ut
1000 2565 1101 2639 iuxta
1118 2563 1387 2663 cyrographum

168 2687 330 2751 vestrum
340 2677 547 2776 bonioperis
556 2678 715 2753 fructum
724 2677 826 2754 beato
837 2683 941 2754 Petro
949 2677 1388 2767 afferatis,cuinsanctori-

167 2799 241 2867 tate
252 2815 317 2867 vos
329 2791 515 2867 hortamur
527 2792 565 2864 in
579 2792 740 2882 Domino,
750 2803 791 2868 ut
803 2793 848 2870 ad
861 2793 1000 2868 eosdem
1013 2816 1098 2867 cum
1111 2791 1290 2889 praedictis
1303 2790 1387 2864 tiliis

166 2907 298 2982 nostris
307 2907 678 3006 properetis,utaDeo
688 2905 863 3006 inspirati,
875 2903 1132 3002 protectoribus
1143 2927 1266 2980 eorum
1274 2902 1388 2980 beatis

167 3019 389 3119 principibus
415 3021 663 3118 Apostolorum
681 3023 786 3094 Petro
809 3027 846 3093 et
868 3016 979 3090 Paulo
1003 3016 1125 3091 eadem
1151 3026 1269 3091 castra
1286 3015 1388 3092 resti·
1447 3028 1461 3046 '

166 3144 327 3210 tuantur.
343 3137 438 3210 Nam
456 3133 486 3207 si
505 3134 598 3232 quod
615 3157 686 3208 non
704 3132 881 3208 credimus
899 3127 1113 3204 distuleritis
1136 3128 1205 3204 iter
1229 3129 1386 3227 arripere

166 3258 308 3350 propter
325 3251 452 3338 Deum,
469 3271 537 3344 ego
561 3267 779 3346 quamquam
796 3243 988 3320 imbecillis
1005 3243 1073 3316 sim
1094 3265 1162 3342 pro
1178 3243 1386 3318 infirmitate

166 3361 332 3463 corporis,
349 3361 416 3436 iter
434 3361 604 3460 arripiam
620 3360 846 3450 laboriosum,
866 3367 903 3434 et
918 3356 1045 3432 videbo
1061 3380 1107 3432 ne
1130 3364 1251 3444 vestra
1271 3356 1387 3453 negli-
1473 3397 1476 3402 ,

164 3477 290 3573 gentia
307 3475 407 3552 vobis
423 3475 468 3550 ad
484 3474 738 3572 obligationem
763 3497 809 3548 ex
823 3471 913 3546 nodo
929 3470 1023 3567 pacti
1041 3470 1227 3568 pertineat.
1252 3473 1384 3546 Datum

164 3593 249 3668 Idus
267 3589 433 3668 October.
449 3589 600 3666 Indictio
618 3589 732 3666 VIIII.

712 3814 826 3900 oxol.

259 4036 434 4112 Iohannes
458 4035 664 4134 Episcopus.
689 4031 895 4108 Williberto
920 4030 1177 4129 Agrippinensi
1202 4031 1384 4130 Episcopo.

163 4153 263 4226 Inter
279 4163 408 4226 cetera.
422 4150 592 4248 Optatum
609 4145 674 4221 tibi
696 4144 852 4219 Pallium
875 4169 941 4220 nec
966 4145 1127 4220 conferre
1143 4144 1383 4243 nequivimus,

164 4264 248 4363 quia
266 4263 348 4338 fidei
365 4271 437 4368 tpae
454 4260 624 4358 paginam
643 4259 764 4331 minus
780 4281 888 4355 quam
905 4257 1270 4354 oporteatoontinere
1288 4282 1385 4355 repe·

164 4377 286 4452 rimus.
309 4375 405 4452 oum
419 4373 592 4450 videlicet
608 4372 747 4448 nullam
773 4372 812 4446 in
830 4397 871 4447 ea
888 4381 1095 4448 sanctarum
1121 4370 1382 4446 universalium

163 4489 367 4564 sinodorum
381 4486 558 4586 inquibus
571 4484 790 4560 nostraefidei
805 4484 1005 4583 symbolum
1021 4483 1236 4572 continetur,
1247 4507 1315 4563 uec
1326 4483 1385 4559 de·

1183 4601 1200 4653 a
