3638 5294
890 377 1086 440 -500-

376 499 407 574 si
426 500 477 574 ita
493 498 614 596 aliqua
630 497 835 592 egritudine
852 496 988 570 fuerint
1000 496 1205 592 aggravati,
1227 507 1268 572 ut
1284 497 1376 595 qnod
1390 497 1494 595 paulo
1511 507 1597 572 ante

377 612 567 710 poscebant
584 621 619 686 et
636 611 703 684 snb
719 610 916 707 praesentia,
934 611 1139 706 significare
1156 635 1227 684 non
1244 611 1377 699 valent,
1391 611 1597 685 testimonia

375 724 689 800 circumstantium
708 724 866 797 fidelium
884 723 958 796 illis
972 725 1133 820 prodesse
1147 725 1286 812 debent,
1303 725 1409 798 simul
1423 735 1544 802 tamen
1561 737 1598 800 et

377 838 675 922 reconciliationis
688 837 900 912 beneficium
919 848 1191 934 consequantur.

652 1027 701 1076 Ex
719 1023 859 1076 decretis
878 1025 940 1074 PP.
962 1024 1138 1076 Innocentii
1156 1035 1229 1088 cap.
1248 1025 1319 1076 VH.

375 1221 379 1228 -
464 1180 515 1250 De
528 1177 771 1276 penitentibus
784 1186 905 1251 autem
918 1177 977 1273 qni
992 1177 1068 1250 sive
1082 1202 1128 1251 ex
1141 1176 1370 1272 gravioribus
1383 1175 1595 1263 commissis,

374 1289 451 1362 sive
464 1314 508 1362 ex
520 1289 713 1364 levioribus
726 1289 968 1388 paenitentiam
982 1289 1166 1384 gamotei
1180 1288 1280 1360 nulla
1293 1289 1489 1364 intervenit
1501 1289 1597 1382 egri·

374 1403 459 1476 tudo
475 1407 520 1478 V.
538 1403 627 1478 feria
643 1411 727 1476 ante
752 1426 858 1498 pasca
884 1402 936 1475 eis
961 1402 1232 1487 remittendum·
1252 1405 1408 1475 Romane
1434 1400 1595 1474 aecclesie

373 1517 590 1590 consuetudo
602 1516 829 1590 demonstrat.
842 1516 1010 1590 Ceterum
1024 1514 1065 1586 de
1081 1514 1231 1610 pondere
1243 1513 1439 1588 estimando
1452 1512 1595 1586 delicto·

375 1651 467 1715 rum,
479 1628 671 1702 sacerdotis
684 1637 739 1701 est
752 1627 920 1716 iudicare,
934 1636 976 1700 nt
987 1627 1147 1702 attendat
1160 1627 1204 1700 ad
1218 1627 1473 1700 confessionem
1488 1625 1596 1721 paeni·

372 1739 494 1826 tentis,
508 1740 595 1814 etad
607 1739 713 1814 fletus
726 1751 832 1836 atque
846 1739 1013 1812 lacrimas
1027 1739 1242 1834 corrigentis
1254 1763 1297 1812 ac
1307 1748 1393 1812 tune
1403 1737 1525 1810 iubere
1538 1737 1595 1810 de·

374 1853 480 1940 mitti,
504 1879 586 1928 cum
605 1853 737 1928 viderit
761 1877 960 1949 congruam
979 1852 1269 1926 satisfactionem.
1287 1856 1379 1925 Sane
1398 1850 1427 1923 si
1453 1851 1534 1946 quis
1555 1851 1594 1921 in

373 1964 614 2059 egritudinem
633 1965 811 2052 inciderit,
828 1983 936 2062 atque
953 1965 1127 2061 usquead
1149 1964 1428 2062 desperationem
1446 1963 1595 2038 devene-

373 2079 432 2167 rit,
448 2079 479 2153 ei
497 2089 552 2154 est
573 2089 656 2154 ante
673 2087 814 2177 tempus
831 2079 971 2178 paschae
989 2077 1233 2165 relaxandum,
1250 2101 1296 2152 ne
1313 2077 1356 2150 de
1381 2075 1447 2150 hoe
1472 2077 1595 2150 seculo

371 2192 505 2290 absque
521 2193 768 2267 communione
786 2192 953 2268 discedat.
1010 2207 1012 2212 ·

741 2381 790 2430 Ex
809 2377 943 2430 concilio
962 2378 1009 2427 111
1029 2376 1142 2429 Felicis
1161 2377 1223 2428 PP.

466 2531 713 2605 Crrmraudum
727 2555 812 2605 vero
827 2529 989 2618 maxime,
1006 2539 1041 2602 et
1058 2528 1155 2602 omni
1173 2527 1313 2602 cautela
1327 2535 1381 2601 est
1405 2527 1592 2624 previden-

370 2642 454 2715 dnm
468 2667 513 2717 ne
527 2643 606 2740 quis
619 2644 772 2718 fratrum
786 2643 1068 2740 coepiscoporum
1084 2651 1295 2726 nostrorum,
1312 2638 1497 2712 autetiam
1516 2663 1593 2735 pre-

371 2754 583 2828 sbiterorum
598 2755 634 2827 in
650 2755 799 2829 alterius
812 2754 971 2841 civitate,
989 2752 1046 2828 vel
1060 2753 1190 2826 diocesi
1208 2753 1438 2850 penitentem,
1451 2751 1508 2825 vel
1525 2752 1593 2824 sub

370 2893 478 2941 manu
489 2869 606 2965 positu
620 2868 823 2956 sacerdotis,
836 2877 899 2941 aut
912 2893 994 2941 eum
1008 2867 1069 2962 qui
1085 2865 1353 2940 reconciliatum
1363 2889 1440 2938 asse
1450 2865 1592 2950 dixerit,

369 2981 447 3054 sine
465 2980 616 3077 episcopi
635 2981 694 3055 vel
711 2980 896 3077 presbiteri
915 2979 1116 3054 testimonio
1134 2989 1170 3052 et
1187 2978 1317 3052 litteris
1333 2989 1397 3052 aut
1418 2979 1456 3050 in
1475 3002 1592 3074 parre

369 3091 451 3168 chia
469 3092 652 3189 presbiter,
667 3103 731 3166 aut
747 3093 784 3166 in
802 3092 949 3167 civitate
962 3091 1146 3188 episcopus
1160 3091 1342 3187 suscipiat.
1355 3091 1456 3177 Quod
1469 3091 1589 3188 aliqua

368 3205 618 3280 desimultione
634 3205 815 3300 eglectum
834 3205 923 3302 (sir),
943 3204 1084 3300 culpam
1110 3205 1231 3299 tangit
1248 3205 1355 3278 etiam
1374 3203 1587 3278 elericorum

368 3315 431 3414 qni
456 3315 543 3390 lo'cis
568 3315 605 3388 in
631 3315 760 3412 quibus
784 3315 851 3390 boc
876 3317 1076 3390 curandum
1105 3316 1216 3389 suerit
1241 3326 1517 3390 commorentur.
1542 3319 1590 3390 Et

367 3427 474 3526 paulo
490 3437 576 3525 post.
593 3428 697 3504 Sicut
709 3429 792 3503 novi
805 3427 945 3525 aliquid
959 3438 994 3502 et
1007 3429 1098 3526 qnod
1112 3429 1291 3524 praeterire
1306 3453 1374 3502 non
1388 3429 1503 3524 potuit
1515 3428 1591 3504 fue-

368 3540 417 3614 rit
435 3539 645 3628 revelatum
663 3541 860 3616 secundum
877 3541 1023 3615 beatum
1041 3539 1194 3614 Paulum
1222 3540 1431 3640 apostolum,
1448 3551 1590 3615 tacente

367 3653 482 3748 priore
500 3651 649 3728 fidenter
666 3651 837 3740 insinuet,
853 3653 938 3750 quia
956 3653 1112 3750 Spiritus
1129 3664 1277 3728 sanetus
1295 3654 1357 3727 nbi
1371 3653 1452 3728 vult
1465 3653 1589 3750 spirat,

368 3765 522 3842 maxime
539 3789 626 3848 cum⁴
640 3791 748 3840 causa
762 3790 827 3838 sua
840 3775 1025 3841 tractetur.
1042 3769 1118 3841 Nec
1131 3789 1195 3840 nos
1212 3766 1349 3865 pigebit
1365 3767 1488 3839 audire
1505 3765 1589 3838 etsi

368 3897 438 3972 qua
455 3887 540 3950 sunt
553 3877 683 3950 omissa
696 3900 765 3951 non
783 3886 994 3972 arroganter
1006 3877 1173 3966 abnuere,
1187 3879 1247 3954 sed
1262 3878 1519 3953 rationabiliter
1537 3902 1589 3951 or·

368 3987 504 4063 dinero.

745 4089 793 4139 Ex
813 4101 855 4140 cr.
875 4089 937 4140 PP.
959 4089 1065 4142 Stricti·
1079 4101 1150 4156 cap.
1171 4091 1209 4140 V.

376 4273 378 4277 -
462 4222 513 4295 De
530 4219 586 4292 bis
603 4243 687 4296 vero
705 4244 774 4294 non
797 4220 1007 4316 incongrue,
1023 4222 1166 4298 dilectio
1190 4231 1254 4296 tua
1279 4221 1508 4321 apostolicam
1535 4246 1588 4296 se-

365 4335 445 4409 dem
473 4335 623 4410 credidit
640 4336 893 4410 consulendam
913 4335 975 4432 qui
995 4345 1137 4430 peraeto
1155 4336 1374 4431 paenitentia,
1398 4344 1585 4432 tamqnam

364 4471 523 4523 cenasse
536 4471 618 4522 sues
631 4449 675 4521 ad
690 4447 846 4522 vomitus
860 4447 1026 4542 pristinos
1039 4459 1075 4522 et
1088 4448 1132 4522 ad
1148 4449 1332 4524 volutabra
1351 4449 1539 4524 redeuntes
1551 4460 1588 4523 et
