3638 5294
736 413 935 477 -463-

223 539 444 626 congruente
471 531 609 629 refugit
638 531 792 608 ultiones
821 559 989 633 quaerere,
1014 547 1134 614 tamen
1165 537 1444 616 christianorum
1535 575 1540 585 ·

223 645 425 743 principum
442 646 758 721 constitutionibus
778 648 982 725 adiuvatur.
999 653 1096 727 Hinc
1112 653 1284 732 Nicolaus
1302 655 1447 728 Primus

223 761 328 858 Papa.
348 760 479 834 Sancta
502 759 664 834 ecelesia
690 763 883 837 mundanis
908 764 1050 861 legibus
1076 790 1144 840 non
1171 767 1446 864 constringitur,

222 871 387 968 gladium
404 897 476 948 nou
499 871 609 950 habet
632 873 703 950 nisi
725 875 958 974 spiritualem.
975 876 1071 954 Hinc
1088 878 1265 956 Iohannes
1283 883 1379 978 Papa
1400 879 1444 956 ed

222 985 488 1084 Andelbergam
503 988 768 1088 imperatricem
782 990 1129 1069 excusatIohannem
1139 992 1351 1091 Episcopum
1361 999 1446 1070 Are·
1466 1031 1469 1038 ·

219 1097 336 1174 tinum
346 1099 391 1176 de
403 1100 532 1176 militia
545 1101 678 1179 dicens.
687 1103 851 1180 Nimium
864 1113 1020 1195 veretur,
1030 1115 1066 1180 et
1075 1115 1172 1182 certe
1184 1105 1262 1183 iure
1275 1107 1453 1210 formidat

219 1223 343 1288 contra
367 1215 617 1312 professionem
632 1217 689 1291 sui
702 1217 836 1292 ordinis
853 1217 1061 1294 saecularem
1084 1219 1252 1296 militiam
1271 1245 1446 1298 exercere.

217 1327 264 1400 Et
280 1325 384 1403 infra.
400 1331 570 1404 Tractare
583 1329 626 1404 de
638 1330 759 1420 armis
772 1341 808 1408 et
820 1341 954 1405 terram
971 1331 1159 1406 defendere
1173 1331 1316 1430 praeIIis,
1329 1341 1440 1408 terre·

220 1466 278 1515 nae
293 1451 347 1516 est
364 1443 559 1540 potestatis,
576 1443 636 1526 cui
653 1467 724 1518 non
742 1443 874 1519 restitit
892 1443 1070 1534 Christus
1083 1469 1150 1520 nec
1163 1443 1303 1519 militiae
1316 1449 1441 1520 Rema-

210 1577 275 1628 -nae
296 1553 393 1650 regis
412 1554 508 1629 filius
524 1555 662 1630 tributa
679 1556 838 1651 negavit.
856 1557 925 1643 Qui
943 1556 1075 1631 militat
1093 1561 1176 1648 Deo,
1192 1581 1263 1632 non
1281 1557 1444 1658 implicat

219 1692 256 1742 se
279 1669 435 1766 nogotiis
452 1670 695 1746 sacularibus.
712 1671 815 1746 Unde
833 1669 1043 1746 Ambrosius
1060 1671 1098 1746 in
1124 1670 1444 1753 libroofficiorum.

217 1783 417 1858 Sacerdotis
430 1785 488 1860 vel
503 1783 658 1859 ministri
675 1785 723 1860 sit
739 1785 913 1882 prodesse,
926 1785 957 1858 si
971 1785 1047 1859 fieri
1066 1793 1180 1882 potest
1192 1785 1368 1874 omnibus,
1386 1785 1443 1860 oo

217 1917 295 1968 esse
312 1895 457 1970 nemini.
475 1896 635 1994 Denique
661 1896 691 1970 si
718 1920 786 1970 uon
805 1906 918 1994 potest
935 1897 1118 1978 subveniri
1136 1897 1242 1972 alteri
1259 1897 1331 1972 nisi
1348 1897 1441 1972 alter

217 2003 379 2096 laedatur,
404 2009 622 2083 commodius
643 2019 698 2084 est
721 2017 891 2084 neutrum
912 2007 1033 2080 iuvari
1050 2031 1156 2106 quam
1183 2009 1339 2104 grauari,
1356 2008 1444 2084 alte-

215 2119 466 2218 rumldecque
476 2119 643 2197 incensis
657 2121 874 2218 pecuniariis
886 2123 1117 2212 intervenire,
1130 2145 1201 2210 non
1214 2131 1269 2196 est
1282 2123 1442 2196 sacerdo·

214 2229 349 2319 tale-in
365 2233 496 2330 quibus
513 2257 582 2308 non
601 2245 715 2331 petest
732 2235 808 2309 fieri
827 2236 993 2331 quoniam
1012 2236 1217 2334 frequenter
1234 2235 1325 2311 alter
1348 2235 1442 2310 leda·

218 2351 278 2416 tur
294 2344 356 2442 qui
374 2345 545 2436 vincitur,
563 2360 667 2445 quam
686 2347 931 2422 intercessoris
949 2347 1119 2424 beneficio
1133 2373 1170 2423 se
1187 2348 1324 2422 victum
1350 2348 1443 2422 arbi-

217 2465 345 2531 tratur.
363 2460 564 2534 Sacerdotis
581 2470 637 2534 est
653 2461 769 2556 igitur
786 2459 878 2533 nulli
897 2484 1033 2549 nocere,
1047 2459 1210 2559 prodesse
1223 2461 1317 2536 uelle
1331 2462 1442 2536 omni-

209 2567 291 2658 bus,
303 2595 409 2670 posse
426 2582 544 2648 autem
565 2573 675 2656 solius
693 2584 747 2650 est
765 2575 841 2648 Dei.
857 2576 951 2648 Nem
969 2574 1006 2646 in
1025 2573 1288 2672 causacapitis
1312 2597 1440 2649 nocere

212 2682 245 2756 ci
263 2707 370 2780 quem
387 2685 513 2760 iuvare
531 2687 703 2762 debueras
720 2685 992 2786 periclitantem,
1018 2710 1088 2761 nen
1114 2687 1191 2762 siue
1217 2697 1361 2785 peccato
1385 2697 1441 2774 est

213 2797 330 2891 gravi.
348 2801 388 2871 In
407 2825 515 2896 causa
533 2811 654 2875 autem
672 2800 832 2898 pecunia
848 2799 1115 2898 odiaquae'rcre,
1131 2800 1348 2898 insipientiae
1374 2809 1439 2891 est,

214 2934 298 2987 oum
316 2935 377 3008 pro
394 2911 510 2988 saluts
527 2913 682 2987 hominis
699 2937 832 3010 graves
850 2913 1056 3010 frequenter
1080 2914 1170 3000 fiant
1195 2913 1374 3002 molestiae,
1399 2913 1438 2985 in

210 3023 404 3119 quostiam
423 3024 618 3121 periclitari
637 3026 685 3100 sit
701 3025 909 3120 gloriosum.
927 3025 1110 3125 Proposita
1129 3025 1244 3120 igitur
1269 3027 1382 3100 forma
1400 3025 1438 3097 in

211 3136 404 3211 sacerdotis
429 3136 543 3212 officio
568 3147 743 3236 tencatur,
769 3147 811 3213 ut
836 3138 927 3212 nulli
946 3138 1054 3214 liceat
1079 3163 1124 3214 ne
1148 3127 1337 3214 lacessitus
1360 3137 1438 3235 qui-

210 3247 288 3324 dem
307 3260 343 3324 et
359 3249 479 3348 aliqua
495 3251 650 3326 offensus
666 3253 810 3326 iniuria.
828 3253 924 3326 Idem
941 3251 1151 3326 Ambrosius
1164 3251 1200 3324 in
1215 3251 1345 3326 eodem.
1359 3251 1438 3325 Bel-

208 3358 401 3436 licosarum
420 3387 537 3438 rerum
556 3363 715 3440 studium
729 3389 750 3436 a
763 3373 883 3438 nostre
895 3363 1009 3438 officio
1022 3363 1092 3449 iam
1106 3362 1265 3437 alienum
1278 3362 1432 3451 videtur,

207 3473 292 3568 quie
309 3475 421 3548 animi
445 3477 563 3572 magis
588 3501 693 3574 quam
721 3475 878 3574 corporis
903 3475 1017 3549 officie
1046 3474 1368 3562 intendimusnec
1392 3476 1437 3549 ad

207 3611 308 3660 arma
325 3588 395 3661 iam
414 3599 552 3686 spectat
570 3615 657 3664 usus
674 3601 793 3664 noster
815 3589 877 3663 sed
901 3588 946 3662 ad
971 3586 1070 3684 pacis
1095 3587 1249 3683 negotia.
1273 3589 1371 3662 Idem
1396 3588 1435 3662 in

211 3703 298 3775 1111⁰
316 3701 406 3776 libro
424 3702 630 3783 officiorum.
647 3704 726 3786 Non
745 3702 888 3784 videtur
905 3701 995 3798 quod
1009 3701 1068 3772 uir
1080 3699 1302 3775 christianus
1318 3700 1436 3774 iustus

206 3821 247 3886 e't
263 3813 405 3910 sapiens
424 3813 667 3912 quaereresibi
685 3815 798 3888 vitam
816 3812 934 3888 aliena
951 3823 1064 3888 morte
1081 3812 1216 3903 debeat,
1229 3824 1269 3890 ut
1282 3824 1360 3910 pote
1373 3813 1436 3911 qui

206 3923 313 4002 etiam
327 3925 357 4000 si
370 3937 549 4002 armatum
568 3927 742 4002 latronem
756 3925 903 4018 incidat,
915 3925 1102 4002 ferientem
1116 3925 1262 4001 referire
1275 3917 1344 4000 non
1359 3949 1435 4023 pos

207 4039 327 4124 sitne
345 4039 429 4113 dum
449 4040 602 4115 salutem
620 4039 789 4128 defendit,
807 4037 974 4135 pictatem
993 4037 1220 4113 contaminet.
1238 4037 1376 4134 Deque
1396 4037 1434 4110 in

206 4153 399 4246 Evangelii
416 4152 529 4242 libris,
546 4163 668 4253 aperte
682 4163 718 4228 et
730 4153 878 4228 evidens
895 4150 1073 4226 sententia
1090 4165 1153 4226 est.
1171 4151 1332 4226 Reconde
1357 4151 1434 4246 gla-

205 4263 304 4338 dium
322 4275 438 4339 tuum.
456 4265 581 4339 Omnis
599 4265 694 4339 enim
713 4266 782 4362 qui
801 4263 922 4360 gladic
946 4265 1173 4360 percusserit,
1198 4263 1319 4360 gladio
1344 4264 1436 4362 pcri·

205 4385 333 4454 metor.
351 4377 441 4465 Quis
460 4376 552 4451 latro
569 4377 821 4466 detestabilior,
839 4401 948 4474 quern
968 4388 1172 4475 persecutor
1197 4377 1258 4475 qui
1284 4387 1434 4452 venerat

204 4496 245 4560 ut
262 4485 449 4562 Christum
467 4487 671 4564 occideret?
689 4489 758 4564 Sed
775 4489 892 4564 noluit
908 4515 946 4564 se
972 4489 1139 4566 Christus
1163 4501 1431 4590 persecutorum
