3638 5294
898 385 1095 447 -504-

382 502 479 576 infra
495 503 691 577 terminum
710 527 815 600 quem
833 503 926 577 idem
945 503 1088 599 legatus
1104 502 1332 578 constituerit
1353 502 1453 589 mihi,
1478 528 1607 578 raven-

382 625 527 688 nantem
548 614 892 714 archiepiscopatum
913 618 1009 690 omni
1027 618 1167 693 sublata
1192 617 1386 704 occasione,
1403 616 1461 690 vel
1480 617 1606 690 fraude

383 728 571 802 dimittam.
589 732 635 801 Et
652 753 734 802 cum
749 729 840 802 bona
855 729 920 803 lide
934 731 1091 822 studebo,
1104 744 1281 830 quatenus
1298 731 1459 807 aeoclesia
1472 731 1534 803 illa
1553 757 1607 805 se-

305 894 309 900 ·
384 842 543 916 cundum
569 843 682 914 Deum
701 841 894 932 ordinetur,
911 842 1024 916 nichil
1042 844 1204 920 lecturus
1221 845 1299 942 (sio)
1318 869 1374 918 me
1391 843 1526 918 sciente
1543 868 1606 941 per

382 977 439 1026 me
456 964 520 1027 aut
537 978 598 1051 per
614 953 771 1050 aliquam
789 977 974 1054 personam
992 983 1013 1030 a
1030 983 1087 1032 me
1109 958 1351 1046 summissam,
1368 958 1463 1032 unde
1479 958 1602 1032 cadem

387 1065 560 1156 ccclesia,
577 1065 636 1140 vel
655 1065 775 1142 clerici
789 1067 866 1142 eius
884 1092 960 1143 meo
978 1071 1095 1145 studio
1115 1071 1175 1146 vel
1199 1070 1371 1158 amolitis,
1387 1070 1529 1158 lesione,
1547 1068 1606 1144 vel

382 1179 636 1255 detrimentum
653 1181 844 1280 accipiant,
865 1206 981 1280 neque
1001 1183 1119 1280 aliquo
1138 1183 1320 1258 inveniam
1338 1182 1466 1271 studio,
1484 1193 1526 1258 ut
1541 1186 1609 1258 Ro·

386 1315 491 1366 mano
508 1291 627 1388 legato
645 1291 843 1366 resistatur.
861 1293 899 1366 Si
916 1319 972 1369 me
991 1297 1097 1369 Deus.

410 1447 630 1512 loramentum
649 1447 717 1499 eius
737 1448 795 1514 qui
813 1447 895 1500 dicit
915 1462 951 1501 se
971 1453 1034 1500 non
1053 1449 1201 1512 pot-usse
1219 1449 1329 1501 venire
1348 1447 1393 1500 ad
1411 1447 1580 1514 synodum.

685 1529 734 1578 Ex
753 1529 781 1579 V
800 1526 882 1579 llbro
902 1528 1051 1581 eiusdem
1070 1541 1142 1593 cap.
1162 1531 1263 1579 XVII.

478 1642 557 1734 Ego
573 1641 757 1713 Monaeses
775 1640 960 1716 Remensis
973 1641 1259 1740 archiepiscopus
1277 1664 1339 1738 pro
1351 1639 1515 1738 superbia
1533 1664 1604 1715 non

379 1751 513 1840 dimisi,
526 1751 618 1850 quod
631 1776 701 1827 non
714 1754 851 1828 veniad
861 1755 1037 1852 synodum
1050 1755 1430 1848 Augustudunensem,
1442 1753 1604 1851 adquam

388 1892 444 1941 me
462 1866 606 1942 vocavit
623 1867 766 1963 legatus
784 1869 901 1944 domni
922 1873 1026 1965 Papae
1044 1865 1092 1940 ill.
1110 1870 1234 1964 Itaque
1256 1867 1287 1940 si
1304 1877 1453 1940 vocatus
1481 1866 1608 1952 nuntio

382 1979 442 2054 vel
460 1979 591 2054 litteris
612 1981 800 2077 apostolice
819 1982 911 2057 sedis
930 1979 1158 2068 lueremus
1180 1980 1271 2053 malo
1288 1979 1435 2074 ingenio
1452 1988 1488 2053 et
1506 1977 1608 2051 nulla

381 2093 507 2169 fraude
529 2118 584 2169 me
601 2095 819 2168 subtraham.
838 2096 907 2170 Sed
920 2094 1070 2170 veniens
1083 2092 1286 2167 diffinitioni
1301 2107 1336 2167 et
1350 2093 1483 2168 iudicio
1499 2091 1607 2166 huius

382 2205 543 2279 aecclesie
560 2205 712 2280 fideliter
729 2207 899 2282 obediam.
917 2207 1016 2294 Quod
1039 2206 1070 2278 si
1096 2205 1236 2278 domino
1253 2209 1358 2303 Papae
1375 2205 1426 2278 ill.
1451 2203 1509 2279 vel
1526 2230 1607 2278 suc-

381 2317 513 2393 cessori
531 2342 595 2393 suo
612 2319 788 2417 placuerit
814 2345 870 2395 me
896 2321 938 2394 de
964 2317 1112 2394 obiectis
1137 2327 1220 2393 ante
1238 2313 1399 2414 legatum
1425 2343 1530 2391 suum
1558 2342 1609 2391 re·

383 2431 568 2529 spondere,
581 2432 674 2507 idem
689 2457 750 2530 per
761 2434 879 2508 omnia
893 2434 1035 2508 faciem.
1045 2431 1243 2506 Thesauros
1257 2455 1341 2507 vero
1354 2443 1609 2507 eternamenta

380 2557 416 2620 et
429 2545 549 2642 predia
558 2547 743 2620 Remensis
752 2546 922 2622 aecclesiae
935 2545 1024 2620 mihi
1038 2545 1247 2634 commissa,
1256 2547 1301 2618 ad
1313 2546 1479 2620 honorem
1490 2545 1605 2644 ipsius

380 2657 541 2734 ecclesiae
558 2659 708 2733 fideliter
720 2660 891 2748 tractabo,
903 2670 938 2735 et
950 2661 995 2733 ad
1010 2658 1245 2734 resistendum
1264 2660 1406 2734 iusticie
1419 2683 1461 2734 ea
1478 2683 1549 2732 non
1566 2685 1604 2731 a·

379 2770 528 2860 limabo,
551 2795 665 2869 neque
682 2771 801 2870 aliquo
818 2773 936 2847 studio
949 2773 1116 2846 inveniar
1130 2783 1171 2846 ut
1185 2776 1350 2846 Romanae
1365 2772 1536 2868 legationi
1551 2799 1604 2847 ro-

381 2884 541 2960 sistatur.
559 2885 597 2960 Si
616 2909 672 2959 me
691 2887 797 2959 Deus.

393 3056 613 3107 loramentum
633 3053 762 3106 comitis
780 3054 964 3119 prouinciae.
985 3057 1034 3107 Ex
1059 3055 1135 3106 VIII
1155 3053 1212 3107 llb.
1229 3053 1377 3106 eiusdem
1389 3065 1461 3117 cap.
1476 3055 1591 3104 XXVI.

477 3219 555 3312 Ego
571 3215 804 3290 Beriramnus
817 3215 882 3290 Dei
907 3217 1026 3310 gratia
1037 3223 1163 3290 'comes
1181 3213 1374 3312 provinciae
1390 3215 1434 3289 ab
1460 3240 1503 3289 ac
1520 3214 1607 3288 hora

380 3327 561 3426 deinceps,
578 3327 692 3402 fidelis
705 3351 764 3402 ero
777 3337 899 3402 sancto
909 3332 1013 3404 Petro
1026 3338 1062 3404 et
1075 3329 1139 3402 tibi
1154 3329 1293 3402 domino
1308 3352 1384 3404 meo
1397 3333 1502 3428 Paper
1522 3332 1608 3404 Gre-

379 3441 480 3538 gorio
493 3451 529 3515 et
541 3449 675 3514 sanctae
687 3443 854 3516 Romame
867 3443 1036 3518 aecclesiae
1046 3452 1081 3517 et
1095 3444 1237 3517 cunctis
1257 3443 1521 3518 successoribus
1533 3443 1608 3517 tuis

380 3554 442 3652 qui
460 3579 522 3652 per
547 3553 709 3630 meliores
730 3553 930 3629 cardinales
955 3555 1183 3631 intraverint.
1209 3559 1251 3630 Iu
1276 3556 1376 3630 nullo
1402 3567 1520 3631 uestro
1546 3557 1604 3630 da·

382 3691 475 3758 mno,
492 3667 550 3742 vel
569 3677 692 3742 sancte
713 3670 879 3742 Romanae
896 3671 1066 3745 aecclesiae
1088 3695 1143 3744 me
1165 3669 1299 3746 sciente
1316 3670 1546 3745 consentiam.
1565 3671 1603 3744 Si

380 3806 437 3856 me
451 3784 555 3856 Deus.
570 3777 735 3854 Preterec
749 3781 988 3877 promissione
1005 3793 1231 3882 peccatorum
1251 3807 1408 3859 meorum
1427 3795 1462 3859 et
1479 3809 1605 3882 paren-

382 3895 473 3970 tium
501 3917 659 3968 meorum
685 3894 801 3983 offero,
819 3895 980 3984 concedo,
1006 3897 1095 3971 dono
1116 3920 1256 3973 omnem
1279 3898 1446 3973 honorem
1473 3923 1604 3988 meum,

379 4016 554 4107 quantum
579 4007 697 4082 adme
718 4007 796 4082 iure
815 4018 1000 4105 parentum
1022 4035 1180 4086 meorum
1200 4012 1352 4106 pertinet
1369 4011 1604 4108 omnipotenti

378 4123 461 4208 Deo,
474 4129 510 4194 et
524 4119 699 4218 Apostolis
713 4120 790 4194 eius
809 4124 913 4194 Petro
926 4131 961 4195 et
975 4122 1096 4210 Paulo,
1113 4133 1149 4197 et
1162 4123 1302 4196 domino
1317 4145 1393 4197 meo
1411 4126 1481 4196 VII
1496 4125 1602 4219 Papae

380 4235 553 4329 Gregorio
574 4242 609 4307 et
635 4233 815 4332 prephatis
834 4237 1099 4310 successoribus
1121 4239 1210 4324 eius,
1231 4237 1280 4310 its
1299 4246 1339 4311 ut
1356 4237 1531 4334 quidquid
1551 4237 1605 4311 eis

378 4347 565 4444 placuerit,
579 4347 744 4444 deinceps
761 4347 803 4422 de
818 4373 873 4423 me
891 4358 926 4423 ct
943 4349 985 4424 do
1003 4360 1074 4424 toto
1092 4350 1222 4426 honoro
1240 4373 1317 4424 meo
1335 4350 1412 4424 sine
1429 4349 1504 4422 ulla
1522 4373 1603 4424 con·

379 4459 591 4549 tradictioue
618 4461 762 4540 faciant.
781 4462 977 4541 AEcclesias
994 4472 1113 4541 autem
1129 4488 1251 4541 omnes
1268 4487 1347 4564 quea
1364 4462 1402 4535 in
1418 4487 1496 4538 mea
1514 4472 1607 4562 poto·
