3638 5294
710 456 751 472 -
774 420 841 486 465
867 455 907 477 .-

590 683 594 692 ,
708 576 915 660 ouxuur.

482 750 532 802 Ex
550 749 634 804 libre
653 752 731 804 ritas
751 752 900 806 rohaunis
920 753 1139 808 muscetomi.

294 884 529 982 Beatissimus
545 885 776 964 Innocentius
795 890 889 985 Papa
906 891 1087 964 Romanus
1103 888 1253 964 audiens
1273 889 1418 965 beatum

198 995 480 1073 Chrisostomum
497 1009 599 1076 tanta
618 1025 661 1076 ac
680 1000 765 1076 talia
783 1000 877 1078 mala
897 1001 1087 1100 pertulisse
1099 1003 1143 1078 ab
1156 1003 1314 1079 inimicis
1331 1003 1418 1090 suis,

198 1108 304 1184 valde
321 1112 554 1187 contristatus
571 1123 636 1202 est,
654 1123 689 1190 et
706 1123 881 1211 quantum
907 1113 1011 1189 licuit
1028 1115 1061 1190 ei
1082 1115 1264 1192 canonicis
1288 1115 1420 1193 ictibus

199 1221 423 1297 incuriosum
442 1225 690 1322 imperatorem
709 1250 791 1300 curn
805 1227 959 1324 pessima
972 1227 1210 1326 imperatrice,
1223 1239 1259 1305 et
1271 1241 1419 1306 cunctos

199 1337 411 1434 superstites
428 1338 648 1413 adversarios
666 1338 824 1414 eiusdem
841 1339 936 1414 beati
961 1340 1131 1415 Iohannis
1156 1341 1347 1418 durissime
1372 1342 1390 1416 f
1407 1384 1418 1398 ·

201 1448 276 1540 riit,
292 1450 358 1525 hoo
375 1461 430 1526 est
446 1453 773 1528 excommunicavit
796 1451 980 1541 acerrime,
997 1453 1189 1552 apostolica
1208 1454 1421 1530 auctoritate

198 1562 293 1638 beati
312 1563 409 1638 Petri
427 1588 491 1660 per
508 1565 666 1662 proprias
683 1565 810 1640 iubens
827 1565 993 1662 epistolas
1010 1567 1197 1664 segregari
1216 1590 1274 1643 eos
1291 1593 1313 1640 a
1334 1593 1421 1644 cun-

198 1675 269 1749 ctis
286 1676 490 1752 celestibus
507 1679 754 1754 sacramentis.
771 1678 950 1765 Quosdam
968 1703 1012 1753 ex
1028 1680 1115 1778 ipsis
1133 1705 1178 1758 ex
1201 1681 1268 1756 hoc
1285 1680 1424 1755 satisfa-

196 1789 337 1864 cientes
354 1799 433 1888 post
450 1789 705 1880 reconciliavit,
718 1801 754 1867 et
767 1801 808 1866 ut
820 1790 1082 1867 describeretur
1098 1817 1142 1868 ac
1156 1793 1370 1868 recitaretur
1383 1792 1422 1865 in
1461 1835 1465 1842 ·

200 1901 421 1977 orationibus
438 1927 564 1978 nomen
583 1905 699 1979 sancti
710 1903 884 1978 'Iohannis
909 1928 993 1978 cunr
1019 1905 1224 1980 nominibus
1248 1905 1423 2003 episcope

199 2015 394 2090 rumsedis
410 2041 486 2090 suoe
504 2016 699 2107 mandavit,
716 2027 824 2114 atque
844 2015 888 2090 ad
905 2017 1053 2092 eandem
1072 2017 1192 2093 sedem
1213 2018 1303 2092 satis
1320 2041 1419 2092 reve·

200 2130 352 2204 rendum
371 2153 498 2227 corpus
515 2129 594 2205 eius
611 2155 694 2206 cum
712 2129 839 2206 timore
859 2154 991 2227 magno
1015 2142 1052 2206 et
1076 2131 1208 2207 honore
1234 2129 1347 2206 multo
1371 2155 1424 2206 re-

200 2242 322 2318 vocari
342 2243 518 2342 praeoepit

593 2514 594 2518 Ν
680 2435 695 2468 ·
729 2427 898 2512 CXXXV.

329 2629 378 2681 Ex
396 2629 521 2695 ystoria
538 2629 703 2706 Anastcsti
719 2629 958 2682 bliviothecarii
974 2629 1130 2682 Romanae
1148 2628 1302 2682 Eccleste.

302 2808 426 2882 Mundi
456 2831 550 2882 anno
581 2797 835 2886 Voooonvt
865 2806 1007 2880 Divinae
1039 2807 1301 2882 Inoarnationis
1330 2829 1424 2880 anno

202 2917 377 2994 CCCLVI
394 2920 575 2996 orthodoxi
591 2931 821 2996 accesserunt
837 2919 882 2994 ad
900 2919 1196 2994 Valentinianum
1221 2945 1284 3018 per
1302 2923 1424 3018 Hypa-

194 3031 294 3112 tium
320 3033 524 3130 episcopum
549 3033 737 3122 Heracliae,
763 3035 993 3130 deprecantes
1019 3057 1105 3132 quos
1123 3033 1201 3108 fieri
1226 3043 1425 3108 conventus

195 3147 421 3244 praeciperet,
438 3172 544 3244 super
562 3147 778 3235 correctione
796 3148 973 3242 dogmatis
990 3148 1156 3223 omousio.
1176 3147 1231 3221 Ad
1249 3171 1336 3245 quos
1354 3151 1426 3220 Va-

193 3259 434 3349 lentinianus
461 3261 549 3334 mihi
575 3261 693 3358 inquit
714 3281 802 3335 'oum
829 3259 989 3334 subiecto
1005 3260 1143 3357 populo,
1160 3259 1202 3334 de
1219 3259 1439 3350 huiusmodi,

202 3374 358 3468 negotiis
375 3374 514 3449 curiose
530 3397 639 3468 agere
656 3373 710 3447 fas
727 3397 797 3447 non
814 3381 878 3446 est.
897 3375 946 3446 Ut
971 3393 1057 3466 ergo
1082 3372 1225 3446 videtur·
1249 3370 1350 3446 vobis
1372 3395 1426 3443 sa·

203 3486 404 3560 cerdotibus
418 3486 535 3560 facite.
545 3484 807 3560 Convenientes
819 3484 913 3581 apud
928 3487 1137 3581 Lamecum,
1150 3493 1187 3559 et
1199 3483 1336 3559 duobus
1348 3483 1425 3558 illic

203 3599 386 3674 mensibus
402 3599 610 3675 commorati
628 3597 822 3673 novissime
839 3597 942 3672 irrita
959 3597 1088 3687 facere,
1105 3619 1185 3694 quae
1201 3596 1247 3672 ab
1259 3596 1426 3686 Eudoxio,

195 3712 369 3788 Zachatio
387 3710 730 3809 Constantinopolim
751 3719 838 3786 sunt
863 3718 1013 3807 patrata,
1037 3710 1299 3808 tenendamque
1320 3709 1425 3798 fidem

203 3825 299 3922 apud
326 3823 525 3900 Seleuciam
552 3824 748 3924 expositam
766 3824 1013 3898 decreverunt.
1038 3821 1108 3896 Sed
1129 3821 1262 3918 impius
1281 3821 1428 3911 Valens,

204 3961 283 4034 quae
296 3939 390 4037 apud
404 3942 601 4035 Lapsacum
615 3945 719 4032 gesta
732 3945 819 4010 sunt
832 3933 1019 4022 destruxit,
1031 3943 1067 4008 et
1079 3933 1271 4033 Episcopus
1284 3933 1344 4031 qui
1360 3931 1429 4006 ibi·

101 4125 102 4128 ,
204 4050 283 4125 dem
301 4059 542 4126 convenerant
559 4049 664 4124 exilio
681 4049 862 4145 religavit.
888 4051 1029 4122 interea
1054 4047 1215 4122 Liberius
1243 4050 1339 4144 Papa
1364 4051 1429 4121 Ro-

163 4235 168 4243 .
204 4188 333 4237 manus
350 4173 386 4238 et
404 4163 624 4237 Athanasius
640 4171 676 4237 et
693 4163 995 4236 Samosatensuus
1006 4159 1194 4249 Eusebius,
1207 4158 1268 4257 qui
1291 4159 1427 4234 lobiani

140 4347 142 4353 ,
204 4284 379 4371 praeceptc
395 4275 438 4349 ab
457 4273 562 4348 exilio
579 4273 723 4348 lucrant
741 4272 908 4362 revocati,
926 4271 964 4344 in
982 4271 1171 4347 orthodoxo
1188 4293 1349 4348 sermone
1375 4273 1428 4346 vi-

203 4388 349 4482 gebant,
366 4411 433 4462 nec
450 4410 519 4475 non
537 4395 574 4462 et
591 4385 925 4462 Hierosolimitanus
939 4385 1103 4482 Oyrillus
1120 4384 1231 4461 etalii
1245 4383 1427 4459 orthodoxi

198 4508 498 4600 propugnatores.
545 4569 549 4576 ,
1213 4591 1247 4646 8⁰
