3618 5316
876 377 1009 439 -332
1036 411 1078 426 -

368 495 522 572 oibiliter
533 495 744 586 custodiam,
755 491 932 571 iustitiam
941 495 1115 585 excolant,
1126 495 1296 572 eeclesias
1308 497 1595 598 defendantpri·

368 609 489 698 mitiae,
498 609 655 696 deeimae,
663 610 895 708 omniumque
907 609 952 684 ad
964 610 1136 687 ecelesias
1152 611 1409 709 pertinentium
1422 635 1593 708 procura·

364 733 420 798 tor
436 721 598 805 existam,
608 722 692 796 vitae
708 723 964 820 episcoporum,
973 725 1248 822 presbiterorum
1261 723 1488 798 diaconorum
1506 725 1591 800 sub

364 835 663 934 diaconorumque
680 846 722 909 ut
737 845 835 911 caste
852 847 888 911 et
905 837 1119 932 regulariter
1132 837 1261 910 vivant
1274 837 1488 934 provideam,
1502 862 1590 935 pau·

365 973 476 1047 peres,
485 948 623 1037 viduas,
631 958 738 1046 atque
756 949 908 1046 pupillos
927 959 1122 1047 protegam,
1131 949 1322 1046 parentelae
1338 947 1513 1024 inlicitam
1531 975 1592 1025 eo-

363 1063 484 1161 pulam
497 1063 695 1152 destruens,
707 1062 920 1158 legitimam,
933 1063 1022 1150 dote,
1035 1063 1154 1150 anulo
1167 1061 1429 1160 sacerdotisque
1447 1063 1591 1138 benedi·

363 1175 517 1251 ctionem
534 1175 749 1251 constituam
763 1185 799 1250 et
813 1176 1011 1250 constituta
1029 1175 1209 1273 eorrumpi
1222 1199 1292 1250 non
1306 1177 1522 1272 permittam,
1530 1177 1593 1252 ho

363 1291 501 1365 minum
514 1289 754 1365 venditionem
773 1291 1026 1376 contradicam,
1040 1299 1147 1387 atque
1164 1290 1202 1361 in
1215 1288 1381 1364 omnibus
1394 1314 1464 1388 que
1476 1291 1520 1365 ad
1534 1317 1591 1367 re·

363 1403 576 1479 etitudinem
590 1413 706 1477 status
722 1413 940 1499 congruunt,
949 1407 1021 1479 Deo
1034 1413 1179 1478 auctore
1192 1429 1248 1478 me
1262 1427 1404 1501 aequum
1417 1404 1591 1480 exibeam.

364 1521 608 1592 Ducentorum
626 1540 765 1614 quoque
783 1517 1019 1592 bizantiorum
1041 1519 1229 1608 tributum,
1245 1541 1404 1592 meorum
1426 1522 1591 1594 omnium

362 1629 524 1706 consulto
533 1629 751 1727 primatuum
762 1640 885 1706 saneto
892 1635 996 1707 Petro
1004 1657 1066 1730 per
1079 1631 1241 1728 singulos
1254 1656 1366 1706 annos
1379 1631 1417 1705 in
1431 1658 1590 1709 resurre-

363 1745 480 1820 etione
494 1741 646 1831 Domini,
656 1741 698 1817 de
718 1743 805 1816 mihi
819 1769 985 1820 concesso
999 1769 1110 1842 regno
1124 1747 1396 1843 persolvendum
1409 1757 1538 1838 statuo,
1550 1759 1590 1823 et

365 1867 406 1931 ut
419 1868 496 1956 post
510 1880 566 1932 me
580 1856 766 1952 regnaturi
783 1857 849 1933 hoe
868 1857 960 1933 idem
975 1870 1143 1958 perpetuo
1155 1871 1311 1950 servent,
1324 1885 1460 1950 seuseu,
1473 1885 1589 1937 corre

361 1971 454 2060 bero,
463 1980 570 2068 atque
583 1970 708 2044 santio.
718 1972 815 2046 Dono
828 1971 973 2072 insuper
986 1974 1261 2072 concedantque
1271 1975 1440 2049 confirmo
1453 1987 1588 2074 aposto

362 2085 441 2161 licae
459 2085 542 2159 Sedi
559 2085 674 2159 saneti
689 2085 857 2180 Gregorii
875 2087 1142 2178 monesterium,
1156 2088 1216 2162 cui
1230 2091 1351 2163 Urana
1365 2098 1419 2164 est
1436 2090 1588 2165 voeabu-

361 2201 437 2275 lum
456 2225 538 2274 cum
556 2198 652 2273 omni
670 2222 734 2273 suo
751 2198 919 2276 thesauro
937 2200 1077 2276 seilicet
1094 2225 1178 2276 cum
1196 2225 1302 2298 capsa
1319 2211 1490 2298 argentea
1508 2202 1589 2277 roli-

362 2313 465 2412 quias
491 2311 585 2387 sacri
610 2311 764 2408 eorporis
786 2312 943 2388 eiusdem
965 2313 1061 2389 beati
1080 2314 1246 2410 Gregorii
1271 2315 1486 2404 continente,
1502 2341 1586 2390 eum

361 2427 499 2502 duabus
517 2425 697 2514 crucibus
715 2451 798 2502 eum
816 2427 929 2503 oalioo
957 2439 992 2504 et
1020 2439 1159 2526 patena,
1175 2453 1259 2502 eum
1284 2427 1422 2503 duabus
1448 2429 1587 2504 coronis

363 2542 484 2616 aureis
502 2539 657 2637 gemmis
674 2541 820 2629 ornatis
844 2567 927 2617 eum
957 2539 1228 2635 evangeliorum
1254 2549 1356 2614 textu
1373 2542 1415 2615 de
1427 2552 1588 2637 argento,

365 2677 519 2752 eumque
536 2653 699 2728 omnibus
715 2655 791 2729 suis
805 2655 994 2729 mobilibus
1011 2666 1046 2728 01
1063 2652 1302 2728 immobilibus
1315 2653 1427 2743 bonis,
1443 2666 1484 2728 ut
1501 2658 1587 2728 San·

363 2766 412 2842 cti
431 2767 530 2841 Petri
548 2765 689 2862 legatie,
708 2791 846 2865 semper
874 2769 921 2842 sit
945 2768 990 2841 ad
1015 2767 1193 2865 ospitium,
1210 2777 1246 2842 et
1269 2769 1413 2843 omnino
1437 2767 1475 2840 in
1496 2777 1588 2866 pote-

364 2889 455 2956 state
472 2904 603 2956 eorum.
623 2883 700 2956 Hoo
717 2891 838 2955 tamon
860 2881 1067 2980 interposito
1085 2890 1216 2968 tenore,
1233 2891 1274 2954 ut
1291 2880 1383 2955 nulli
1400 2880 1462 2954 alii
1493 2893 1586 2980 pote-

364 2993 448 3068 stati
466 2993 581 3081 detur,
603 2993 665 3067 sed
688 2993 785 3066 omni
811 3003 964 3091 tempore
986 2995 1102 3070 sancti
1117 2996 1213 3071 Petri
1235 2995 1282 3069 sit
1304 2995 1485 3095 proprium
1510 3005 1587 3071 eta

359 3133 416 3184 me
436 3109 594 3206 meisque
612 3107 877 3183 successoribus
894 3108 1079 3184 defensum
1096 3119 1203 3207 atquo
1219 3108 1263 3183 ab
1276 3109 1373 3183 omni
1387 3108 1534 3184 homine
1546 3108 1588 3182 li·

361 3221 486 3297 borum
498 3231 720 3298 etsoeurum.
731 3221 1131 3322 Cuiuscumqueautein
1142 3223 1290 3298 audacia
1300 3222 1488 3297 temerario
1496 3247 1589 3298 ausu

359 3336 546 3434 praefatum
559 3335 811 3411 monasterium
826 3361 869 3412 ex
884 3338 1073 3434 assignato
1088 3337 1256 3412 thesauro
1269 3337 1479 3436 privaverit,
1486 3337 1590 3412 terri·

359 3450 465 3526 bilem
487 3450 587 3524 illam
613 3450 743 3527 iudicis
768 3476 1021 3551 vocemquam
1049 3453 1211 3527 diabolus
1235 3477 1318 3527 eum
1344 3451 1421 3526 suis
1445 3452 1589 3549 angelis

358 3566 548 3639 auditurus
566 3574 621 3639 est
638 3565 769 3640 audiat.
787 3568 964 3641 Praeterea
983 3592 1067 3640 cum
1095 3568 1167 3642 Deo
1192 3566 1329 3642 servire
1354 3591 1505 3662 regnare
1531 3567 1590 3654 sit,

360 3679 440 3755 vioe
461 3679 552 3754 beati
570 3679 665 3754 Petri
684 3689 720 3756 et
738 3679 879 3755 Domini
899 3681 1011 3755 nostri
1029 3685 1133 3778 Papae
1151 3680 1317 3776 Gregorii
1333 3691 1441 3779 atque
1458 3691 1537 3780 post
1551 3705 1591 3757 se

365 3815 524 3867 sessuros
542 3792 579 3864 in
600 3791 800 3889 Apostolies
813 3793 895 3867 sede
913 3817 970 3868 me
985 3793 1058 3868 tuis
1073 3794 1238 3869 manibus
1251 3793 1435 3868 committo
1447 3803 1590 3868 0100111-

363 3905 547 3992 mittend0,
556 3904 650 3981 hano
661 3905 865 3981 fidelitatem
879 3917 1101 3983 sacramento
1114 3906 1264 3982 stabilio.
1275 3911 1353 4003 Ego
1365 3907 1511 4004 inquam
1523 3909 1589 3982 De·

359 4017 518 4106 metrius,
536 4017 596 4116 qui
616 4029 651 4093 et
668 4019 843 4092 Suinimir
861 4019 924 4092 Dei
942 4020 1063 4116 gratia
1081 4031 1116 4095 01
1143 4020 1355 4118 Apostolicae
1372 4019 1475 4094 Sedis
1498 4020 1589 4095 dono

362 4157 425 4206 rex
440 4132 483 4207 ab
501 4132 570 4208 hae
587 4131 672 4206 hora
690 4132 727 4206 iu
752 4143 856 4208 antea
874 4137 1004 4210 Sancto
1022 4137 1126 4209 Petro
1150 4145 1185 4210 01
1208 4134 1357 4210 Domino
1374 4157 1453 4208 meo
1479 4137 1585 4232 Papae

361 4247 534 4342 Gregorio
548 4245 693 4345 suisque
707 4247 972 4323 suecessoribus
983 4248 1153 4324 0011011100
1163 4248 1452 4324 intrantibusero
1462 4247 1586 4336 fidelis,

361 4369 396 4434 et
413 4370 454 4433 ut
470 4359 546 4458 ipse
563 4359 641 4434 sive
659 4370 737 4458 post
754 4385 836 4434 eum
851 4361 964 4435 futuri
979 4363 1163 4460 pontifices
1176 4363 1253 4437 sive
1267 4362 1379 4460 legati
1393 4387 1515 4438 eorum
1533 4362 1587 4434 vi-

359 4482 433 4551 tam
446 4498 490 4550 ae
504 4471 661 4549 membra
674 4473 902 4572 perdant,aut
915 4475 1241 4577 capiantur,neque
1254 4477 1291 4551 in
1305 4475 1454 4553 consilio
1468 4499 1583 4575 neque
