3582 5288
689 459 729 475 -
758 427 820 492 127
846 461 886 476 .-

643 608 926 696 CLXXXVII.

676 765 726 816 Ex
743 763 892 828 registro.

272 899 470 994 Gregorius
488 898 706 973 Maximiano
724 901 954 998 Syracusano
971 897 1143 999 Episcopo
1159 898 1254 976 inter
1271 911 1399 976 cetera.

176 1012 391 1088 visitatores
408 1012 652 1088 Ecclesiarum
671 1012 873 1110 clericique
889 1036 1012 1088 eorum
1031 1013 1092 1112 qui
1117 1039 1201 1090 cum
1227 1014 1314 1112 ipsis
1337 1039 1400 1114 per

175 1148 245 1199 non
258 1149 334 1199 suae
347 1125 506 1200 civitatis
520 1125 734 1222 parraechias
748 1125 961 1222 fatigantur,
974 1126 1113 1225 aliquid
1125 1127 1256 1202 laboris
1269 1128 1325 1202 sui
1343 1154 1400 1203 ca-

175 1239 276 1337 piant
292 1238 500 1336 disponente
517 1239 677 1314 subsidii.
694 1242 834 1314 Iustum
859 1264 1014 1339 namque
1039 1252 1093 1316 est
1118 1249 1159 1314 ut
1176 1225 1259 1317 ‘illie
1281 1266 1401 1318 conse·

174 1363 333 1452 quantur
350 1353 578 1451 stipendium,
595 1377 664 1452 quo
682 1377 743 1452 pro
759 1363 916 1452 temporo
932 1380 1039 1430 suum
1056 1356 1278 1432 commodare
1303 1381 1400 1456 repe-

179 1467 326 1540 riantur
343 1465 562 1566 obsequium.

660 1660 909 1746 CLXXXVIII.

568 1876 618 1926 Ex
635 1875 775 1942 registro
794 1877 927 1929 Honorti
945 1877 1005 1942 Pp.

243 2037 424 2112 Honorius
441 2036 602 2125 Iohanni,
621 2039 783 2128 Androm,
797 2037 986 2138 Stephano,
999 2045 1035 2113 et
1051 2039 1187 2114 Donato
1204 2039 1399 2139 Episcopis.

174 2151 403 2226 Prosentium
421 2151 551 2227 latores
576 2151 677 2226 iuxta
698 2151 979 2228 ecclesiasticam
997 2151 1223 2252 disciplinam
1242 2153 1397 2252 palleum

173 2287 236 2339 nos
254 2266 416 2364 Hypatio
433 2265 692 2364 Nicopolitana
710 2265 879 2342 ecclesie·
894 2265 1065 2340 diaconus
1090 2290 1196 2364 quem
1222 2267 1261 2340 in
1285 2268 1399 2343 sacris

173 2378 358 2454 ordinibus
376 2379 591 2478 Episcopum
608 2377 798 2454 ordinastis
816 2365 959 2476 petierit
983 2379 1077 2454 votis
1102 2379 1325 2479 supplicibus
1349 2381 1399 2455 di-

174 2490 378 2588 rigendum.
395 2495 442 2566 Et
459 2492 544 2591 quia
560 2493 639 2566 cius
655 2515 802 2589 persona
819 2491 974 2592 pendula
990 2515 1055 2566 nos
1071 2492 1252 2568 dubietate
1269 2493 1398 2569 sollici·

172 2614 236 2692 tat,
255 2631 303 2682 ne
320 2605 482 2680 fortassis
499 2606 537 2679 in
559 2631 646 2682 nece
673 2603 848 2682 Sotherici
874 2605 1019 2702 praefate
1044 2605 1205 2680 civitatis
1224 2606 1399 2682 antistitis

173 2719 340 2794 videatur
357 2744 434 2795 csse
448 2719 654 2810 commixta,
672 2721 890 2818 presentium
907 2720 1141 2819 portitoribus
1154 2730 1329 2820 quantum
1342 2745 1399 2820 op

172 2833 341 2930 pinamur
354 2834 424 2908 visi
440 2860 567 2908 sumus
577 2833 768 2910 reddidisse
786 2855 1006 2930 responsum,
1019 2842 1060 2907 ut
1073 2843 1256 2930 assumpto
1270 2833 1399 2928 fatigio
1494 2901 1496 2906 ,

171 2971 253 3020 curn
271 2947 459 3046 praescntit
479 2956 637 3046 tempora
648 2947 747 3045 pacis
755 2947 968 3048 spatiantur,
977 2947 1015 3020 in
1024 2947 1089 3021 has
1100 2970 1264 3022 romanas
1277 2955 1396 3047 partes

170 3060 296 3135 venire
314 3061 530 3158 deproperet,
547 3071 589 3135 ut
607 3061 857 3135 iusiurandum
874 3061 912 3134 in
938 3060 1158 3136 confessione
1174 3061 1268 3137 boati
1295 3061 1393 3138 Petri

171 3173 332 3274 Apostoli
351 3175 515 3273 praebeat,
533 3175 625 3272 quod
643 3175 742 3249 nullo
757 3174 835 3250 dolo
852 3175 911 3250 vel
929 3173 1191 3251 machinatione
1208 3200 1229 3248 a
1251 3199 1289 3251 se
1314 3200 1396 3252 con·

170 3297 321 3378 structa,
347 3297 411 3364 aut
431 3287 512 3362 aliis
528 3287 596 3364 hoc
613 3287 902 3364 machinantibus
920 3288 1072 3386 praebuit
1096 3287 1135 3362 in
1152 3286 1220 3364 hoc
1245 3311 1398 3388 quoquo-

170 3402 273 3478 modo
289 3426 515 3492 oonsensum,
533 3411 574 3476 ut
591 3401 636 3476 ab
652 3401 747 3477 omni
766 3400 854 3475 vitio
875 3399 1068 3476 dubietatis
1093 3411 1265 3500 exempto,
1289 3401 1397 3498 possi-

171 3541 252 3590 mus
275 3515 473 3592 sccuudum
498 3515 784 3593 ecclesiasticum
809 3513 969 3590 ordinem
995 3513 1153 3592 tribuero
1178 3514 1269 3614 quod
1294 3537 1398 3611 roga·

169 3653 264 3704 mur.
280 3633 375 3706 Nam
393 3630 478 3704 dum
496 3631 688 3728 praedictus
705 3627 911 3703 Sothericus
930 3627 972 3702 dc
990 3627 1204 3725 quibusdam
1226 3627 1397 3725 capitulis

169 3742 300 3818 fuisset
312 3754 510 3841 suspectae,
523 3743 562 3816 in
574 3743 668 3818 hanc
681 3741 805 3817 urbem
818 3740 1023 3830 deveniens,
1035 3740 1080 3816 ad
1092 3739 1237 3815 beatum
1249 3741 1397 3815 Petrum

170 3856 420 3953 Apostolorum
437 3856 640 3954 Principem
654 3856 696 3931 de
710 3853 936 3930 conscientie
950 3877 1024 3926 suae
1035 3853 1231 3951 puritatem
1243 3852 1398 3948 praebuit

168 3969 428 4045 nichilominus
444 3969 706 4045 iusiurandum.
723 3971 855 4043 Datum
869 3965 992 4042 Idibus
1005 3965 1212 4043 Decembris
1229 3967 1397 4044 Indictio·

168 4105 213 4156 ne
230 4083 353 4156 XIIII.

646 4225 915 4312 CLXXXVIIII.

261 4424 441 4499 Honorius
455 4425 582 4521 Sergio
599 4424 831 4500 subdiacono.
844 4427 928 4500 Post
942 4423 1044 4523 parvi
1058 4425 1227 4524 temporis
1238 4423 1395 4523 spatium

169 4538 335 4634 qumdarn
351 4537 453 4613 nobis
470 4548 557 4614 sunt
581 4539 700 4637 capita
724 4538 897 4616 adversus
915 4539 1132 4616 calaritanae
1154 4539 1315 4616 civitatis
1331 4543 1397 4613 Ar·
