3582 5288
707 374 903 437 -139-

192 493 295 568 subdi
312 493 515 582 debeamus,
532 494 668 571 avobis
680 496 742 592 qui
756 495 855 570 vices
868 495 1159 570 Patriarcbarum
1174 495 1304 592 geritis
1316 519 1418 573 nosse

192 606 443 682 desideramus.
466 608 594 704 Legati
612 611 779 683 Romane
803 607 974 685 Ecclesia
992 608 1258 706 responderunt.
1276 612 1418 684 Sanctae

195 725 364 796 Romanae
380 723 563 812 Ecclesia,
579 747 687 822 quarn
706 748 769 821 per
786 745 849 797 vos
865 723 983 797 senior
1000 731 1118 798 vester
1135 722 1236 798 beato
1253 725 1358 798 Petro
1372 729 1419 798 A·

196 835 330 934 postolo
344 861 427 913 cum
441 837 537 912 omni
555 839 677 935 gentis
689 863 764 912 suae
777 858 889 932 regno
901 859 939 910 se
955 834 1113 924 tradidit,
1124 861 1146 910 a
1158 836 1263 910 cuius
1278 861 1420 912 succes·

192 949 447 1026 soreridelioet
459 954 554 1052 Papa
570 951 716 1027 Nicolao
729 960 950 1050 etpraecepta
962 949 1110 1025 vivendi
1123 959 1159 1025 et
1172 950 1362 1051 Episcopos
1374 976 1418 1028 ao

192 1063 426 1163 Presbyteros
449 1067 631 1164 suscipere
649 1067 792 1155 meruit,
809 1088 872 1140 vos
888 1074 924 1140 et
940 1065 1155 1162 pertinuisse
1177 1074 1213 1140 et
1240 1065 1417 1162 pertinere

193 1177 301 1250 etiam
324 1177 364 1251 in
385 1200 425 1252 eo
446 1179 665 1268 monstratis
682 1179 774 1276 quod
791 1178 985 1277 postulatos
1002 1189 1140 1253 nostros
1157 1179 1364 1254 Sacerdotes
1381 1187 1418 1253 et

194 1291 404 1388 suscepistis
421 1300 457 1366 et
473 1291 650 1366 hactenus
667 1293 895 1366 veneratione
913 1315 1075 1387 congrua
1093 1292 1263 1366 retinetis.
1280 1291 1418 1388 Vulga-

196 1430 276 1478 rum
290 1405 405 1502 legati
418 1405 595 1482 dixerunt.
611 1413 642 1482 A
659 1417 783 1482 sancta
797 1410 956 1482 Romana
969 1407 1130 1481 Ecclesia
1144 1407 1341 1481 sacerdotes
1353 1430 1417 1482 nos

196 1521 339 1619 petisse,
351 1523 562 1619 suscepisse,
573 1522 819 1620 hactenusque
832 1520 962 1596 habere
975 1544 1039 1595 nos
1052 1521 1275 1608 confitemur,
1285 1529 1320 1596 et
1332 1521 1366 1595 ei
1379 1521 1417 1594 in

195 1635 360 1710 omnibus
376 1636 517 1713 obedire
533 1637 770 1712 decernimus.
789 1639 927 1708 Verum
945 1643 1068 1709 utrum
1082 1637 1249 1708 Romanae
1266 1658 1313 1706 an
1327 1634 1417 1709 Con·

193 1737 517 1848 stantinopolitanae
534 1751 705 1826 Ecclesia
727 1749 976 1824 rationabilius
1000 1748 1103 1822 subdi
1120 1747 1311 1822 debeamus
1331 1773 1415 1823 cum

192 1861 249 1936 his
263 1864 555 1938 Patriarcharum
574 1865 722 1940 vicariis
739 1864 900 1939 diffinite.
918 1863 1045 1958 Legati
1062 1865 1230 1936 Romanae
1246 1860 1417 1936 Ecclesiae

165 1991 168 1998 ’
194 1976 461 2073 responderunt.
479 1980 627 2076 Propter
644 2002 723 2076 quae
740 2001 804 2052 nos
830 1985 955 2052 sancta
981 1976 1088 2050 Sedes
1106 1974 1309 2072 Apostolica
1332 2000 1417 2050 cum

192 2089 439 2166 Orientalibus
456 2091 662 2167 diffinienda
688 2093 932 2178 mandaverat,
949 2093 1022 2165 Deo
1047 2090 1196 2163 iuvante
1221 2089 1416 2164 finivimus.

194 2203 245 2277 De
257 2226 369 2278 causa
385 2213 507 2279 autem
526 2215 647 2280 vestra
664 2229 769 2281 secus
782 2229 891 2303 quam
909 2205 1063 2280 diffinita
1079 2219 1134 2278 est
1151 2202 1316 2292 finienda,
1333 2203 1418 2301 quia

191 2316 283 2392 nihil
300 2317 338 2390 in
356 2319 534 2392 mandatis
555 2320 773 2417 accepimns
790 2319 882 2392 nihil
899 2318 1070 2393 videlicet
1086 2316 1285 2391 diffinimus
1302 2316 1361 2392 vel
1378 2317 1415 2390 in

191 2431 437 2528 praeiudicium
447 2443 581 2508 sauctae
589 2435 756 2508 Romanae
770 2432 944 2509 Ecclesia
956 2432 1202 2507 diffiniendum
1216 2456 1416 2522 censemus,

191 2545 277 2642 quin
295 2545 405 2620 immo
421 2547 506 2645 quia
523 2548 639 2621 omnis
657 2556 778 2623 vestra
796 2548 914 2646 patria
932 2547 1066 2621 nostris
1082 2543 1326 2620 sacerdotibus
1346 2543 1417 2642 ple·

190 2685 236 2732 na
251 2669 318 2749 est,
337 2659 430 2734 nulli
447 2683 533 2736 vero
549 2661 620 2736 nisi
637 2665 804 2737 Romanae
822 2661 994 2736 Ecclesiae
1011 2661 1188 2760 pertinere
1206 2659 1332 2736 debere
1350 2659 1416 2733 dif-

189 2773 332 2848 finitiva
348 2776 526 2851 sententia
544 2785 719 2874 quantum
737 2800 781 2850 ex
798 2776 900 2851 nobis
914 2785 969 2852 est
982 2775 1263 2874 promulgamus.
1276 2774 1416 2849 Vicarii

190 2887 417 2963 orientalium
435 2889 729 2964 Patriaroharum
748 2891 917 2965 dixerunt
933 2889 1169 2986 Vulgaribus.
1187 2888 1335 2976 Quando
1351 2911 1416 2962 vos

190 2999 289 3073 illam
308 3003 460 3099 patriam
477 3003 624 3101 cepistis
641 3003 701 3078 oui
718 3003 861 3079 subdita
878 3009 985 3079 erat?
1003 3013 1038 3078 et
1063 3011 1187 3077 utrum
1212 3002 1344 3076 latinos
1367 3025 1415 3074 an

188 3137 325 3209 graecos
343 3115 542 3190 sacerdotes
560 3115 726 3191 habuerit
742 3117 859 3192 dicite.
873 3117 1056 3213 Vulgares
1069 3116 1246 3192 dixerunt.
1264 3119 1297 3189 A
1318 3119 1416 3190 Grae·

190 3251 313 3302 corum
327 3237 499 3325 potestate
512 3230 623 3303 armis
636 3254 714 3305 earn
728 3230 916 3322 evicimus,
933 3240 969 3306 et
985 3254 1123 3326 graecos
1136 3230 1204 3304 sibi
1217 3229 1416 3305 sacerdotes

190 3335 408 3416 inuenimus.
418 3343 557 3416 Vicarii
571 3344 809 3418 Orientalium
823 3344 1090 3442 responderunt.
1100 3345 1138 3418 Si
1152 3345 1295 3418 Graecos
1303 3367 1416 3418 sacer-

190 3453 287 3529 dotes
295 3453 346 3528 ibi
356 3455 561 3553 repperistis
574 3479 619 3530 ex
631 3456 850 3533 ordinatione
863 3457 1212 3555 Constantinopoleos
1226 3455 1290 3530 illa
1299 3456 1415 3554 patria

189 3567 268 3642 luit.
286 3570 413 3664 Legati
430 3577 564 3644 sanctae
578 3571 744 3644 Romanae
757 3569 929 3646 Ecclesia
950 3571 1128 3646 dixerunt.
1147 3575 1178 3644 A
1196 3571 1333 3645 Graecis
1354 3573 1416 3642 Sa·

189 3679 390 3755 cerdotibus
402 3691 658 3781 argumentum
668 3707 811 3760 sumere
825 3707 896 3759 non
908 3684 1043 3760 debetis
1052 3685 1136 3783 quia
1146 3684 1356 3780 linguarum
1365 3683 1416 3758 di-

188 3795 343 3870 uersitas
354 3795 639 3871 ecclesiasticum
656 3797 816 3873 ordinem
833 3821 903 3873 non
922 3799 1118 3874 confundit.
1135 3801 1228 3874 Nam
1243 3797 1350 3874 Sedes
1370 3803 1415 3872 Α·

190 3907 359 4005 postolica
376 3933 460 3982 cum
478 3909 527 3983 sit
544 3909 620 4007 ipsa
636 3909 750 3984 latina
767 3912 804 3984 in
822 3911 949 3988 multis
970 3922 1089 3989 tamen
1105 3913 1191 3988 locis
1204 3935 1266 4010 pro
1279 3912 1415 3988 ratione

191 4022 315 4120 patriae
322 4045 460 4118 graecos
473 4024 680 4099 Sacerdotes
697 4034 734 4100 et
746 4051 886 4124 semper
898 4035 935 4101 et
946 4052 1046 4102 nunc
1058 4026 1414 4126 usqueconstituens,

191 4136 377 4234 privilegii
391 4139 447 4212 sui
461 4138 674 4215 detrimenta
687 4165 755 4215 nec
764 4141 868 4216 debet
877 4141 1019 4216 sentire.
1029 4141 1168 4218 Vicarii
1178 4139 1414 4216 Orientalium

190 4251 369 4326 dixerunt.
381 4252 500 4326 Etiam
515 4254 546 4328 si
559 4255 766 4329 Graecorum
782 4254 1075 4352 Presbyterorum
1085 4255 1342 4330 ordinationem
1354 4278 1415 4328 ve-

190 4365 255 4438 stri
279 4365 371 4440 iuris
396 4366 508 4441 fuisse
532 4367 699 4460 doceatis,
716 4369 816 4443 illam
835 4377 954 4444 tamen
972 4370 1125 4467 patriam
1139 4371 1344 4444 Graecorum
1363 4391 1416 4442 re·

191 4500 264 4574 gno
281 4478 499 4576 pertinuisse
517 4504 703 4580 nunquam
721 4505 854 4580 negare
872 4483 1043 4581 poteritis.
1060 4482 1187 4580 Legati
1204 4489 1338 4559 sanctae
1350 4483 1417 4557 Ro·
