3646 5292
926 449 966 464 -
988 413 1055 478 roo
1082 449 1122 465 -

952 569 1094 654 XLVII.

731 748 780 799 Ex
798 747 1098 814 eenctnooregorn
1118 749 1148 800 II
1167 759 1239 814 cap.
1259 751 1346 801 XIII.

513 882 551 956 Si
564 883 651 980 quis
668 883 706 956 in
724 907 901 982 quoquam
919 891 1103 981 partemve
1127 895 1302 984 praecepta
1323 895 1407 960 ante
1424 885 1533 959 missa
1557 909 1637 984 apo·

414 995 537 1071 stolicc
554 997 724 1072 aecclesiae
737 998 779 1073 de
792 997 933 1072 olivetis
946 1013 982 1072 et
994 997 1082 1071 locis
1095 997 1247 1072 diversis
1260 999 1501 1088 temeraverit,
1515 1009 1551 1074 et
1564 1023 1634 1074 nou

414 1111 451 1182 in
464 1111 629 1185 omnibus
641 1111 895 1202 observaverit,
908 1111 1099 1216 anathema
1111 1112 1167 1186 sit.
1181 1115 1229 1187 Et
1243 1113 1501 1212 responderunt
1513 1137 1635 1187 omnes

412 1224 528 1297 tertio.
547 1224 747 1299 Anathema
764 1225 821 1299 sit.

940 1350 1099 1435 XLVIII.

621 1527 657 1577 In
676 1527 812 1580 coneilio
831 1528 946 1580 Leonis
966 1530 1028 1581 1111
1047 1530 1282 1596 Episcoporum
1301 1530 1428 1582 LXVII.

509 1683 598 1754 Item
617 1704 801 1756 monemus
819 1692 855 1756 ct
879 1682 1179 1779 irrefragabiliter
1198 1684 1431 1773 affirmamus,
1448 1691 1491 1758 ut
1512 1683 1636 1757 nullus

414 1793 657 1891 episcoporum
674 1794 733 1869 vel
751 1794 973 1870 sacerdotum
1000 1820 1074 1870 rem
1098 1795 1197 1870 tituli
1223 1796 1279 1870 sui
1305 1821 1479 1894 usurpare
1506 1819 1638 1892 praesu-

413 1917 499 1998 mat,
515 1908 576 1982 sed
594 1933 709 2006 neque
726 1909 898 1983 salarium
915 1935 936 1982 a
955 1909 1172 1985 Christianis
1197 1911 1331 1984 sanctis
1356 1909 1444 1984 locis
1464 1909 1635 1999 oblatum,

412 2045 522 2096 causa
539 2021 707 2097 amicitiae
723 2023 783 2098 vel
806 2022 956 2114 timoris,
979 2033 1046 2098 aut
1072 2025 1233 2098 muneris
1255 2025 1395 2099 auferre
1413 2033 1638 2121 pertemptet,

412 2157 459 2209 no
475 2134 627 2211 ecclesia
645 2137 710 2210 Dei
728 2136 773 2210 ad
793 2135 970 2212 nichilum
996 2136 1194 2232 redigatur.
1220 2137 1320 2224 Quod
1337 2138 1400 2235 qui
1418 2137 1534 2212 facere
1552 2161 1639 2234 prae·

413 2250 617 2347 sumpserit,
634 2249 696 2326 ille
714 2251 899 2349 episcopus
923 2251 982 2326 vel
1008 2250 1173 2325 sacerdos
1198 2251 1408 2325 canonicam
1434 2249 1511 2325 sino
1531 2250 1637 2324 dnbio

414 2361 539 2436 subeat
557 2362 740 2451 ultionem,
754 2374 790 2439 et
803 2365 895 2462 quod
908 2364 1080 2440 aecolesiee
1098 2362 1233 2438 iniuste
1245 2363 1405 2438 ablatum
1421 2373 1475 2437 cst
1492 2363 1636 2438 reddere

414 2476 684 2574 compellantur,
701 2478 752 2552 ita
768 2487 810 2552 ut
826 2479 993 2578 deinceps
1010 2478 1129 2552 nullas
1147 2478 1242 2553 vires
1267 2501 1330 2577 pro
1347 2479 1398 2553 eis
1423 2477 1467 2552 ad
1492 2477 1639 2574 litigan-

414 2589 500 2664 dum
517 2591 576 2666 vel
593 2592 842 2693 possidendum
860 2592 989 2668 habere
1006 2593 1152 2692 possint.

938 2757 1115 2842 lllllllll.

476 2936 525 2987 Ex
543 2934 660 2988 eodem
678 2935 814 2988 concilio
833 2947 906 3000 cap.
926 2937 985 2988 XV
1004 2935 1038 2988 et
1056 2948 1098 2988 ex
1116 2935 1251 2989 ooneiIio
1270 2937 1300 2986 11
1320 2937 1454 3001 Eugenii
1472 2936 1574 3000 Papae

765 3034 837 3088 cap.
857 3025 925 3075 XV.
945 3025 1183 3092 Episcoporum
1201 3026 1283 3077 LXI.
1398 3087 1400 3090 ⁸

510 3157 612 3233 Nulli
637 3160 890 3258 Episcoporum
915 3157 1024 3234 liceat
1048 3183 1069 3233 a
1095 3160 1253 3236 subiecto
1277 3159 1459 3236 secerdote
1484 3159 1543 3234 vel
1567 3158 1637 3232 alio

415 3272 571 3371 quolibet
588 3272 719 3348 clerieo
735 3283 771 3348 et
787 3273 856 3373 piis
869 3273 956 3348 locis
969 3273 1129 3348 dationes
1147 3271 1243 3346 ultra
1257 3281 1393 3346 statuta
1406 3283 1549 3372 patrum
1567 3271 1638 3346 exi-

414 3409 513 3482 gere,
529 3395 593 3460 aut
609 3386 830 3485 superposita
848 3386 1049 3482 maggariis
1066 3386 1209 3460 inferre.
1227 3386 1296 3461 Sed
1313 3411 1397 3462 cum
1415 3387 1463 3460 sit
1484 3385 1638 3484 optimus

414 3509 617 3599 perspector
635 3499 685 3574 ita
702 3499 905 3598 perpisciat,
922 3509 964 3573 ut
982 3499 1159 3574 universae
1173 3497 1242 3572 sibi
1255 3499 1452 3574 commissae
1464 3523 1549 3574 oves
1566 3523 1640 3571 ma-

415 3615 509 3688 xime
527 3613 683 3699 alantur,
702 3621 808 3709 atque
825 3613 865 3685 in
881 3611 1156 3687 necessitatibus
1169 3612 1397 3702 adiuventur,
1410 3637 1517 3710 quam
1534 3611 1639 3686 illici-

414 3727 463 3801 tis
479 3727 615 3802 exactis
631 3725 690 3799 vel
708 3724 909 3800 dationibus
926 3725 1185 3824 opprimantur,
1202 3725 1286 3822 quia
1304 3725 1477 3798 Dominus
1494 3747 1638 3823 pascere

416 3849 452 3915 et
465 3840 590 3915 dooere
603 3861 666 3912 nos
679 3837 810 3927 docuit,
819 3845 854 3912 et
866 3838 1033 3912 omuibus
1046 3837 1261 3928 ministrare,
1274 3861 1344 3912 non
1357 3838 1511 3913 terrenis
1524 3836 1637 3912 lucris

416 3954 477 4029 sed
493 3951 657 4026 avaritiis
674 3949 855 4026 delectari.

935 4047 1111 4132 IIIIIII.

451 4205 603 4259 Iohannls
621 4205 697 4258 v111
715 4205 817 4270 Papae
837 4215 909 4267 cap.
929 4204 974 4256 VI
994 4216 1035 4255 ex
1055 4206 1188 4258 coneilio
1208 4207 1276 4260 aius
1295 4205 1387 4271 apud
1404 4207 1594 4259 Ravennam

835 4283 952 4336 CXXX
970 4284 1217 4348 Episcoporum.

512 4408 550 4480 Si
566 4407 647 4506 quis
659 4407 803 4481 domum
815 4406 878 4481 Dei
892 4405 1094 4497 violaverit,
1103 4416 1139 4482 et
1151 4405 1272 4504 aliqua
1286 4406 1364 4480 sine
1377 4404 1524 4481 licentia
1537 4404 1638 4479 illius

414 4519 475 4595 eui
494 4520 684 4595 commissa
701 4545 777 4594 osse
794 4519 992 4594 dinoscitur
1004 4519 1085 4594 inde
1099 4519 1299 4608 abstulerit,
1312 4519 1370 4595 vel
1384 4519 1639 4595 ecclesiasticis
