3654 5302
712 435 753 452 -
777 405 841 468 411
868 439 911 454 -

742 559 868 643 xossl.

690 787 694 796 ,
716 735 753 788 In
776 733 903 788 eadem.

295 870 364 943 Pro
381 893 439 945 me
462 868 823 946 animadvertendum
842 879 908 962 est,
925 871 1097 970 quianon
1114 869 1264 960 Nicena,
1280 895 1351 947 non
1367 874 1424 950 de·

197 980 306 1080 nique
323 983 399 1058 ulla
415 983 576 1084 synodus
592 985 791 1084 quodquam
812 987 980 1060 Romanae
996 984 1167 1062 aecclesiae
1184 986 1337 1060 contulit
1353 988 1424 1086 pri-

198 1098 387 1195 vilegium,
400 1125 479 1199 quae
496 1101 534 1175 in
548 1103 653 1176 Petro
669 1102 818 1177 noverat
835 1111 909 1174 tam
928 1099 1039 1174 totius
1055 1098 1137 1172 iura
1153 1099 1339 1199 potestatis
1351 1100 1423 1198 ple-

198 1211 292 1286 niter
310 1212 496 1302 meruisse,
514 1222 551 1289 et
563 1223 777 1290 cunctarum
797 1212 933 1289 Christi
949 1212 1071 1288 ovium
1090 1213 1253 1310 regimen
1269 1215 1424 1312 accepis-

198 1349 246 1400 se.
262 1325 367 1402 Sicut
382 1327 508 1402 beatus
525 1327 656 1425 praesul
669 1325 870 1403 Bonifatius
887 1335 1079 1402 attestatur
1097 1327 1276 1402 universis
1292 1328 1424 1426 episco-

170 1515 173 1520 ,
197 1437 253 1537 pis
269 1463 333 1538 per
351 1439 572 1516 Thessaliam
590 1440 802 1516 constitutis
821 1439 990 1515 scribens.
1007 1439 1190 1514 Institutio
1207 1439 1423 1516 universalis

198 1553 381 1628 nascentis
398 1553 559 1629 ecclesiae
576 1554 618 1630 de
642 1553 738 1630 beati
755 1553 853 1628 Petri
878 1553 1032 1650 sumpsit
1048 1553 1178 1629 honore
1194 1553 1423 1652 principium,

199 1664 237 1736 in
255 1689 324 1762 quo
342 1665 503 1762 regimen
521 1676 577 1742 est
592 1675 629 1742 et
645 1691 785 1740 summa
799 1665 971 1741 censistit.
980 1669 1035 1740 Ex
1048 1661 1126 1740 eius
1138 1665 1234 1741 enim
1248 1667 1424 1743 acclesia-

198 1778 290 1854 stiea
306 1779 496 1878 disciplina
514 1804 576 1878 per
592 1802 714 1856 omnes
738 1778 909 1855 ecclesias
934 1778 1121 1876 religionis
1144 1779 1215 1854 iam
1241 1791 1425 1858 crescente

201 1892 358 1984 cultura,
376 1893 669 1969 fonsemanavit.
686 1897 837 1992 Nyeene
861 1893 990 1992 synodi
1019 1917 1090 1969 non
1120 1893 1219 1971 aliud
1247 1906 1425 1994 praecepta

198 2015 389 2098 testantur,
406 2031 427 2082 a
445 2011 526 2084 Deo·
541 2029 613 2082 non
637 2006 774 2106 aliquid
798 2031 906 2105 super
930 2031 1008 2082 eam
1026 2031 1114 2082 ausa
1131 2005 1179 2082 sit
1196 2008 1424 2100 constituere,

198 2143 283 2195 cum
302 2121 441 2196 videret
453 2119 568 2198 nichil
580 2145 689 2220 supra
702 2118 872 2195 meritum
886 2144 992 2193 suum
1006 2143 1106 2218 posse
1120 2120 1284 2196 conferri.
1296 2122 1426 2197 Omnia

198 2232 351 2331 denique
368 2244 526 2325 noverat,
538 2234 625 2311 huic
643 2233 785 2310 Domini
800 2254 962 2308 sermone
979 2255 1157 2308 concessa.
1170 2233 1208 2306 Si
1225 2234 1355 2322 omnia,
1372 2259 1425 2310 er·

197 2367 246 2441 go
262 2345 376 2421 nichil
388 2345 513 2438 defuit,
530 2347 623 2447 quod
635 2371 706 2423 non
723 2346 777 2422 illi
791 2345 1017 2421 concesserit.
1031 2346 1193 2443 Denique
1210 2346 1241 2420 si
1255 2347 1424 2421 instituta

198 2461 350 2555 Nycenc
378 2460 506 2557 synodi
536 2459 731 2556 diligenter
760 2453 1233 2558 inspiciantur‚'invenietur
1258 2461 1424 2558 profecto,

199 2571 283 2669 quia
301 2575 470 2648 Romana
486 2573 649 2650 ecclesia
663 2572 806 2648 nullum
824 2573 946 2648 eadem
965 2573 1124 2673 synodus
1141 2575 1295 2650 contulit
1310 2575 1425 2652 incre·

199 2693 373 2775 mentum,
390 2685 452 2761 sed
472 2686 590 2783 potius
614 2709 658 2762 ex
681 2687 759 2761 eius
783 2687 908 2778 forma,
926 2689 1018 2786 quod
1036 2689 1278 2764 Alexandrina
1303 2689 1425 2766 eeccle-

201 2799 264 2873 sim
281 2799 465 2890 tribueret,
482 2800 749 2898 particulariter
767 2803 922 2900 sumpsit
938 2802 1154 2902 exemplum.
1167 2806 1243 2878 Hoc
1257 2803 1372 2900 igitur
1389 2813 1426 2879 et

198 2912 256 2986 his
273 2912 404 2987 similia
422 2937 486 2989 nos
503 2924 539 2989 et
564 2937 626 3012 pro
643 2914 1036 3017 Constantinopolitana
1060 2928 1097 2993 et
1122 2942 1184 3016 pro
1201 2918 1344 2994 cunctis
1368 2942 1424 2994 ec·

182 3025 506 3103 'clesiissollicitos
523 3028 686 3104 reddunt.
1314 3067 1317 3072 ·

740 3173 881 3259 xoffll.

673 3351 755 3404 Item
772 3351 804 3402 tn
822 3353 948 3406 eadem.
1022 3425 1027 3436 1

295 3489 363 3562 Per
379 3485 612 3586 principalem
631 3483 814 3562 beaterum
830 3487 1076 3586 Apostolorum
1091 3488 1190 3563 Petri
1207 3497 1244 3564 et
1258 3487 1362 3563 Pauli
1381 3487 1425 3562 de

199 3625 270 3698 qua
287 3625 395 3698 supra
407 3601 637 3698 exposuimus
650 3601 937 3701 potestatem‚ius
950 3601 1124 3677 habemus
1137 3624 1207 3675 non
1226 3600 1341 3674 solum
1354 3623 1426 3675 mo-

199 3713 344 3805 nachos,
360 3737 486 3790 verum
504 3715 612 3790 etiarn
630 3714 806 3813 quoslibet
822 3714 970 3791 clericos
987 3715 1030 3790 de
1047 3739 1275 3814 quacumque
1292 3714 1424 3790 diocesi

199 3853 283 3904 oum
296 3853 441 3905 necesse
454 3828 564 3904 fuerit
575 3827 620 3903 ad
634 3852 697 3903 nos
714 3851 873 3919 evocare,
885 3839 993 3926 atque
1010 3827 1269 3904 ecclesiasticis
1281 3826 1426 3923 exigen-

198 3941 296 4018 tibus
311 3941 611 4040 oportunitatibus
628 3941 792 4017 invitare.
806 3946 853 4018 Et
871 3951 911 4018 ut
928 3968 1012 4018 cum
1029 3942 1132 4020 beato
1146 3941 1289 4018 Gelasio
1306 3951 1426 4018 nostre

200 4056 293 4134 sedis
309 4056 470 4131 antistite
487 4055 649 4132 consulte
661 4055 835 4146 dicamus,
847 4057 1049 4134 necessaria
1065 4081 1183 4132 rerum
1198 4056 1425 4155 dispositione

198 4169 494 4266 constringimur,
510 4179 545 4246 et
569 4169 769 4270 apostolica
795 4172 896 4246 Sedis
922 4171 1162 4246 moderamine
1187 4171 1425 4248 convenimur

200 4285 253 4360 sic
270 4307 446 4359 canonum
465 4293 694 4384 paternorum
711 4284 854 4360 decreta
879 4284 1022 4375 librare,
1048 4295 1085 4359 et
1111 4294 1205 4360 retro
1230 4283 1425 4382 praesulum

200 4397 497 4495 decessorumque
525 4407 727 4472 nostrorum
752 4414 928 4496 praecepta
950 4399 1082 4488 metiri,
1112 4407 1152 4474 ut
1177 4423 1256 4497 quae
1274 4421 1427 4496 prasen-

200 4511 292 4590 tium
318 4512 512 4588 necessitas
536 4521 748 4615 temporum,
774 4513 1017 4592 restaurandis
1041 4513 1204 4592 ecclesiis
1229 4513 1424 4590 relaxanda
