3642 5294
931 439 971 450 .-
997 405 1019 467 2
1044 439 1082 454 ..

391 521 450 596 tiae
467 522 510 596 ub
527 523 688 621 antiquis
706 523 866 621 patribus
884 523 1022 618 legitur
1039 523 1240 622 impensum
1259 525 1381 612 luisse,
1395 536 1435 600 ut
1453 525 1514 602 ille
1531 529 1618 602 insi·

390 636 475 732 gnis
490 647 630 735 martyr
644 637 851 736 Cyprianus
863 637 1043 713 Africanae
1057 639 1251 736 provinciae
1265 639 1405 714 Primus
1418 641 1565 738 legatur
1578 643 1616 716 in

390 750 466 824 suis
483 751 642 849 epistolis
660 753 951 851 presbyterorum
969 762 1006 826 ot
1030 752 1259 828 diaconorum
1279 756 1473 830 Romanam
1492 755 1613 832 Eccle-

391 865 482 940 siam
501 877 579 963 post
597 867 814 965 martyrium
834 867 986 942 Faviani
1004 865 1288 963 gubernantium
1307 869 1454 943 statutis
1472 869 1616 944 humili·

310 1045 316 1060 .
390 989 445 1055 ter
459 981 630 1079 paruisse,
643 991 678 1055 et
691 1005 814 1056 eorum
828 1007 908 1080 quae
920 981 1015 1080 apud
1032 1008 1134 1058 suam
1155 983 1374 1079 provinciam
1393 983 1615 1080 gerebantur

389 1094 535 1170 directis
552 1095 597 1168 ad
614 1119 672 1170 eos
690 1095 850 1193 epistolis
868 1097 1041 1171 rationem
1062 1097 1264 1172 reddidisse.
1279 1098 1374 1185 Quin
1393 1099 1502 1173 etiam
1520 1099 1614 1174 idern

389 1206 509 1283 clerus
531 1207 669 1305 legitur
693 1210 732 1284 in
757 1210 918 1307 epistolis
934 1210 979 1284 ad
996 1211 1161 1285 eumdem
1181 1213 1405 1308 Cypriannm
1431 1211 1560 1298 missis,
1578 1222 1613 1286 et

388 1321 434 1396 ad
451 1321 614 1396 Siciliam
640 1333 675 1398 et
692 1323 854 1398 diversas
875 1335 995 1422 partes
1015 1325 1183 1423 epistolas
1204 1326 1386 1414 direxisse,
1404 1335 1440 1400 et
1457 1325 1613 1400 nondum

388 1435 601 1534 praesidente
615 1437 780 1514 Cornelio
793 1461 856 1536 pro
873 1438 1148 1516 imminentibus
1165 1449 1254 1515 tunc
1268 1439 1425 1536 negotiis
1443 1439 1552 1514 etiam
1570 1440 1614 1514 ad

387 1550 636 1628 celebrandam
656 1557 774 1628 Roma
792 1554 958 1628 sinodum
975 1554 1166 1652 Episcopos
1183 1577 1408 1629 convocasse.
1424 1557 1511 1640 Quae
1531 1577 1614 1628 cunr

388 1663 439 1739 ita
456 1665 540 1756 sint,
559 1667 647 1741 satis
664 1667 814 1766 impium
834 1668 989 1755 videtur,
1006 1667 1202 1764 quemlibet
1225 1668 1287 1765 qui
1312 1692 1396 1742 cum
1418 1665 1615 1741 christiano

389 1780 530 1855 nomine
543 1779 731 1876 glorietur,
744 1782 953 1858 christianis
966 1779 1184 1878 temporibus
1195 1783 1361 1853 Romanae
1371 1779 1530 1854 ecclcsiae
1545 1801 1614 1852 mo·

386 1893 474 1968 nitis
491 1918 562 1969 non
575 1895 812 1994 acquiescere,
825 1896 884 1971 oui
899 1896 966 1969 sub
979 1893 1238 1992 persecutionis
1252 1893 1465 1968 crudelitate
1480 1895 1552 1966 Deo
1565 1891 1614 1964 di-

387 2009 454 2104 gni
471 2011 657 2106 pontifices
673 2019 746 2084 tam
764 2011 889 2085 devote
907 2018 1116 2108 paruerunt,
1134 2007 1242 2082 etiam
1260 2007 1346 2080 dum
1363 2018 1502 2081 careret
1526 2009 1615 2079 Pon·

388 2122 494 2198 tifice.
512 2123 688 2198 Arbitrati
705 2124 835 2223 quippe
852 2133 937 2198 sunt
954 2133 1074 2220 patres
1090 2123 1221 2221 spiritu
1235 2121 1300 2195 Dei
1314 2120 1422 2219 pleni,
1435 2120 1555 2198 beatos
1569 2125 1615 2196 Α·

379 2237 540 2334 postolos
558 2241 705 2313 Petrum
723 2247 760 2313 et
777 2238 931 2312 Paulum
949 2237 988 2310 in
1005 2260 1046 2310 ea
1064 2233 1270 2330 magnificis
1288 2233 1425 2308 meritis
1440 2233 1563 2308 vivere
1581 2243 1616 2310 et

380 2373 549 2446 praesse,
567 2351 744 2450 fidemque
758 2375 867 2449 quam
880 2351 926 2425 ab
942 2349 1074 2426 eisdem
1092 2347 1262 2444 suscepit,
1276 2373 1355 2445 quae
1372 2348 1410 2420 in
1429 2357 1500 2422 toto
1514 2371 1616 2420 mun·

386 2463 429 2540 do
441 2464 561 2540 eodem
578 2466 681 2542 beato
698 2466 810 2541 Paulo
826 2475 1021 2541 attestante
1038 2461 1254 2536 annuntiata
1276 2472 1331 2536 est
1348 2471 1384 2537 et
1401 2459 1558 2548 laudata,
1576 2461 1614 2534 in

387 2578 510 2653 eadem
529 2604 643 2678 usque
661 2579 700 2652 in
717 2579 850 2656 saeoula
867 2603 937 2654 non
955 2578 1115 2660 deficere,
1128 2574 1191 2650 sed
1203 2583 1245 2650 ut
1262 2574 1376 2650 cidem
1393 2574 1496 2648 beato
1509 2577 1615 2648 Petro

379 2692 602 2790 imperatum
620 2693 749 2784 fuerat,
768 2716 1023 2792 usquequaque
1045 2689 1175 2788 positos
1197 2689 1327 2763 fratres
1350 2688 1387 2760 in
1408 2688 1531 2764 eadem
1548 2685 1616 2762 fide

386 2805 607 2881 confirmare.
626 2810 713 2881 Haeo
729 2815 766 2881 et
783 2807 814 2880 si
831 2805 1013 2880 interdum
1026 2803 1188 2879 adversis
1203 2803 1329 2876 mundi
1342 2801 1488 2876 flatibus
1500 2799 1616 2898 oppri-

388 2918 511 3008 mitur,
530 2920 670 2995 meritis
688 2929 810 2995 tamen
828 2920 1036 3017 Principum
1056 2917 1305 3015 Apostolorum
1319 2916 1381 3014 qui
1396 2915 1435 2989 in
1452 2940 1493 2990 ea
1510 2923 1546 2988 et
1562 2913 1617 2986 vi-

386 3042 480 3105 vunt
496 3041 532 3107 et
550 3033 740 3130 praesident
757 3057 827 3108 non
844 3032 1019 3107 obruitur.
1036 3031 1214 3118 Quoniam
1231 3041 1268 3105 et
1286 3031 1317 3105 si
1339 3029 1530 3128 aliquando
1554 3053 1614 3125 ap-

386 3144 591 3242 probatione
621 3157 729 3245 portae
759 3145 865 3221 inseri
891 3146 1064 3221 adversus
1089 3170 1168 3220 eam
1194 3144 1329 3234 valent,
1355 3155 1476 3219 tamen
1506 3141 1613 3218 Ihesu

386 3259 538 3333 Domino
554 3269 678 3334 orente
696 3282 759 3356 pro
780 3259 849 3335 fide
875 3259 973 3335 Petri
998 3285 1043 3335 ne
1068 3259 1221 3346 deficiat,
1246 3259 1456 3335 nullatenus
1481 3281 1614 3355 praeva·

387 3371 470 3447 lent.

381 3523 384 3528 ·
482 3489 607 3586 Itaque
624 3510 692 3583 ego
708 3489 936 3564 auctoritatis
948 3489 1063 3587 ipsius
1080 3487 1317 3587 privilegium
1331 3511 1400 3586 quo
1412 3485 1508 3562 omni
1521 3484 1616 3560 chri-

385 3603 503 3675 stiano
523 3599 599 3676 orbi
621 3601 807 3699 praeminet
825 3601 1078 3698 ignorantibus
1095 3601 1297 3699 patefacere
1319 3599 1479 3698 cupiens,
1497 3597 1615 3672 Domi-

386 3737 432 3789 no
450 3713 539 3788 mihi
556 3737 658 3812 opem
679 3715 826 3805 ferente,
843 3740 887 3790 ex
904 3715 1017 3789 variis
1042 3726 1248 3791 sanctorum
1275 3717 1426 3788 Petrum
1451 3720 1488 3787 et
1512 3709 1615 3786 Chri-

386 3826 586 3902 stianorum
604 3825 808 3924 principum
825 3827 1103 3903 auctoritatibus
1128 3825 1323 3925 potioribus
1348 3825 1551 3924 quibusque
1575 3823 1614 3896 in

387 3965 501 4014 unum
515 3939 709 4036 congestis,
727 3964 882 4037 praesens
899 3939 1071 4016 defloravi
1087 3939 1313 4039 opusculum,
1327 3937 1547 4038 quadrifaria
1565 3935 1615 4012 di-

385 4054 576 4152 spartitum
594 4053 795 4151 partitione.
814 4058 907 4128 Nam
924 4054 1062 4153 primns
1083 4053 1173 4128 liber·
1195 4052 1355 4128 continet
1380 4050 1614 4151 privilegium

384 4165 612 4244 auctoritatis
629 4166 788 4242 eiusdem
806 4170 973 4243 Romanae
990 4167 1171 4245 Ecclesia.
1188 4171 1236 4242 Et
1258 4165 1425 4265 qnoniam
1451 4164 1614 4241 Ecclesia

385 4281 463 4357 sine
479 4279 576 4355 clero
592 4305 657 4356 suo
674 4305 750 4358 esse
768 4303 839 4356 non
857 4291 982 4380 potest,
999 4306 1066 4356 nec
1079 4279 1199 4357 clerus
1216 4278 1350 4379 absque
1364 4279 1471 4354 rebus
1483 4275 1615 4375 quibus

385 4393 628 4493 temporaliter
644 4395 833 4489 subsistet;
846 4395 931 4471 hnic
948 4393 1119 4471 subiunxi
1136 4394 1336 4472 secundum
1353 4402 1390 4469 et
1406 4391 1553 4468 tertium
1570 4387 1614 4464 da

386 4505 482 4586 clero
497 4520 533 4584 et
551 4507 657 4585 rebus
673 4509 833 4586 eiusdem
850 4507 1021 4586 ecclesia.
1034 4506 1127 4597 Quia
1140 4529 1226 4584 vero
1239 4505 1362 4586 saeculi
1376 4513 1533 4604 potestas
1549 4501 1616 4578 Dei
