3618 5316
706 407 903 468 -311-

189 532 258 630 piis
275 531 362 608 locis
375 533 439 606 XL
450 555 625 606 annorum
639 527 825 632 protelatio
837 528 1068 628 possessionis
1080 527 1296 616 conferatur,
1309 527 1411 601 salva

187 644 326 720 scilieet
342 645 440 722 circu
455 644 545 718 alies
562 667 739 742 personas,
757 650 794 717 et
810 643 937 716 causas
963 640 1111 729 virtute,
1136 665 1244 740 quem
1270 666 1410 740 semper

187 757 398 833 tricennalis
414 757 483 832 sibi
500 755 710 856 perscriptio
726 753 942 830 vendicavit.
959 754 1133 842 Quoniam
1156 754 1226 829 hac
1242 757 1279 830 X
1302 779 1410 830 anno-

189 896 269 944 rum
287 869 519 945 adiectionem
537 869 652 943 solum
671 877 713 941 ut
729 859 938 942 dictumest
954 866 1133 963 religiosis
1154 867 1254 958 locis,
1271 892 1411 943 eorum·

189 1009 259 1083 que
272 983 355 1072 iuri,
368 983 425 1059 vel
440 980 684 1058 contractibus
701 981 944 1078 indulgemus,
962 991 1003 1056 ut
1020 981 1132 1080 sopite
1156 981 1223 1058 boo
1239 983 1409 1080 temporis

190 1097 302 1196 spatio
314 1106 388 1172 tam
401 1096 602 1196 personales
611 1120 717 1194 quam
729 1095 970 1194 ypothecariae
979 1096 1136 1171 actiones
1145 1096 1409 1195 imperpetuum

191 1211 447 1309 conquiescant
459 1205 550 1284 nihil
564 1209 708 1312 penitus
724 1208 807 1284 aliis
823 1209 1092 1308 exceptionibus
1109 1209 1333 1306 derogantes,
1349 1211 1412 1286 sed

190 1334 262 1398 tam
277 1324 314 1398 in
328 1323 448 1422 aliquo
460 1322 636 1400 tricennio
652 1323 729 1396 uim
746 1322 923 1422 roburque
941 1323 1156 1399 tenentibus.
1170 1327 1210 1398 In
1225 1323 1299 1398 illis
1311 1349 1410 1398 nam-

188 1463 256 1537 que
265 1448 311 1512 ut
323 1438 458 1514 dictum
473 1447 528 1513 est
540 1447 682 1512 tantum
696 1436 850 1533 negotiis
864 1436 1048 1534 religiosos
1060 1445 1266 1513 contractus
1279 1461 1410 1513 memo

190 1560 265 1626 rato
281 1553 346 1626 XL
361 1573 536 1625 annorum
556 1549 746 1648 privilegio
762 1548 930 1624 volumus
948 1549 1094 1648 perfrui,
1110 1550 1147 1622 in
1165 1549 1295 1648 quibus
1312 1549 1363 1625 eis
1380 1551 1410 1626 O

188 1687 363 1738 annorum
373 1663 611 1762 praerogativa
622 1662 829 1738 constitutio
840 1672 961 1738 nostra
971 1661 1182 1752 contulerat,
1190 1687 1296 1761 quam
1311 1664 1411 1738 modo

187 1777 264 1852 ideo
276 1777 534 1876 permittamus,
543 1775 711 1874 quoniam
721 1800 783 1874 per
792 1785 933 1851 tantum
943 1775 1066 1852 saeculi
1080 1775 1313 1874 magisquam
1323 1782 1411 1850 tem·

187 1889 281 1988 poris
297 1890 465 1989 spatium,
481 1914 547 1964 neo
564 1888 786 1966 documentis
801 1888 1005 1986 integritas,
1021 1913 1087 1964 neo
1104 1887 1197 1966 actis
1220 1888 1318 1980 fides,
1342 1913 1410 1964 neo

188 2012 275 2078 aetas
291 2005 390 2080 valet
405 2002 558 2079 testibus
574 2002 778 2100 suffragari.
880 2043 882 2046 ·
945 2035 948 2042 ·

506 2267 519 2276 „
616 2263 621 2274 ι
667 2152 671 2160 ’
735 2145 866 2231 ιιιι.

682 2325 728 2376 In
756 2321 918 2376 eodem.

280 2465 475 2561 Imperator
503 2459 725 2535 Iustinianus
751 2463 953 2567 Augustus,
979 2460 1118 2531 Mennae
1142 2455 1407 2556 archiepiscopo

186 2575 519 2673 Constantinopolis.
528 2573 719 2649 Sensimus
733 2581 773 2646 ut
785 2569 1004 2660 nullilioeat,
1014 2567 1282 2660 monasterium,
1290 2594 1406 2670 nequo

185 2688 383 2765 aeoolesiam
400 2687 643 2765 velorationis
661 2687 803 2762 domum
828 2682 985 2780 incipere
1010 2681 1186 2771 edificare,
1211 2691 1405 2781 antequam

186 2801 344 2878 civitatis
357 2801 540 2902 episcopus
553 2801 748 2876 orationem
761 2800 800 2872 in
812 2797 886 2872 looo
899 2795 1019 2885 faciat,
1031 2803 1068 2870 et
1080 2819 1223 2870 crucem
1236 2797 1407 2894 ligatpu·

185 2915 318 2990 blicam
336 2916 386 2990 ibi
402 2937 607 3017 processum
624 2914 770 3003 faciens,
787 2924 822 2989 et
839 2935 983 2987 causam
1004 2909 1229 2984 manifestam
1242 2910 1407 2986 omnibus

185 3039 357 3104 statuens.
375 3029 482 3104 Multi
493 3027 591 3104 enim
609 3027 822 3102 simulantes
834 3027 951 3102 facere
964 3025 1066 3124 quasi
1085 3023 1254 3100 orationis
1271 3024 1407 3116 domus,

185 3143 260 3218 suis
270 3143 457 3218 medentur
470 3141 716 3240 languoribus,
729 3165 798 3217 non
811 3139 1084 3215 orthodoxarum
1094 3137 1337 3214 aecclesiarum
1347 3137 1407 3214 he·

187 3255 569 3345 dificatoresfaoti,sed
582 3255 836 3354 speluncarum
849 3253 1407 3331 illicitarumDeindenonaliter

187 3369 388 3468 quempiam
407 3369 605 3450 aecclesiam
619 3395 639 3442 o
653 3393 743 3445 novo
760 3369 962 3460 hedificare,
975 3368 1184 3467 priusquam
1197 3367 1362 3466 loquatur
1374 3393 1407 3443 o·

186 3481 337 3580 piscopo,
353 3491 390 3556 et
406 3480 533 3556 liniant
551 3507 756 3558 mensuram
781 3507 888 3582 quam
914 3482 1060 3580 deputat
1080 3480 1125 3556 ad
1142 3479 1346 3572 luminaria,
1370 3488 1407 3556 et

187 3621 329 3671 sacrum
346 3593 596 3684 ministerium,
608 3605 646 3672 et
656 3596 781 3672 domus
795 3597 1003 3686 custodiam,
1015 3603 1052 3671 et
1064 3593 1331 3670 observantium
1343 3593 1406 3668 ali·

187 3719 316 3784 menta.
329 3711 376 3782 Et
392 3707 422 3780 si
440 3709 659 3784 sufficienter
675 3709 805 3784 habere
819 3707 998 3798 videntur,
1011 3707 1120 3783 faeiat
1134 3707 1235 3806 prius
1246 3707 1404 3782 donatio·

186 3847 267 3898 nem
281 3845 403 3897 eorum
417 3847 496 3922 quar
510 3824 633 3898 lutura
650 3833 736 3898 sunt
747 3815 921 3924 deputari,
934 3833 970 3898 et
982 3822 1032 3898 ita
1045 3822 1170 3896 domus
1182 3820 1403 3898 hedificetur.

184 3936 281 4011 ldem
298 3935 411 4012 eidem
429 3936 467 4010 in
484 3938 615 4036 eodem
632 3937 727 4013 Illud
744 3937 888 4036 quoque'
899 3937 943 4013 ad
960 3936 1127 4012 honorem
1144 3945 1181 4011 et
1193 3935 1333 4012 cultum
1351 3959 1404 4010 se-

185 4049 240 4124 dis
256 4058 329 4124 tuae
345 4049 581 4140 decernimus,
598 4060 640 4125 ut
656 4051 686 4125 si
704 4050 785 4150 quis
802 4048 972 4126 edificans
989 4049 1200 4140 aeoolesiam,
1215 4059 1279 4125 aut
1296 4049 1406 4124 etiam

184 4161 289 4237 aliter
302 4163 506 4261 expendens
518 4163 606 4238 inea
621 4163 909 4239 ministrantibus
922 4160 1406 4260 alimentavolueritaliquos

186 4274 333 4351 clericos
349 4285 518 4363 statuere,
533 4300 603 4350 non
616 4301 692 4352 esse
706 4278 739 4352 ei
757 4277 925 4352 fiduciam
942 4275 1065 4367 ullam,
1082 4299 1170 4374 quos
1182 4275 1264 4350 vult
1276 4297 1337 4372 per
1350 4297 1407 4371 po-

185 4397 351 4465 testatem
366 4389 546 4480 inducere,
555 4389 625 4464 nisi
636 4391 789 4490 primum
804 4401 877 4466 tuae
890 4389 1101 4466 reverentia
1113 4388 1254 4478 iudicio,
1266 4397 1408 4488 tuaeque
1501 4409 1503 4415 ·

186 4501 390 4578 sanctitatis
406 4502 656 4580 examinentur
673 4503 862 4588 sententia.
980 4579 981 4584 ,
