<?xml version="1.0" encoding="UTF-8"?>
<!DOCTYPE html PUBLIC "-//W3C//DTD XHTML 1.0 Transitional//EN"
    "http://www.w3.org/TR/xhtml1/DTD/xhtml1-transitional.dtd">
<html xmlns="http://www.w3.org/1999/xhtml" xml:lang="en" lang="en">
 <head>
  <title>
</title>
<meta http-equiv="Content-Type" content="text/html;charset=utf-8" />
  <meta name='ocr-system' content='tesseract 3.04.00' />
  <meta name='ocr-capabilities' content='ocr_page ocr_carea ocr_par ocr_line ocrx_word'/>
</head>
<body>
  <div class='ocr_page' id='page_1' title='image "./deusdeditpresby00martgoog_0114.png"; bbox 0 0 3582 5288; ppageno 0'>
   <div class='ocr_carea' id='block_1_1' title="bbox 190 866 1417 2100">
    <p class='ocr_par' dir='ltr' id='par_1_1' title="bbox 190 866 1417 2100">
     <span class='ocr_line' id='line_1_1' title="bbox 291 866 1417 965; baseline 0.001 -26"><span class='ocrx_word' id='word_1_1' title='bbox 291 869 463 940; x_wconf 74' lang='lat' dir='ltr'><strong>Honurne</strong></span> <span class='ocrx_word' id='word_1_2' title='bbox 482 867 735 943; x_wconf 83' lang='lat' dir='ltr'><strong>Dilectissimis</strong></span> <span class='ocrx_word' id='word_1_3' title='bbox 751 867 923 940; x_wconf 85' lang='lat' dir='ltr'><strong>fratribus</strong></span> <span class='ocrx_word' id='word_1_4' title='bbox 941 866 1123 942; x_wconf 87' lang='lat' dir='ltr'><strong>universis</strong></span> <span class='ocrx_word' id='word_1_5' title='bbox 1149 866 1334 964; x_wconf 86' lang='lat' dir='ltr'><strong>Episcopis</strong></span> <span class='ocrx_word' id='word_1_6' title='bbox 1355 891 1417 965; x_wconf 89' lang='lat' dir='ltr'><strong>per</strong></span> 
     </span>
     <span class='ocr_line' id='line_1_2' title="bbox 191 979 1417 1079; baseline 0 -25"><span class='ocrx_word' id='word_1_7' title='bbox 191 979 387 1078; x_wconf 90' lang='lat' dir='ltr'><strong>Yspaniam</strong></span> <span class='ocrx_word' id='word_1_8' title='bbox 401 979 621 1069; x_wconf 72' lang='lat' dir='ltr'><strong>constitutis</strong></span> <span class='ocrx_word' id='word_1_9' title='bbox 635 980 795 1054; x_wconf 91' lang='lat' dir='ltr'><strong>libellum</strong></span> <span class='ocrx_word' id='word_1_10' title='bbox 810 982 1038 1079; x_wconf 82' lang='lat' dir='ltr'><strong>professionis</strong></span> <span class='ocrx_word' id='word_1_11' title='bbox 1051 983 1131 1058; x_wconf 87' lang='lat' dir='ltr'><strong>fidei</strong></span> <span class='ocrx_word' id='word_1_12' title='bbox 1147 981 1314 1058; x_wconf 84' lang='lat' dir='ltr'><strong>Iohannis</strong></span> <span class='ocrx_word' id='word_1_13' title='bbox 1328 982 1417 1056; x_wconf 88' lang='lat' dir='ltr'><strong>Con·</strong></span> 
     </span>
     <span class='ocr_line' id='line_1_3' title="bbox 191 1093 1416 1194; baseline -0.002 -25"><span class='ocrx_word' id='word_1_14' title='bbox 191 1093 498 1192; x_wconf 84' lang='lat' dir='ltr'><strong>stantinopolitani</strong></span> <span class='ocrx_word' id='word_1_15' title='bbox 517 1094 681 1192; x_wconf 83' lang='lat' dir='ltr'><strong>Episcopi</strong></span> <span class='ocrx_word' id='word_1_16' title='bbox 699 1095 799 1168; x_wconf 84' lang='lat' dir='ltr'><strong>iuxta</strong></span> <span class='ocrx_word' id='word_1_17' title='bbox 817 1106 975 1170; x_wconf 86' lang='lat' dir='ltr'><strong>vestram</strong></span> <span class='ocrx_word' id='word_1_18' title='bbox 995 1095 1200 1194; x_wconf 80' lang='lat' dir='ltr'><strong>petitionem</strong></span> <span class='ocrx_word' id='word_1_19' title='bbox 1227 1094 1327 1168; x_wconf 91' lang='lat' dir='ltr'><strong>vobis</strong></span> <span class='ocrx_word' id='word_1_20' title='bbox 1352 1094 1416 1167; x_wconf 91' lang='lat' dir='ltr'><strong>mi-</strong></span> 
     </span>
     <span class='ocr_line' id='line_1_4' title="bbox 194 1207 1417 1306; baseline 0.001 -26"><span class='ocrx_word' id='word_1_21' title='bbox 194 1207 322 1296; x_wconf 74' lang='lat' dir='ltr'><strong>simus,</strong></span> <span class='ocrx_word' id='word_1_22' title='bbox 339 1207 406 1281; x_wconf 94' lang='lat' dir='ltr'><strong>sub</strong></span> <span class='ocrx_word' id='word_1_23' title='bbox 422 1230 492 1305; x_wconf 93' lang='lat' dir='ltr'><strong>quo</strong></span> <span class='ocrx_word' id='word_1_24' title='bbox 509 1208 539 1280; x_wconf 90' lang='lat' dir='ltr'><strong>si</strong></span> <span class='ocrx_word' id='word_1_25' title='bbox 557 1207 638 1306; x_wconf 90' lang='lat' dir='ltr'><strong>quis</strong></span> <span class='ocrx_word' id='word_1_26' title='bbox 655 1209 941 1283; x_wconf 83' lang='lat' dir='ltr'><strong>communionem</strong></span> <span class='ocrx_word' id='word_1_27' title='bbox 956 1219 1113 1285; x_wconf 88' lang='lat' dir='ltr'><strong>vestram</strong></span> <span class='ocrx_word' id='word_1_28' title='bbox 1128 1210 1170 1284; x_wconf 89' lang='lat' dir='ltr'><strong>de</strong></span> <span class='ocrx_word' id='word_1_29' title='bbox 1183 1207 1417 1283; x_wconf 78' lang='lat' dir='ltr'><strong>orientalibus</strong></span> 
     </span>
     <span class='ocr_line' id='line_1_5' title="bbox 192 1321 1416 1420; baseline -0.003 -22"><span class='ocrx_word' id='word_1_30' title='bbox 192 1321 337 1398; x_wconf 88' lang='lat' dir='ltr'><strong>clericis</strong></span> <span class='ocrx_word' id='word_1_31' title='bbox 353 1322 559 1420; x_wconf 82' lang='lat' dir='ltr'><strong>poposcerit,</strong></span> <span class='ocrx_word' id='word_1_32' title='bbox 576 1322 620 1396; x_wconf 88' lang='lat' dir='ltr'><strong>ad</strong></span> <span class='ocrx_word' id='word_1_33' title='bbox 637 1347 715 1397; x_wconf 88' lang='lat' dir='ltr'><strong>eam</strong></span> <span class='ocrx_word' id='word_1_34' title='bbox 734 1321 845 1420; x_wconf 89' lang='lat' dir='ltr'><strong>possit</strong></span> <span class='ocrx_word' id='word_1_35' title='bbox 861 1321 1013 1396; x_wconf 83' lang='lat' dir='ltr'><strong>admitti.</strong></span> <span class='ocrx_word' id='word_1_36' title='bbox 1030 1323 1236 1398; x_wconf 87' lang='lat' dir='ltr'><strong>Secundum</strong></span> <span class='ocrx_word' id='word_1_37' title='bbox 1254 1345 1362 1418; x_wconf 90' lang='lat' dir='ltr'><strong>quam</strong></span> <span class='ocrx_word' id='word_1_38' title='bbox 1380 1333 1416 1396; x_wconf 89' lang='lat' dir='ltr'><strong>et</strong></span> 
     </span>
     <span class='ocr_line' id='line_1_6' title="bbox 192 1435 1415 1534; baseline -0.001 -23"><span class='ocrx_word' id='word_1_39' title='bbox 192 1437 235 1511; x_wconf 91' lang='lat' dir='ltr'><strong>de</strong></span> <span class='ocrx_word' id='word_1_40' title='bbox 254 1435 392 1510; x_wconf 83' lang='lat' dir='ltr'><strong>Scithia</strong></span> <span class='ocrx_word' id='word_1_41' title='bbox 409 1447 445 1511; x_wconf 90' lang='lat' dir='ltr'><strong>et</strong></span> <span class='ocrx_word' id='word_1_42' title='bbox 462 1436 505 1509; x_wconf 87' lang='lat' dir='ltr'><strong>dc</strong></span> <span class='ocrx_word' id='word_1_43' title='bbox 524 1436 650 1511; x_wconf 90' lang='lat' dir='ltr'><strong>Tracia</strong></span> <span class='ocrx_word' id='word_1_44' title='bbox 667 1435 865 1533; x_wconf 88' lang='lat' dir='ltr'><strong>Illiricique</strong></span> <span class='ocrx_word' id='word_1_45' title='bbox 887 1437 1048 1534; x_wconf 88' lang='lat' dir='ltr'><strong>partibus</strong></span> <span class='ocrx_word' id='word_1_46' title='bbox 1072 1437 1131 1510; x_wconf 88' lang='lat' dir='ltr'><strong>vel</strong></span> <span class='ocrx_word' id='word_1_47' title='bbox 1156 1436 1270 1534; x_wconf 79' lang='lat' dir='ltr'><strong>Epyri</strong></span> <span class='ocrx_word' id='word_1_48' title='bbox 1295 1436 1415 1510; x_wconf 86' lang='lat' dir='ltr'><strong>ventis</strong></span> 
     </span>
     <span class='ocr_line' id='line_1_7' title="bbox 191 1548 1415 1647; baseline -0.001 -24"><span class='ocrx_word' id='word_1_49' title='bbox 191 1550 254 1624; x_wconf 90' lang='lat' dir='ltr'><strong>sed</strong></span> <span class='ocrx_word' id='word_1_50' title='bbox 270 1559 307 1624; x_wconf 90' lang='lat' dir='ltr'><strong>et</strong></span> <span class='ocrx_word' id='word_1_51' title='bbox 323 1550 521 1625; x_wconf 89' lang='lat' dir='ltr'><strong>secundum</strong></span> <span class='ocrx_word' id='word_1_52' title='bbox 540 1573 628 1647; x_wconf 89' lang='lat' dir='ltr'><strong>qnos</strong></span> <span class='ocrx_word' id='word_1_53' title='bbox 645 1549 687 1624; x_wconf 89' lang='lat' dir='ltr'><strong>de</strong></span> <span class='ocrx_word' id='word_1_54' title='bbox 701 1549 810 1647; x_wconf 83' lang='lat' dir='ltr'><strong>Syria</strong></span> <span class='ocrx_word' id='word_1_55' title='bbox 824 1549 956 1623; x_wconf 90' lang='lat' dir='ltr'><strong>multos</strong></span> <span class='ocrx_word' id='word_1_56' title='bbox 968 1548 1040 1623; x_wconf 88' lang='lat' dir='ltr'><strong>iam</strong></span> <span class='ocrx_word' id='word_1_57' title='bbox 1053 1559 1193 1625; x_wconf 89' lang='lat' dir='ltr'><strong>constat</strong></span> <span class='ocrx_word' id='word_1_58' title='bbox 1206 1573 1282 1623; x_wconf 89' lang='lat' dir='ltr'><strong>esse</strong></span> <span class='ocrx_word' id='word_1_59' title='bbox 1297 1573 1415 1624; x_wconf 90' lang='lat' dir='ltr'><strong>susce-</strong></span> 
     </span>
     <span class='ocr_line' id='line_1_8' title="bbox 192 1661 1415 1760; baseline 0 -23"><span class='ocrx_word' id='word_1_60' title='bbox 192 1673 280 1760; x_wconf 86' lang='lat' dir='ltr'><strong>ptos,</strong></span> <span class='ocrx_word' id='word_1_61' title='bbox 297 1663 497 1758; x_wconf 83' lang='lat' dir='ltr'><strong>gaudentes</strong></span> <span class='ocrx_word' id='word_1_62' title='bbox 514 1662 558 1736; x_wconf 88' lang='lat' dir='ltr'><strong>ad</strong></span> <span class='ocrx_word' id='word_1_63' title='bbox 577 1672 674 1736; x_wconf 88' lang='lat' dir='ltr'><strong>recta</strong></span> <span class='ocrx_word' id='word_1_64' title='bbox 699 1661 878 1737; x_wconf 86' lang='lat' dir='ltr'><strong>confluere</strong></span> <span class='ocrx_word' id='word_1_65' title='bbox 901 1674 937 1737; x_wconf 89' lang='lat' dir='ltr'><strong>et</strong></span> <span class='ocrx_word' id='word_1_66' title='bbox 953 1663 1058 1738; x_wconf 87' lang='lat' dir='ltr'><strong>devia</strong></span> <span class='ocrx_word' id='word_1_67' title='bbox 1082 1662 1290 1738; x_wconf 88' lang='lat' dir='ltr'><strong>declinasse.</strong></span> <span class='ocrx_word' id='word_1_68' title='bbox 1312 1663 1415 1737; x_wconf 90' lang='lat' dir='ltr'><strong>Unde</strong></span> 
     </span>
     <span class='ocr_line' id='line_1_9' title="bbox 190 1773 1416 1871; baseline 0.001 -24"><span class='ocrx_word' id='word_1_69' title='bbox 190 1797 253 1871; x_wconf 90' lang='lat' dir='ltr'><strong>pro</strong></span> <span class='ocrx_word' id='word_1_70' title='bbox 270 1773 529 1849; x_wconf 88' lang='lat' dir='ltr'><strong>resurrectione</strong></span> <span class='ocrx_word' id='word_1_71' title='bbox 547 1774 760 1848; x_wconf 88' lang='lat' dir='ltr'><strong>mandamus</strong></span> <span class='ocrx_word' id='word_1_72' title='bbox 776 1785 818 1850; x_wconf 91' lang='lat' dir='ltr'><strong>ut</strong></span> <span class='ocrx_word' id='word_1_73' title='bbox 834 1777 950 1851; x_wconf 90' lang='lat' dir='ltr'><strong>omnis</strong></span> <span class='ocrx_word' id='word_1_74' title='bbox 971 1803 1060 1853; x_wconf 90' lang='lat' dir='ltr'><strong>cura</strong></span> <span class='ocrx_word' id='word_1_75' title='bbox 1084 1787 1120 1851; x_wconf 89' lang='lat' dir='ltr'><strong>ct</strong></span> <span class='ocrx_word' id='word_1_76' title='bbox 1144 1777 1260 1852; x_wconf 90' lang='lat' dir='ltr'><strong>omnis</strong></span> <span class='ocrx_word' id='word_1_77' title='bbox 1286 1775 1416 1851; x_wconf 91' lang='lat' dir='ltr'><strong>sollici-</strong></span> 
     </span>
     <span class='ocr_line' id='line_1_10' title="bbox 190 1887 1415 1984; baseline -0.002 -20"><span class='ocrx_word' id='word_1_78' title='bbox 190 1889 276 1964; x_wconf 87' lang='lat' dir='ltr'><strong>tudo</strong></span> <span class='ocrx_word' id='word_1_79' title='bbox 292 1887 473 1984; x_wconf 87' lang='lat' dir='ltr'><strong>invigilet.</strong></span> <span class='ocrx_word' id='word_1_80' title='bbox 491 1891 565 1962; x_wconf 91' lang='lat' dir='ltr'><strong>Iam</strong></span> <span class='ocrx_word' id='word_1_81' title='bbox 583 1887 707 1962; x_wconf 91' lang='lat' dir='ltr'><strong>nullus</strong></span> <span class='ocrx_word' id='word_1_82' title='bbox 724 1899 778 1962; x_wconf 90' lang='lat' dir='ltr'><strong>est</strong></span> <span class='ocrx_word' id='word_1_83' title='bbox 795 1888 1009 1983; x_wconf 73' lang='lat' dir='ltr'><strong>ignorantia</strong></span> <span class='ocrx_word' id='word_1_84' title='bbox 1027 1889 1137 1978; x_wconf 72' lang='lat' dir='ltr'><strong>locus</strong></span> <span class='ocrx_word' id='word_1_85' title='bbox 1149 1887 1274 1962; x_wconf 90' lang='lat' dir='ltr'><strong>nullus</strong></span> <span class='ocrx_word' id='word_1_86' title='bbox 1291 1896 1415 1962; x_wconf 88' lang='lat' dir='ltr'><strong>utatur</strong></span> 
     </span>
     <span class='ocr_line' id='line_1_11' title="bbox 195 2001 883 2100; baseline -0.001 -25"><span class='ocrx_word' id='word_1_87' title='bbox 195 2001 438 2100; x_wconf 85' lang='lat' dir='ltr'><strong>simplicitatis</strong></span> <span class='ocrx_word' id='word_1_88' title='bbox 455 2001 683 2076; x_wconf 85' lang='lat' dir='ltr'><strong>excusatione</strong></span> <span class='ocrx_word' id='word_1_89' title='bbox 702 2001 883 2098; x_wconf 87' lang='lat' dir='ltr'><strong>praedicta.</strong></span> 
     </span>
    </p>
   </div>
   <div class='ocr_carea' id='block_1_2' title="bbox 196 2161 1418 2490">
    <p class='ocr_par' dir='ltr' id='par_1_2' title="bbox 196 2161 1418 2490">
     <span class='ocr_line' id='line_1_12' title="bbox 196 2161 1418 2262; baseline 0 -26"><span class='ocrx_word' id='word_1_90' title='bbox 196 2162 359 2237; x_wconf 70' lang='lat' dir='ltr'><strong>libellus</strong></span> <span class='ocrx_word' id='word_1_91' title='bbox 380 2163 621 2262; x_wconf 69' lang='lat' dir='ltr'><strong>professionis</strong></span> <span class='ocrx_word' id='word_1_92' title='bbox 641 2163 739 2262; x_wconf 82' lang='lat' dir='ltr'><strong>fidei</strong></span> <span class='ocrx_word' id='word_1_93' title='bbox 760 2163 1016 2260; x_wconf 71' lang='lat' dir='ltr'><strong>Bpr&#39;scopororr</strong></span> <span class='ocrx_word' id='word_1_94' title='bbox 1042 2162 1222 2237; x_wconf 78' lang='lat' dir='ltr'><strong>Iodorrrr&#39;s</strong></span> <span class='ocrx_word' id='word_1_95' title='bbox 1249 2161 1418 2236; x_wconf 61' lang='lat' dir='ltr'><strong>Constare</strong></span> 
     </span>
     <span class='ocr_line' id='line_1_13' title="bbox 290 2277 1415 2376; baseline -0.001 -25"><span class='ocrx_word' id='word_1_96' title='bbox 290 2279 527 2376; x_wconf 73' lang='lat' dir='ltr'><strong>diospolitani</strong></span> <span class='ocrx_word' id='word_1_97' title='bbox 541 2286 574 2350; x_wconf 80' lang='lat' dir='ltr'><strong>et</strong></span> <span class='ocrx_word' id='word_1_98' title='bbox 590 2277 743 2352; x_wconf 78' lang='lat' dir='ltr'><strong>Errlolr&#39;r&#39;</strong></span> <span class='ocrx_word' id='word_1_99' title='bbox 759 2277 1032 2375; x_wconf 75' lang='lat' dir='ltr'><strong>Cortopr&#39;rrerrsr&#39;s</strong></span> <span class='ocrx_word' id='word_1_100' title='bbox 1056 2277 1122 2374; x_wconf 82' lang='lat' dir='ltr'><strong>qui</strong></span> <span class='ocrx_word' id='word_1_101' title='bbox 1143 2300 1180 2349; x_wconf 86' lang='lat' dir='ltr'><strong>se</strong></span> <span class='ocrx_word' id='word_1_102' title='bbox 1204 2301 1226 2350; x_wconf 82' lang='lat' dir='ltr'><strong>a</strong></span> <span class='ocrx_word' id='word_1_103' title='bbox 1250 2277 1415 2350; x_wconf 80' lang='lat' dir='ltr'><strong>Itorrrorro</strong></span> 
     </span>
     <span class='ocr_line' id='line_1_14' title="bbox 286 2391 651 2490; baseline -0.003 -25"><span class='ocrx_word' id='word_1_104' title='bbox 286 2391 373 2465; x_wconf 79' lang='lat' dir='ltr'><strong>Sede</strong></span> <span class='ocrx_word' id='word_1_105' title='bbox 389 2400 651 2490; x_wconf 80' lang='lat' dir='ltr'><strong>separaverant.</strong></span> 
     </span>
    </p>
   </div>
   <div class='ocr_carea' id='block_1_3' title="bbox 187 2551 1416 4592">
    <p class='ocr_par' dir='ltr' id='par_1_3' title="bbox 187 2551 1416 4592">
     <span class='ocr_line' id='line_1_15' title="bbox 286 2551 1415 2648; baseline 0.002 -24"><span class='ocrx_word' id='word_1_106' title='bbox 286 2552 408 2625; x_wconf 90' lang='lat' dir='ltr'><strong>Prima</strong></span> <span class='ocrx_word' id='word_1_107' title='bbox 425 2551 522 2640; x_wconf 88' lang='lat' dir='ltr'><strong>salus</strong></span> <span class='ocrx_word' id='word_1_108' title='bbox 538 2563 594 2627; x_wconf 89' lang='lat' dir='ltr'><strong>est</strong></span> <span class='ocrx_word' id='word_1_109' title='bbox 611 2563 717 2629; x_wconf 78' lang='lat' dir='ltr'><strong>recte</strong></span> <span class='ocrx_word' id='word_1_110' title='bbox 735 2552 814 2628; x_wconf 87' lang='lat' dir='ltr'><strong>fidei</strong></span> <span class='ocrx_word' id='word_1_111' title='bbox 828 2553 993 2648; x_wconf 83' lang='lat' dir='ltr'><strong>regulam</strong></span> <span class='ocrx_word' id='word_1_112' title='bbox 1007 2552 1185 2629; x_wconf 87' lang='lat' dir='ltr'><strong>custodire</strong></span> <span class='ocrx_word' id='word_1_113' title='bbox 1199 2563 1236 2628; x_wconf 90' lang='lat' dir='ltr'><strong>et</strong></span> <span class='ocrx_word' id='word_1_114' title='bbox 1247 2579 1270 2626; x_wconf 87' lang='lat' dir='ltr'><strong>a</strong></span> <span class='ocrx_word' id='word_1_115' title='bbox 1286 2553 1415 2628; x_wconf 86' lang='lat' dir='ltr'><strong>consti·</strong></span> 
     </span>
     <span class='ocr_line' id='line_1_16' title="bbox 191 2665 1414 2763; baseline -0.002 -23"><span class='ocrx_word' id='word_1_116' title='bbox 191 2665 282 2740; x_wconf 87' lang='lat' dir='ltr'><strong>tutis</strong></span> <span class='ocrx_word' id='word_1_117' title='bbox 300 2675 442 2763; x_wconf 88' lang='lat' dir='ltr'><strong>patrum</strong></span> <span class='ocrx_word' id='word_1_118' title='bbox 460 2666 668 2741; x_wconf 88' lang='lat' dir='ltr'><strong>nullatenus</strong></span> <span class='ocrx_word' id='word_1_119' title='bbox 685 2668 838 2742; x_wconf 85' lang='lat' dir='ltr'><strong>deviare.</strong></span> <span class='ocrx_word' id='word_1_120' title='bbox 856 2669 904 2740; x_wconf 86' lang='lat' dir='ltr'><strong>Et</strong></span> <span class='ocrx_word' id='word_1_121' title='bbox 924 2666 1008 2763; x_wconf 90' lang='lat' dir='ltr'><strong>quia</strong></span> <span class='ocrx_word' id='word_1_122' title='bbox 1033 2689 1102 2740; x_wconf 90' lang='lat' dir='ltr'><strong>non</strong></span> <span class='ocrx_word' id='word_1_123' title='bbox 1129 2676 1244 2763; x_wconf 87' lang='lat' dir='ltr'><strong>potest</strong></span> <span class='ocrx_word' id='word_1_124' title='bbox 1269 2665 1414 2739; x_wconf 91' lang='lat' dir='ltr'><strong>Domini</strong></span> 
     </span>
     <span class='ocr_line' id='line_1_17' title="bbox 189 2778 1416 2878; baseline 0.003 -26"><span class='ocrx_word' id='word_1_125' title='bbox 189 2779 303 2852; x_wconf 91' lang='lat' dir='ltr'><strong>nostri</strong></span> <span class='ocrx_word' id='word_1_126' title='bbox 320 2779 428 2853; x_wconf 90' lang='lat' dir='ltr'><strong>Ihesu</strong></span> <span class='ocrx_word' id='word_1_127' title='bbox 446 2778 583 2854; x_wconf 87' lang='lat' dir='ltr'><strong>Christi</strong></span> <span class='ocrx_word' id='word_1_128' title='bbox 600 2781 825 2878; x_wconf 79' lang='lat' dir='ltr'><strong>praetermitti</strong></span> <span class='ocrx_word' id='word_1_129' title='bbox 843 2783 1023 2856; x_wconf 86' lang='lat' dir='ltr'><strong>sententia</strong></span> <span class='ocrx_word' id='word_1_130' title='bbox 1040 2781 1205 2873; x_wconf 85' lang='lat' dir='ltr'><strong>dicentis,</strong></span> <span class='ocrx_word' id='word_1_131' title='bbox 1222 2784 1276 2855; x_wconf 93' lang='lat' dir='ltr'><strong>Tu</strong></span> <span class='ocrx_word' id='word_1_132' title='bbox 1289 2805 1327 2856; x_wconf 92' lang='lat' dir='ltr'><strong>es</strong></span> <span class='ocrx_word' id='word_1_133' title='bbox 1352 2784 1416 2856; x_wconf 93' lang='lat' dir='ltr'><strong>Pe-</strong></span> 
     </span>
     <span class='ocr_line' id='line_1_18' title="bbox 189 2893 1415 2992; baseline 0.005 -26"><span class='ocrx_word' id='word_1_134' title='bbox 189 2903 269 2967; x_wconf 90' lang='lat' dir='ltr'><strong>trus</strong></span> <span class='ocrx_word' id='word_1_135' title='bbox 286 2903 322 2968; x_wconf 87' lang='lat' dir='ltr'><strong>et</strong></span> <span class='ocrx_word' id='word_1_136' title='bbox 339 2919 446 2992; x_wconf 92' lang='lat' dir='ltr'><strong>super</strong></span> <span class='ocrx_word' id='word_1_137' title='bbox 462 2893 556 2970; x_wconf 91' lang='lat' dir='ltr'><strong>hanc</strong></span> <span class='ocrx_word' id='word_1_138' title='bbox 569 2903 704 2992; x_wconf 86' lang='lat' dir='ltr'><strong>petram</strong></span> <span class='ocrx_word' id='word_1_139' title='bbox 719 2895 898 2972; x_wconf 83' lang='lat' dir='ltr'><strong>aedificabo</strong></span> <span class='ocrx_word' id='word_1_140' title='bbox 915 2895 1113 2972; x_wconf 76' lang='lat' dir='ltr'><strong>ecclesiam</strong></span> <span class='ocrx_word' id='word_1_141' title='bbox 1132 2921 1258 2972; x_wconf 87' lang='lat' dir='ltr'><strong>meam.</strong></span> <span class='ocrx_word' id='word_1_142' title='bbox 1276 2899 1322 2970; x_wconf 85' lang='lat' dir='ltr'><strong>Et</strong></span> <span class='ocrx_word' id='word_1_143' title='bbox 1338 2895 1415 2972; x_wconf 83' lang='lat' dir='ltr'><strong>hoec</strong></span> 
     </span>
     <span class='ocr_line' id='line_1_19' title="bbox 190 3007 1416 3107; baseline 0.001 -25"><span class='ocrx_word' id='word_1_144' title='bbox 190 3032 269 3104; x_wconf 87' lang='lat' dir='ltr'><strong>quae</strong></span> <span class='ocrx_word' id='word_1_145' title='bbox 286 3007 382 3082; x_wconf 88' lang='lat' dir='ltr'><strong>diota</strong></span> <span class='ocrx_word' id='word_1_146' title='bbox 399 3017 485 3082; x_wconf 88' lang='lat' dir='ltr'><strong>sunt</strong></span> <span class='ocrx_word' id='word_1_147' title='bbox 503 3033 622 3082; x_wconf 90' lang='lat' dir='ltr'><strong>rerum</strong></span> <span class='ocrx_word' id='word_1_148' title='bbox 640 3009 835 3106; x_wconf 85' lang='lat' dir='ltr'><strong>probantur</strong></span> <span class='ocrx_word' id='word_1_149' title='bbox 851 3009 1035 3085; x_wconf 84' lang='lat' dir='ltr'><strong>effectibus</strong></span> <span class='ocrx_word' id='word_1_150' title='bbox 1052 3009 1137 3107; x_wconf 89' lang='lat' dir='ltr'><strong>quia</strong></span> <span class='ocrx_word' id='word_1_151' title='bbox 1154 3009 1192 3082; x_wconf 93' lang='lat' dir='ltr'><strong>in</strong></span> <span class='ocrx_word' id='word_1_152' title='bbox 1210 3009 1299 3083; x_wconf 84' lang='lat' dir='ltr'><strong>Sede</strong></span> <span class='ocrx_word' id='word_1_153' title='bbox 1326 3014 1416 3106; x_wconf 85' lang='lat' dir='ltr'><strong>Apo·</strong></span> 
     </span>
     <span class='ocr_line' id='line_1_20' title="bbox 187 3119 1416 3221; baseline 0.001 -27"><span class='ocrx_word' id='word_1_154' title='bbox 187 3119 315 3196; x_wconf 90' lang='lat' dir='ltr'><strong>stolica</strong></span> <span class='ocrx_word' id='word_1_155' title='bbox 338 3131 437 3196; x_wconf 86' lang='lat' dir='ltr'><strong>extra</strong></span> <span class='ocrx_word' id='word_1_156' title='bbox 464 3121 643 3198; x_wconf 86' lang='lat' dir='ltr'><strong>maculam</strong></span> <span class='ocrx_word' id='word_1_157' title='bbox 669 3147 809 3221; x_wconf 86' lang='lat' dir='ltr'><strong>semper</strong></span> <span class='ocrx_word' id='word_1_158' title='bbox 829 3133 885 3199; x_wconf 91' lang='lat' dir='ltr'><strong>est</strong></span> <span class='ocrx_word' id='word_1_159' title='bbox 905 3123 1082 3200; x_wconf 89' lang='lat' dir='ltr'><strong>catholica</strong></span> <span class='ocrx_word' id='word_1_160' title='bbox 1108 3131 1250 3198; x_wconf 87' lang='lat' dir='ltr'><strong>servata</strong></span> <span class='ocrx_word' id='word_1_161' title='bbox 1276 3120 1416 3217; x_wconf 85' lang='lat' dir='ltr'><strong>religio.</strong></span> 
     </span>
     <span class='ocr_line' id='line_1_21' title="bbox 190 3236 1415 3335; baseline 0.002 -28"><span class='ocrx_word' id='word_1_162' title='bbox 190 3237 243 3310; x_wconf 91' lang='lat' dir='ltr'><strong>Dc</strong></span> <span class='ocrx_word' id='word_1_163' title='bbox 267 3259 338 3332; x_wconf 91' lang='lat' dir='ltr'><strong>qua</strong></span> <span class='ocrx_word' id='word_1_164' title='bbox 360 3246 473 3332; x_wconf 84' lang='lat' dir='ltr'><strong>spect</strong></span> <span class='ocrx_word' id='word_1_165' title='bbox 490 3236 558 3310; x_wconf 88' lang='lat' dir='ltr'><strong>fide</strong></span> <span class='ocrx_word' id='word_1_166' title='bbox 575 3238 731 3333; x_wconf 88' lang='lat' dir='ltr'><strong>separari</strong></span> <span class='ocrx_word' id='word_1_167' title='bbox 750 3237 899 3312; x_wconf 90' lang='lat' dir='ltr'><strong>minime</strong></span> <span class='ocrx_word' id='word_1_168' title='bbox 923 3238 1109 3335; x_wconf 86' lang='lat' dir='ltr'><strong>cupientes</strong></span> <span class='ocrx_word' id='word_1_169' title='bbox 1133 3246 1170 3311; x_wconf 91' lang='lat' dir='ltr'><strong>et</strong></span> <span class='ocrx_word' id='word_1_170' title='bbox 1194 3245 1337 3334; x_wconf 85' lang='lat' dir='ltr'><strong>patrum</strong></span> <span class='ocrx_word' id='word_1_171' title='bbox 1363 3261 1415 3310; x_wconf 89' lang='lat' dir='ltr'><strong>se-</strong></span> 
     </span>
     <span class='ocr_line' id='line_1_22' title="bbox 190 3348 1414 3448; baseline 0.003 -27"><span class='ocrx_word' id='word_1_172' title='bbox 190 3357 340 3445; x_wconf 89' lang='lat' dir='ltr'><strong>quentes</strong></span> <span class='ocrx_word' id='word_1_173' title='bbox 353 3348 559 3437; x_wconf 86' lang='lat' dir='ltr'><strong>constituta,</strong></span> <span class='ocrx_word' id='word_1_174' title='bbox 571 3349 919 3426; x_wconf 85' lang='lat' dir='ltr'><strong>anathematizamus</strong></span> <span class='ocrx_word' id='word_1_175' title='bbox 931 3376 1054 3426; x_wconf 91' lang='lat' dir='ltr'><strong>omnes</strong></span> <span class='ocrx_word' id='word_1_176' title='bbox 1066 3351 1220 3440; x_wconf 83' lang='lat' dir='ltr'><strong>hereses,</strong></span> <span class='ocrx_word' id='word_1_177' title='bbox 1237 3351 1414 3448; x_wconf 86' lang='lat' dir='ltr'><strong>praecipue</strong></span> 
     </span>
     <span class='ocr_line' id='line_1_23' title="bbox 191 3461 1415 3563; baseline 0.002 -27"><span class='ocrx_word' id='word_1_178' title='bbox 191 3461 398 3536; x_wconf 83' lang='lat' dir='ltr'><strong>Nestorium</strong></span> <span class='ocrx_word' id='word_1_179' title='bbox 415 3462 616 3540; x_wconf 88' lang='lat' dir='ltr'><strong>hereticum</strong></span> <span class='ocrx_word' id='word_1_180' title='bbox 634 3464 694 3562; x_wconf 92' lang='lat' dir='ltr'><strong>qui</strong></span> <span class='ocrx_word' id='word_1_181' title='bbox 713 3466 890 3562; x_wconf 88' lang='lat' dir='ltr'><strong>quondam</strong></span> <span class='ocrx_word' id='word_1_182' title='bbox 917 3465 1318 3563; x_wconf 84' lang='lat' dir='ltr'><strong>Constantinopolitanae</strong></span> <span class='ocrx_word' id='word_1_183' title='bbox 1344 3465 1415 3539; x_wconf 86' lang='lat' dir='ltr'><strong>fuit</strong></span> 
     </span>
     <span class='ocr_line' id='line_1_24' title="bbox 191 3575 1415 3676; baseline 0.002 -27"><span class='ocrx_word' id='word_1_184' title='bbox 191 3575 292 3650; x_wconf 92' lang='lat' dir='ltr'><strong>urbis</strong></span> <span class='ocrx_word' id='word_1_185' title='bbox 307 3575 511 3674; x_wconf 82' lang='lat' dir='ltr'><strong>Episcopus.</strong></span> <span class='ocrx_word' id='word_1_186' title='bbox 521 3579 743 3675; x_wconf 86' lang='lat' dir='ltr'><strong>Dampnatus</strong></span> <span class='ocrx_word' id='word_1_187' title='bbox 757 3578 794 3651; x_wconf 92' lang='lat' dir='ltr'><strong>in</strong></span> <span class='ocrx_word' id='word_1_188' title='bbox 807 3579 957 3656; x_wconf 92' lang='lat' dir='ltr'><strong>concilio</strong></span> <span class='ocrx_word' id='word_1_189' title='bbox 970 3578 1190 3676; x_wconf 77' lang='lat' dir='ltr'><strong>Ephesino,a</strong></span> <span class='ocrx_word' id='word_1_190' title='bbox 1203 3577 1303 3653; x_wconf 84' lang='lat' dir='ltr'><strong>beato</strong></span> <span class='ocrx_word' id='word_1_191' title='bbox 1317 3578 1415 3652; x_wconf 84' lang='lat' dir='ltr'><strong>Cele-</strong></span> 
     </span>
     <span class='ocr_line' id='line_1_25' title="bbox 191 3689 1416 3768; baseline 0 -4"><span class='ocrx_word' id='word_1_192' title='bbox 191 3691 284 3764; x_wconf 86' lang='lat' dir='ltr'><strong>stine</strong></span> <span class='ocrx_word' id='word_1_193' title='bbox 301 3693 370 3764; x_wconf 93' lang='grc' dir='ltr'><strong>ΡΡ.</strong></span> <span class='ocrx_word' id='word_1_194' title='bbox 389 3690 495 3765; x_wconf 88' lang='lat' dir='ltr'><strong>Urbis</strong></span> <span class='ocrx_word' id='word_1_195' title='bbox 512 3693 631 3766; x_wconf 81' lang='lat' dir='ltr'><strong>Romae</strong></span> <span class='ocrx_word' id='word_1_196' title='bbox 648 3703 685 3767; x_wconf 90' lang='lat' dir='ltr'><strong>et</strong></span> <span class='ocrx_word' id='word_1_197' title='bbox 706 3718 727 3764; x_wconf 88' lang='lat' dir='ltr'><strong>a</strong></span> <span class='ocrx_word' id='word_1_198' title='bbox 753 3693 949 3768; x_wconf 89' lang='lat' dir='ltr'><strong>venerabili</strong></span> <span class='ocrx_word' id='word_1_199' title='bbox 969 3693 1046 3767; x_wconf 90' lang='lat' dir='ltr'><strong>viro</strong></span> <span class='ocrx_word' id='word_1_200' title='bbox 1063 3691 1189 3768; x_wconf 83' lang='lat' dir='ltr'><strong>Cirillo</strong></span> <span class='ocrx_word' id='word_1_201' title='bbox 1207 3689 1416 3767; x_wconf 84' lang='lat' dir='ltr'><strong>Alexandri-</strong></span> 
     </span>
     <span class='ocr_line' id='line_1_26' title="bbox 191 3801 1415 3882; baseline 0.005 -6"><span class='ocrx_word' id='word_1_202' title='bbox 191 3828 246 3876; x_wconf 82' lang='lat' dir='ltr'><strong>nae</strong></span> <span class='ocrx_word' id='word_1_203' title='bbox 263 3801 425 3878; x_wconf 86' lang='lat' dir='ltr'><strong>civitatis</strong></span> <span class='ocrx_word' id='word_1_204' title='bbox 441 3803 612 3880; x_wconf 88' lang='lat' dir='ltr'><strong>antistite.</strong></span> <span class='ocrx_word' id='word_1_205' title='bbox 626 3804 802 3881; x_wconf 83' lang='lat' dir='ltr'><strong>Similiter</strong></span> <span class='ocrx_word' id='word_1_206' title='bbox 818 3806 1166 3882; x_wconf 86' lang='lat' dir='ltr'><strong>anathematizamus</strong></span> <span class='ocrx_word' id='word_1_207' title='bbox 1183 3804 1362 3881; x_wconf 88' lang='lat' dir='ltr'><strong>Euthicen</strong></span> <span class='ocrx_word' id='word_1_208' title='bbox 1378 3817 1415 3882; x_wconf 89' lang='lat' dir='ltr'><strong>et</strong></span> 
     </span>
     <span class='ocr_line' id='line_1_27' title="bbox 191 3917 1415 4018; baseline 0.003 -28"><span class='ocrx_word' id='word_1_209' title='bbox 191 3917 400 3992; x_wconf 89' lang='lat' dir='ltr'><strong>Dioscorum</strong></span> <span class='ocrx_word' id='word_1_210' title='bbox 415 3918 698 3994; x_wconf 81' lang='lat' dir='ltr'><strong>Alexandrinum</strong></span> <span class='ocrx_word' id='word_1_211' title='bbox 712 3921 751 3994; x_wconf 89' lang='lat' dir='ltr'><strong>in</strong></span> <span class='ocrx_word' id='word_1_212' title='bbox 765 3929 890 3995; x_wconf 88' lang='lat' dir='ltr'><strong>sancta</strong></span> <span class='ocrx_word' id='word_1_213' title='bbox 904 3919 1039 4018; x_wconf 84' lang='lat' dir='ltr'><strong>synodo</strong></span> <span class='ocrx_word' id='word_1_214' title='bbox 1055 3943 1162 4017; x_wconf 89' lang='lat' dir='ltr'><strong>quam</strong></span> <span class='ocrx_word' id='word_1_215' title='bbox 1181 3917 1366 4017; x_wconf 85' lang='lat' dir='ltr'><strong>sequimur</strong></span> <span class='ocrx_word' id='word_1_216' title='bbox 1378 3928 1415 3994; x_wconf 90' lang='lat' dir='ltr'><strong>et</strong></span> 
     </span>
     <span class='ocr_line' id='line_1_28' title="bbox 190 4030 1413 4133; baseline 0.004 -31"><span class='ocrx_word' id='word_1_217' title='bbox 190 4030 443 4128; x_wconf 87' lang='lat' dir='ltr'><strong>amplectimur</strong></span> <span class='ocrx_word' id='word_1_218' title='bbox 456 4031 712 4108; x_wconf 80' lang='lat' dir='ltr'><strong>Calcedonensi</strong></span> <span class='ocrx_word' id='word_1_219' title='bbox 729 4034 965 4133; x_wconf 88' lang='lat' dir='ltr'><strong>dampnatum</strong></span> <span class='ocrx_word' id='word_1_220' title='bbox 983 4059 1063 4132; x_wconf 84' lang='lat' dir='ltr'><strong>quae</strong></span> <span class='ocrx_word' id='word_1_221' title='bbox 1075 4043 1199 4110; x_wconf 85' lang='lat' dir='ltr'><strong>secuta</strong></span> <span class='ocrx_word' id='word_1_222' title='bbox 1217 4033 1413 4110; x_wconf 89' lang='lat' dir='ltr'><strong>secundum</strong></span> 
     </span>
     <span class='ocr_line' id='line_1_29' title="bbox 192 4145 1415 4248; baseline 0 -26"><span class='ocrx_word' id='word_1_223' title='bbox 192 4145 386 4222; x_wconf 90' lang='lat' dir='ltr'><strong>concilium</strong></span> <span class='ocrx_word' id='word_1_224' title='bbox 400 4147 578 4222; x_wconf 90' lang='lat' dir='ltr'><strong>Nicenum</strong></span> <span class='ocrx_word' id='word_1_225' title='bbox 594 4149 698 4223; x_wconf 90' lang='lat' dir='ltr'><strong>fidem</strong></span> <span class='ocrx_word' id='word_1_226' title='bbox 708 4150 948 4247; x_wconf 86' lang='lat' dir='ltr'><strong>Apostolicam</strong></span> <span class='ocrx_word' id='word_1_227' title='bbox 959 4149 1177 4248; x_wconf 83' lang='lat' dir='ltr'><strong>praedicavit.</strong></span> <span class='ocrx_word' id='word_1_228' title='bbox 1187 4151 1415 4224; x_wconf 87' lang='lat' dir='ltr'><strong>Detestamur</strong></span> 
     </span>
     <span class='ocr_line' id='line_1_30' title="bbox 192 4259 1416 4360; baseline 0 -26"><span class='ocrx_word' id='word_1_229' title='bbox 192 4271 227 4334; x_wconf 88' lang='lat' dir='ltr'><strong>et</strong></span> <span class='ocrx_word' id='word_1_230' title='bbox 235 4259 462 4334; x_wconf 86' lang='lat' dir='ltr'><strong>Timotheum</strong></span> <span class='ocrx_word' id='word_1_231' title='bbox 477 4261 687 4359; x_wconf 87' lang='lat' dir='ltr'><strong>patricidam</strong></span> <span class='ocrx_word' id='word_1_232' title='bbox 701 4263 845 4338; x_wconf 91' lang='lat' dir='ltr'><strong>illorum</strong></span> <span class='ocrx_word' id='word_1_233' title='bbox 858 4273 1096 4360; x_wconf 82' lang='lat' dir='ltr'><strong>cognomento</strong></span> <span class='ocrx_word' id='word_1_234' title='bbox 1108 4263 1298 4352; x_wconf 84' lang='lat' dir='ltr'><strong>imbutum,</strong></span> <span class='ocrx_word' id='word_1_235' title='bbox 1311 4262 1416 4337; x_wconf 92' lang='lat' dir='ltr'><strong>disci-</strong></span> 
     </span>
     <span class='ocr_line' id='line_1_31' title="bbox 192 4372 1416 4474; baseline 0.002 -29"><span class='ocrx_word' id='word_1_236' title='bbox 192 4372 316 4469; x_wconf 91' lang='lat' dir='ltr'><strong>pulum</strong></span> <span class='ocrx_word' id='word_1_237' title='bbox 335 4395 473 4471; x_wconf 88' lang='lat' dir='ltr'><strong>quoque</strong></span> <span class='ocrx_word' id='word_1_238' title='bbox 490 4373 604 4471; x_wconf 88' lang='lat' dir='ltr'><strong>ipsius</strong></span> <span class='ocrx_word' id='word_1_239' title='bbox 616 4385 653 4449; x_wconf 86' lang='lat' dir='ltr'><strong>et</strong></span> <span class='ocrx_word' id='word_1_240' title='bbox 666 4401 854 4474; x_wconf 90' lang='lat' dir='ltr'><strong>sequacem</strong></span> <span class='ocrx_word' id='word_1_241' title='bbox 867 4377 906 4451; x_wconf 93' lang='lat' dir='ltr'><strong>in</strong></span> <span class='ocrx_word' id='word_1_242' title='bbox 918 4377 1083 4453; x_wconf 90' lang='lat' dir='ltr'><strong>omnibus</strong></span> <span class='ocrx_word' id='word_1_243' title='bbox 1095 4381 1243 4451; x_wconf 87' lang='lat' dir='ltr'><strong>Petrum</strong></span> <span class='ocrx_word' id='word_1_244' title='bbox 1262 4375 1416 4451; x_wconf 87' lang='lat' dir='ltr'><strong>Alexan·</strong></span> 
     </span>
     <span class='ocr_line' id='line_1_32' title="bbox 193 4485 1415 4592; baseline 0.003 -31"><span class='ocrx_word' id='word_1_245' title='bbox 193 4485 337 4562; x_wconf 92' lang='lat' dir='ltr'><strong>drinum</strong></span> <span class='ocrx_word' id='word_1_246' title='bbox 347 4489 658 4586; x_wconf 80' lang='lat' dir='ltr'><strong>condempnemus.</strong></span> <span class='ocrx_word' id='word_1_247' title='bbox 668 4490 787 4566; x_wconf 86' lang='lat' dir='ltr'><strong>Etiam</strong></span> <span class='ocrx_word' id='word_1_248' title='bbox 801 4491 1104 4592; x_wconf 90' lang='lat' dir='ltr'><strong>condempnamus</strong></span> <span class='ocrx_word' id='word_1_249' title='bbox 1119 4490 1311 4567; x_wconf 83' lang='lat' dir='ltr'><strong>Acathium</strong></span> <span class='ocrx_word' id='word_1_250' title='bbox 1325 4491 1415 4566; x_wconf 79' lang='lat' dir='ltr'><strong>Con·</strong></span> 
     </span>
    </p>
   </div>
   <div class='ocr_carea' id='block_1_4' title="bbox 0 0 1796 5288">
    <p class='ocr_par' dir='ltr' id='par_1_4' title="bbox 0 0 1796 5288">
     <span class='ocr_line' id='line_1_33' title="bbox 0 0 1796 5288; baseline 0 0"><span class='ocrx_word' id='word_1_251' title='bbox 0 0 1796 5288; x_wconf 95' lang='lat' dir='ltr'><strong> </strong></span> 
     </span>
    </p>
   </div>
  </div>
 </body>
</html>
