3646 5292
924 413 960 425 -
991 378 1056 442 262
1082 410 1123 424 -

976 491 1067 614 uu.

646 710 729 763 Item
748 709 791 764 de
809 710 927 765 eodem
947 721 1018 776 cap.
1040 710 1147 762 xxm
1168 709 1251 762 inter
1269 707 1389 761 cetera.

504 845 542 920 Si
560 845 641 944 quis
657 846 700 922 de
717 848 846 922 massis
863 848 940 922 sive
957 847 999 923 do
1024 845 1172 922 coloniis
1198 843 1492 944 patrimoniorum
1517 846 1637 922 sancti

408 959 506 1035 Petri
525 960 693 1058 Apostoli,
710 960 753 1035 de
770 961 900 1060 quibus
916 961 1092 1037 hactenus
1110 959 1211 1034 nulla
1224 959 1463 1036 concessionis
1476 961 1634 1036 conscri-

413 1073 486 1173 ptio
499 1075 710 1174 repperitur,
723 1085 787 1150 aut
800 1075 980 1174 postulati,
988 1083 1052 1150 aut
1065 1075 1229 1150 suadenti
1243 1074 1474 1166 consenserit
1485 1075 1638 1151 Ananiae

408 1197 445 1263 et
462 1187 621 1286 Saphirae
637 1189 699 1288 qui
717 1190 759 1264 de
777 1189 927 1288 propriis
941 1189 1154 1266 mentientes
1167 1199 1251 1265 ante
1265 1189 1369 1288 pedes
1384 1189 1634 1288 Apostolorum

410 1300 668 1401 expiraverunt
684 1325 785 1400 paena
803 1302 987 1377 multetur.
1006 1305 1054 1378 Et
1070 1327 1140 1378 non
1158 1303 1273 1378 solum
1287 1302 1345 1378 his
1361 1304 1456 1402 apud
1469 1327 1574 1403 quem
1592 1304 1637 1380 de

410 1414 590 1512 praedictis
604 1415 710 1489 rebus
723 1415 887 1514 praecepti
901 1415 1056 1509 alicuius
1069 1419 1180 1493 series
1193 1417 1341 1493 inventa
1355 1418 1476 1508 fuerit,
1485 1443 1541 1493 rcs
1554 1418 1637 1492 illas

355 1613 360 1618 ,
409 1553 494 1604 cum
511 1527 680 1624 frugibus
693 1529 823 1628 quibus
836 1530 943 1606 exeis
956 1530 1090 1604 abusus
1103 1540 1158 1605 est
1171 1540 1299 1606 oxtotc
1312 1530 1489 1620 restituat,
1503 1530 1564 1606 sed
1580 1557 1637 1606 ea-

409 1639 490 1716 dem
508 1641 687 1738 scriptura
698 1651 843 1717 cassata
860 1643 974 1720 nichil
991 1668 1053 1741 per
1072 1645 1172 1719 illam
1191 1646 1363 1744 proficiat,
1381 1647 1634 1722 verumetiam

411 1781 494 1830 cum
508 1755 672 1831 omnibus
685 1755 753 1830 sibi
767 1757 1063 1834 convenientibus
1077 1769 1245 1857 perpetuo
1255 1759 1484 1834 anathemate
1498 1758 1635 1858 percul-

411 1894 584 1960 sussum
601 1871 689 1945 Iuda
714 1870 885 1946 traditore
911 1871 1053 1946 Domini
1079 1873 1191 1947 nostri
1217 1871 1324 1949 Ihesu
1350 1872 1484 1948 Christi
1510 1873 1634 1948 aeterni

412 1984 510 2083 ignis
526 1985 703 2063 incendiis
719 1997 900 2062 exuratur.

967 2177 1075 2262 Lllll.

770 2385 852 2437 Item
864 2385 895 2435 in
910 2382 1030 2436 eodem
1049 2395 1091 2436 ex
1110 2395 1182 2450 cap.
1202 2385 1287 2437 XXI.

510 2557 599 2631 Item
627 2554 831 2654 Apostolica
847 2555 1060 2632 auctoritate
1082 2557 1309 2654 praecipimus
1326 2567 1363 2632 et
1386 2557 1580 2645 sancimus
1596 2565 1638 2630 ut

413 2669 537 2758 amodo
557 2679 592 2745 et
608 2670 775 2769 deinceps
798 2669 923 2744 nullus
940 2669 1135 2746 cuiuslibet
1154 2670 1275 2768 gentis
1298 2670 1356 2746 vel
1373 2670 1508 2745 ordinis
1523 2669 1637 2759 homo,

415 2785 642 2874 monasteria,
654 2795 781 2876 cortes,
795 2810 943 2876 massas
951 2795 987 2860 et
996 2784 1101 2875 salas,
1113 2796 1189 2861 tam
1203 2811 1265 2884 per
1278 2788 1486 2860 Ravennam
1501 2795 1537 2860 et
1550 2787 1638 2859 Pen-

414 2898 560 2996 tapolim
579 2909 615 2974 et
627 2899 809 2990 Emiliam,
826 2925 933 2998 quam
951 2910 987 2975 et
1006 2925 1067 2998 per
1085 2901 1253 2974 Tusciam
1275 2901 1513 2973 Romanorum
1531 2908 1638 2996 atque

414 3013 701 3110 Iogobardorum
720 3025 756 3089 et
773 3038 877 3090 omne
894 3015 1117 3091 territorium
1136 3013 1252 3088 sancti
1267 3013 1364 3089 Petri
1382 3013 1541 3110 Apostoli
1558 3035 1638 3088 con·

415 3128 571 3216 stitutus,
590 3138 784 3227 praesumat
796 3127 997 3204 beneficiali
1011 3153 1119 3218 more,
1137 3137 1200 3202 aut
1212 3129 1355 3228 scripto,
1368 3137 1433 3202 ant
1445 3127 1515 3201 alio
1528 3125 1638 3224 quoli-

415 3241 475 3317 bet
492 3241 593 3316 modo
608 3251 727 3342 petere
745 3243 901 3342 recipere
919 3241 977 3318 vel
995 3241 1169 3331 conferre,
1187 3241 1344 3339 exceptis
1360 3239 1434 3314 illis
1452 3241 1637 3314 dumtaxat

415 3355 545 3455 quibus
566 3379 628 3454 pro
645 3355 864 3431 utilitatibus
881 3368 917 3433 et
935 3355 1084 3455 speciali
1109 3355 1257 3430 servitio
1274 3358 1308 3429 S.
1327 3357 1367 3430 R.
1385 3353 1566 3444 Ecclesia,
1578 3352 1637 3428 vel

415 3469 570 3544 ducatus
598 3469 884 3568 uniuscuiusque
909 3471 978 3546 loci
1003 3469 1262 3544 habitatoribus
1287 3468 1483 3566 praebetur,
1506 3467 1565 3542 vel
1593 3465 1637 3540 ad

331 3669 334 3677 .
415 3590 536 3658 vestra
549 3581 784 3681 dispensanda
798 3585 985 3660 constituti
1002 3593 1099 3673 sunt,
1112 3583 1188 3658 sive
1203 3583 1477 3656 constituentur.
1490 3581 1590 3668 Quod
1606 3581 1636 3655 si

417 3697 607 3797 quisquam
620 3696 707 3772 hnic
723 3706 843 3774 nostro
856 3709 991 3774 statuto
1004 3697 1181 3774 contraire
1195 3695 1436 3793 temptaverit,
1449 3704 1485 3770 et
1497 3695 1541 3771 de
1553 3721 1637 3794 prae

416 3811 500 3886 fatis
517 3809 735 3910 quibuslibet
750 3810 1001 3887 alicuiusmodi
1019 3811 1194 3909 scriptum
1212 3808 1279 3884 sibi
1296 3809 1372 3884 fieri
1393 3809 1636 3907 postulaverit,

417 3934 482 3999 aut
502 3923 610 3999 etiarn
627 3923 825 4000 beneficiali
845 3947 941 4000 more
959 3949 999 4001 ea
1018 3925 1173 4000 retinere
1190 3923 1468 4021 praesumpserit,
1492 3932 1636 4021 excepta

417 4039 676 4136 dispensatione
693 4037 886 4137 apostolica
902 4063 981 4137 quae
998 4038 1042 4112 ad
1066 4045 1304 4135 augmentum
1330 4046 1365 4111 ct
1389 4037 1578 4113 servitium
1603 4041 1636 4111 S.

417 4154 458 4225 R.
476 4149 646 4226 Ecclesiae
662 4175 740 4226 esse
756 4151 925 4252 probatur
942 4151 1137 4227 statuimus
1162 4161 1203 4226 ut
1227 4174 1298 4226 non
1323 4149 1438 4224 solum
1460 4151 1636 4250 scriptura

418 4264 482 4340 illa
499 4277 638 4341 cassata
655 4267 796 4342 nullum
817 4267 923 4343 robur
940 4267 1096 4354 obtineat
1109 4265 1302 4357 firmitatis,
1315 4267 1497 4342 sedetiam
1514 4265 1637 4362 fruges

421 4403 468 4454 ex
485 4379 538 4454 eis
555 4381 685 4479 quibus
702 4408 791 4456 usus
808 4393 861 4458 est
878 4381 1020 4457 omnino
1037 4383 1241 4472 restituens,
1257 4381 1370 4458 nichil
1386 4405 1432 4456 ex
1445 4379 1516 4457 hac
1532 4381 1638 4458 ambi·

418 4491 515 4570 tione
532 4493 590 4570 vel
608 4493 791 4573 beneficiis
808 4495 895 4597 ipsis
912 4495 1054 4574 lucratu
1073 4496 1311 4575 anathematis
1327 4495 1519 4574 subiaceat.
