3654 5302
910 389 1106 454 -398-

391 512 436 586 ab
449 512 563 589 hostis
576 512 668 606 facio
680 509 838 588 cavendo
851 511 1028 589 subducit.
1041 513 1140 590 Scire
1154 537 1309 611 namque
1322 511 1397 587 dux
1405 509 1507 586 debet
1517 508 1619 586 modo

391 628 436 703 ab
452 627 573 702 hostili
595 627 731 725 impetu
757 626 954 704 exercitum
981 637 1086 702 caute
1109 627 1330 715 subtrahere,
1356 625 1456 700 modo
1480 623 1618 698 hostem

393 741 626 819 circumfusis
644 741 812 817 cornibus
829 751 998 817 coartare.
1015 742 1117 829 Quod
1134 742 1307 816 nimirum
1335 739 1486 816 sollicite
1507 738 1588 835 perf
1604 779 1619 792 ·
1651 761 1656 770 ·

392 855 708 953 cti-praedicatores
725 853 896 930 exhibent
912 881 995 930 cum
1014 857 1116 931 modo
1133 855 1392 956 persecutionis
1410 852 1543 928 rabiem
1562 851 1620 926 de·

393 968 569 1044 clinantes
585 977 764 1043 noverunt
781 968 960 1066 sapienter
978 969 1039 1046 sed
1057 994 1127 1044 non
1152 971 1332 1046 enerviter
1356 969 1491 1056 cedere,
1516 966 1617 1040 modo

392 1091 513 1156 autem
530 1080 787 1179 persecutionis
804 1081 978 1180 impetum
996 1093 1289 1183 contempnentes
1306 1090 1485 1160 noverunt
1501 1079 1535 1156 ei
1549 1080 1618 1164 for-

392 1195 477 1268 titer
493 1193 640 1270 sednon
659 1193 923 1292 praecipitanter
939 1195 1092 1272 obviare.

958 1360 1093 1448 LXXX.

490 1533 688 1630 Gregorius
705 1532 743 1606 in
761 1531 888 1608 ultimo
904 1532 994 1610 libro
1012 1536 1211 1612 Moralium.
1229 1535 1435 1614 Obedientia
1460 1544 1516 1611 est
1539 1533 1617 1610 sola

274 1699 280 1708 .
393 1647 522 1738 virtus,
539 1671 618 1744 quae
635 1647 789 1721 virtutes
807 1656 945 1722 ceteras
963 1650 1076 1724 menti
1098 1650 1235 1740 inserit,
1253 1651 1475 1748 insertusque
1500 1657 1618 1724 custo

393 1759 455 1834 dit.
473 1762 524 1834 De
541 1783 611 1857 qua
628 1759 798 1835 Samuhel
816 1759 877 1834 ait.
895 1760 1022 1856 Melior
1038 1773 1092 1838 est
1108 1764 1306 1840 obedientia
1324 1789 1428 1862 quam
1448 1763 1617 1850 victimae,

393 1882 430 1948 et
445 1873 650 1948 auscultare
668 1874 786 1970 magis
808 1898 916 1971 quam
941 1874 1065 1950 offerre
1090 1877 1230 1976 adipem
1256 1879 1422 1968 arietum,
1447 1876 1617 1974 quoniam

394 1987 496 2085 quasi
513 1996 700 2088 peccatum
717 1985 890 2061 ariolandi
907 1998 961 2063 est
979 2013 1181 2086 repugnare
1198 2001 1235 2066 et
1258 1991 1362 2089 quasi
1387 1990 1507 2066 scelus
1529 1988 1617 2088 ydo-

393 2100 512 2175 latriae
528 2100 622 2175 nolle
640 2101 879 2198 acquiescere.
896 2102 1103 2178 Obedientia
1121 2105 1250 2204 quippe
1267 2105 1426 2181 victimis
1439 2105 1517 2178 iure
1530 2125 1619 2200 prae·

396 2213 551 2312 ponitur,
562 2215 652 2312 quia
670 2237 731 2312 per
753 2213 923 2289 victimas
948 2215 1067 2290 aliena
1091 2243 1183 2310 caro,
1200 2241 1262 2317 per
1278 2218 1512 2294 obedientiam
1532 2239 1617 2291 vero

397 2327 565 2404 voluntas
580 2327 720 2426 propria
737 2336 927 2404 mactatur.
945 2331 1058 2404 Tanto
1083 2355 1169 2428 ergo
1194 2332 1345 2430 quisque
1365 2335 1478 2407 Deum
1504 2331 1615 2406 citius

396 2442 524 2540 placat,
540 2451 672 2540 quanto
687 2451 771 2516 ante
788 2441 866 2516 eius
883 2441 1004 2517 oculos
1022 2467 1181 2542 repressa
1202 2446 1341 2524 arbitrii
1367 2445 1424 2520 sui
1449 2443 1616 2542 superbia

394 2555 516 2652 gladio
529 2555 695 2653 praecepti
706 2579 743 2629 se
753 2553 923 2630 immolat.
934 2558 1010 2643 Quo
1024 2566 1147 2632 contra
1159 2541 1330 2633 ariolandi
1344 2565 1530 2655 peccatum
1542 2553 1618 2630 ino-

392 2667 569 2744 bedientia
586 2667 729 2756 dicitur,
747 2676 788 2741 ut
805 2676 940 2764 quanta
957 2668 1004 2743 sit
1029 2671 1147 2746 virtus
1171 2671 1379 2748 obedientiae
1399 2672 1617 2745 demonstre-

393 2791 464 2855 tur.
481 2784 536 2855 Ex
552 2781 701 2854 adverso
718 2803 806 2875 ergo
823 2779 952 2855 melius
969 2785 1169 2860 ostenditur
1187 2785 1249 2883 qui
1267 2785 1309 2859 de
1325 2783 1404 2859 eius
1421 2783 1525 2858 laude
1538 2807 1618 2857 sen·

395 2894 517 2968 tiatur.
534 2894 573 2966 Si
587 2892 681 2968 enim
697 2893 799 2991 quasi
813 2904 999 2992 peccatum
1013 2897 1186 2971 ariolandi
1200 2906 1253 2972 ost
1267 2920 1469 2994 repugnare
1481 2903 1519 2970 et
1530 2897 1618 2992 qua'-

394 3007 424 3082 si
443 3006 561 3081 scelus
577 3005 766 3104 ydolatriae
783 3005 877 3080 nolle
894 3007 1133 3104 acquiescere,
1150 3008 1225 3083 sola
1240 3018 1296 3083 est
1311 3032 1380 3106 que
1404 3007 1487 3082 fidei
1512 3007 1617 3082 meri·

395 3128 473 3192 tum
491 3118 655 3216 possidet,
671 3118 748 3194 sine
767 3142 838 3216 qua
856 3121 1006 3217 quisque
1022 3119 1178 3196 infidelis
1195 3120 1433 3208 convincitur,
1449 3119 1558 3194 otiam
1585 3120 1617 3194 si

395 3231 560 3306 fidelibus
577 3255 654 3307 esse
671 3229 852 3307 videatur.
864 3231 959 3308 Hinc
976 3256 1038 3329 per
1056 3233 1278 3308 Salomonem
1295 3232 1334 3306 in
1356 3233 1561 3307 obedientiae
1582 3256 1618 3306 o-

395 3345 575 3420 stensione
593 3344 736 3419 dicitur.
755 3344 822 3417 Vir
838 3345 1004 3420 obediens
1020 3344 1178 3442 loquitur
1202 3344 1382 3433 victorias,
1406 3343 1463 3418 vir
1487 3345 1617 3443 quippe

393 3455 559 3534 obediens
585 3455 757 3531 victorias
781 3457 950 3555 loquitur,
974 3457 1059 3556 quia
1080 3458 1168 3534 dicit
1191 3458 1301 3532 alieni
1325 3457 1404 3533 voci
1428 3457 1617 3534 humiliter

393 3571 582 3645 subdimur
597 3569 834 3668 nosmetipsos
847 3570 885 3644 in
899 3570 1003 3645 corde
1021 3595 1244 3669 superamus.
1255 3571 1351 3647 Hinc
1364 3573 1539 3646 Dominus
1555 3571 1616 3645 ait.

393 3689 473 3759 Non
490 3708 634 3784 possum
647 3707 747 3781 egoa
763 3685 895 3785 meipso
912 3684 1106 3783 quicquam
1123 3683 1252 3774 facere,
1265 3683 1327 3758 sed
1339 3684 1435 3758 siout
1447 3684 1550 3757 audio
1563 3683 1617 3756 iu·

393 3797 481 3871 dico.
497 3796 608 3872 Nobis
625 3796 755 3896 quippo
772 3796 972 3872 obedientia
990 3821 1103 3894 usque
1115 3797 1161 3872 ad
1172 3819 1328 3872 amorem
1342 3796 1517 3872 servanda
1530 3821 1618 3894 pra.»

394 3909 538 4008 cipitur.
555 3912 635 4007 Ipse
651 3919 772 3984 autem
789 3909 820 3982 si
838 3909 934 3985 sicut
950 3909 1054 3982 audit
1069 3909 1215 3999 iudicat,
1232 3917 1321 3984 tunc
1337 3933 1475 4007 quoque
1499 3907 1618 3982 obedit

394 4031 484 4095 cum'
495 4021 603 4096 iudex
619 4021 729 4096 venit.
747 4025 801 4096 Ne
819 4021 936 4119 igitur
953 4021 1054 4096 uobis
1066 4046 1180 4120 usque
1192 4022 1237 4096 ad
1250 4023 1436 4121 praesentis
1447 4021 1532 4095 vitoe
1549 4031 1620 4095 ter·

393 4134 532 4208 minum
550 4133 747 4210 ohedientia
765 4134 937 4211 laboriosa
957 4143 1137 4233 appareat,
1162 4134 1361 4232 redemptor
1385 4143 1503 4208 noster
1528 4133 1620 4208 iudi·

393 4259 464 4336 cat,
482 4249 545 4346 qui
564 4248 657 4324 bano
674 4248 782 4324 etiam
800 4274 883 4324 cum
901 4250 1010 4324 index
1026 4248 1165 4329 venerit
1187 4258 1318 4324 servat.
1336 4247 1429 4334 Quid
1445 4271 1532 4344 ergo
1555 4249 1620 4320 mi-

394 4386 475 4435 rum
493 4361 525 4434 si
542 4371 705 4459 peccator
722 4361 825 4438 homo
842 4361 1051 4438 obedieutiae
1067 4363 1105 4434 in
1123 4361 1310 4462 presentis
1334 4359 1420 4434 vitra
1441 4358 1619 4434 brevitate

393 4497 430 4548 se
448 4473 591 4558 subicit.
608 4475 776 4574 quoniam
797 4476 891 4552 hano
916 4475 1090 4551 mediator
1108 4474 1172 4550 Dei
1198 4484 1235 4550 et
1259 4471 1445 4549 hominum
1470 4482 1507 4547 et
1533 4495 1621 4545 oum
