3646 5292
696 405 895 468 -245-

189 526 265 625 pria
283 526 498 601 monasteria
523 527 736 616 deserentes,
753 523 823 614 nisi
849 525 958 599 fortes
982 523 1035 599 eis
1060 524 1314 624 praecipiantur
1331 546 1408 623 pro·

186 649 263 740 pter
279 662 368 737 opus
384 638 625 715 necessarium
643 637 688 714 ab
705 637 866 738 episcopo
887 635 1226 714 civitatis'Nullum
1251 662 1337 716 vero
1354 666 1406 716 re·

185 752 304 851 cipere
322 775 467 827 servum
485 762 633 850 optentu
656 751 831 842 monachi,
849 748 978 852 praeter
1002 752 1060 827 sui
1077 751 1209 827 domini
1226 751 1409 830 conscien-

124 929 128 938 .
186 865 284 941 tiam.
302 866 640 962 Transgredientem
666 890 751 942 vero
768 865 864 942 hanc
889 865 1139 942 diffinitionem
1161 877 1331 958 nostram,
1347 893 1407 944 ex·

185 979 488 1057 communicatum
502 1005 579 1056 esse
596 980 834 1070 decrevimus,
843 1005 888 1056 ue
905 1005 1033 1056 nomen
1048 979 1112 1056 Ilei
1131 979 1407 1079 blasphemetur.

185 1097 443 1169 Verumtamen
460 1094 664 1193 episcopum
686 1094 847 1170 civitatis
875 1095 1044 1172 convenit
1060 1103 1317 1193 competentem
1336 1119 1406 1170 mo
1427 1090 1429 1094 ’

188 1207 426 1284 austeriorum
445 1208 706 1307 providentiam
724 1233 861 1306 gerere.

760 1411 820 1494 Vl.

428 1617 478 1668 cx
496 1617 557 1668 vn
576 1615 706 1680 synodo
725 1615 825 1668 cccc
844 1613 979 1668 ratum
997 1626 1069 1680 cap.
1089 1575 1162 1666 un.
1257 1575 1259 1580 ¹

280 1781 484 1857 Predieator
500 1777 670 1854 aecclesiae
687 1776 823 1852 Paulus
835 1776 981 1852 divinus
998 1776 1176 1874 apostolus
1192 1801 1235 1853 ac
1253 1776 1284 1851 si
1301 1799 1405 1853 cano

183 1919 266 1970 nem
284 1916 417 1991 ponens
433 1889 669 1989 Ephesiorum
688 1889 907 1988 presbyteris
926 1888 1035 1964 immo
1051 1913 1135 1964 vero
1152 1898 1189 1964 et
1205 1888 1301 1963 omni
1325 1913 1406 1962 san·

183 2016 252 2083 ctae
265 2005 493 2105 plenitudini,
502 2005 553 2079 ita
566 2003 782 2080 fiducialiter
795 2004 985 2102 perhibuit.
995 2009 1200 2100 Argentum
1213 2013 1251 2078 et
1262 2028 1404 2092 aurum,

182 2131 248 2196 aut
265 2130 401 2196 vestem
419 2119 558 2195 nullius
575 2117 776 2216 concupivi.
795 2119 925 2194 Omnia
948 2117 1086 2194 ostendi
1108 2116 1218 2208 vobis,
1235 2117 1404 2216 quoniam

184 2235 238 2311 sic
255 2233 456 2310 laborantes
472 2241 608 2334 oportet
623 2232 807 2331 suscipere
825 2231 998 2306 infirmos.
1023 2231 1171 2320 Beatius
1196 2230 1405 2307 existimans

182 2347 266 2422 dare
283 2370 392 2445 quam
409 2345 582 2444 accipere,
600 2355 740 2443 propter
757 2347 852 2445 quod
869 2355 905 2422 at
922 2369 986 2422 nos
1003 2345 1117 2422 edocti
1135 2345 1180 2421 ab
1204 2368 1255 2435 eo,
1275 2344 1404 2420 diffini·

182 2486 265 2537 mus
290 2459 497 2534 nullatenus
519 2459 723 2558 episcopum
742 2460 860 2558 turpis
877 2460 998 2557 gratia
1015 2461 1109 2535 lucri
1130 2459 1334 2556 excogitare
1358 2459 1403 2534 ad

185 2573 408 2651 excusandas
429 2573 676 2648 excusationes
695 2573 732 2648 in
751 2573 920 2672 peccatis,
938 2582 1101 2671 expetere
1118 2597 1248 2647 aurum
1265 2571 1325 2648 vel
1350 2598 1405 2648 ar-

185 2698 348 2786 gentum,
365 2697 429 2763 aut
445 2687 554 2762 aliam
580 2688 732 2786 speeiem
752 2691 797 2764 ab
813 2689 988 2788 episcopis
1005 2689 1063 2763 vel
1081 2688 1222 2765 clericis
1247 2687 1306 2763 val
1332 2711 1404 2762 mo·

187 2801 314 2879 naehis
333 2801 394 2901 qui
412 2801 478 2876 sub
491 2802 567 2902 ipso
584 2811 680 2877 sunt.
697 2803 760 2877 Ait
777 2805 872 2906 enim
887 2803 1087 2902 Apostolus.
1099 2806 1180 2878 Non
1197 2802 1325 2879 debent
1338 2803 1404 2877 filii

184 2916 393 3014 parentibus
415 2915 667 3006 thesaurizare,
684 2916 745 2992 sed
762 2931 929 3016 parentes
947 2919 1042 2994 filiis.
1059 2921 1106 2994 Et
1122 2921 1253 2993 Petrus
1269 2929 1404 3020 aposto·

185 3029 253 3104 lus.
272 3029 412 3104 Pascite
431 3029 492 3128 qui
510 3029 548 3104 in
565 3029 665 3106 vobis
687 3037 742 3106 est
757 3055 909 3130 gregem
928 3032 1082 3124 Domini,
1098 3055 1169 3108 non
1187 3041 1318 3123 coacte,
1342 3032 1404 3109 sed

185 3151 389 3242 spontaneae
405 3143 603 3220 secundum
622 3145 748 3235 Deum,
760 3171 826 3222 nec
840 3147 957 3245 turpis
974 3146 1067 3222 lucri
1085 3145 1217 3244 gratia,
1229 3170 1344 3246 neque
1361 3155 1403 3222 ut

181 3257 405 3334 dominantes
422 3258 460 3332 in
478 3257 583 3348 clero,
601 3259 662 3334 sed
678 3259 792 3334 forma
813 3261 900 3336 facti
922 3262 1060 3358 gregis,
1077 3271 1214 3337 etcum
1231 3285 1402 3360 apparue-

182 3371 231 3445 rit
247 3371 412 3471 princaps
429 3381 625 3470 pastorum,
641 3372 845 3471 percipietis
862 3373 1196 3452 immarcescibilem
1213 3397 1389 3452 coronam.

747 3575 826 3660 vlt

603 3753 609 3764 ’
639 3779 688 3831 Ex
705 3777 779 3832 aad.
799 3779 942 3847 synodo.

277 3939 448 4040 Quisquis
464 3939 649 4039 episcopus
667 3939 724 4017 vel
748 3941 858 4018 abbas
882 3943 1055 4020 inventus
1074 3943 1184 4020 luerit
1200 3943 1243 4020 de
1260 3941 1401 4019 salariis

182 4055 361 4158 episcopii,
378 4053 437 4131 val
463 4054 668 4131 monasterii
694 4055 889 4132 transferre
914 4056 1107 4157 quicquam
1132 4055 1170 4130 in
1195 4055 1400 4156 principum

181 4195 322 4260 manus,
338 4167 397 4243 vel
422 4167 529 4261 etiam
547 4169 610 4243 alii
627 4193 784 4267 personae
810 4171 982 4263 conferre,
999 4171 1143 4246 irritum
1168 4171 1216 4248 sit
1233 4171 1325 4270 quod
1342 4171 1401 4247 da·

180 4293 260 4358 tum
278 4308 353 4360 esse
379 4282 576 4372 constituit,
593 4284 792 4360 secundum
818 4309 990 4362 canonem
1008 4295 1213 4362 sanctorum
1230 4285 1401 4384 apostolo·

182 4424 276 4488 rum,
288 4397 349 4496 qui
362 4397 459 4473 dieit.
469 4398 640 4472 Omnium
657 4398 984 4475 ecclesiasticarum
999 4423 1120 4474 rerum
1138 4398 1325 4497 episcopus
1340 4397 1402 4474 ha·

181 4511 264 4587 beat
287 4511 564 4589 sollicitudinem
589 4521 626 4590 et
650 4512 830 4613 dispenset
854 4537 914 4590 aas
938 4522 1121 4612 tamquam
1150 4513 1221 4590 Deo
1245 4521 1399 4589 contem·
