3642 5294
726 399 899 460 -31..

194 522 296 608 Quod
312 520 476 618 quisquis
495 543 556 616 per
573 545 651 594 eam
669 526 896 616 promovetur
913 516 1053 593 alienus
1070 527 1124 593 est
1136 544 1157 590 a
1171 543 1272 594 sacro
1288 520 1420 598 ordine.

271 634 357 729 Cap.
373 636 471 707 XIII.
490 643 526 708 et
543 636 658 707 XIIII.

194 748 248 821 De
265 746 416 844 pecunie
432 746 661 843 promotionis
677 771 785 821 causa
803 754 969 842 suscepta
987 755 1022 820 et
1040 746 1082 821 de
1100 745 1158 819 his
1180 745 1242 842 qui
1260 771 1338 821 eam
1364 771 1422 823 ac·

267 861 417 958 cipiunt.
434 861 518 959 Cap.
537 861 621 935 CLI.
639 863 684 934 X.
703 861 806 936 CLII.

196 976 248 1048 De
264 974 323 1046 his
335 974 398 1071 qui
412 973 630 1070 compellunt
642 973 679 1048 id
691 974 783 1072 quod
796 983 919 1048 contra
933 973 987 1048 fos
1000 984 1055 1049 est
1067 997 1187 1070 agere.
1201 973 1285 1072 Cap.
1303 976 1421 1049 XXX.

268 1091 310 1160 In
329 1088 362 1161 Ιο
379 1087 438 1160 lib.
456 1088 704 1162 CLXXXIIII.

197 1202 250 1273 De
266 1199 323 1272 his
340 1200 401 1297 qui
419 1209 543 1274 contra
560 1223 682 1297 pacem
700 1199 872 1276 Ecclesiae
890 1211 985 1276 sunt.
1004 1201 1089 1297 Cap.
1106 1203 1314 1275 XXXVIII.

196 1317 248 1388 De
266 1314 458 1412 expetendo
475 1314 634 1388 humano
646 1316 779 1390 auxilio
792 1325 917 1391 contra
930 1315 1081 1388 eosdem.
1095 1314 1180 1410 Cap.
1193 1316 1291 1387 XVI.
1304 1315 1421 1387 XXII.

269 1429 423 1500 XXVII.
441 1428 495 1500 LI.
514 1430 604 1502 LXI.
623 1429 732 1501 LXII.
750 1430 913 1501 LXVIII.
931 1429 1131 1501 LXXVIII.
1157 1427 1267 1500 CVII.
1293 1427 1422 1500 CVIII.

271 1541 400 1615 CXIII.
419 1541 566 1614 CXIIII.
583 1545 626 1614 In
645 1541 757 1638 primo
775 1540 864 1614 libro
883 1541 1116 1614 CCXXXVI.

195 1653 570 1730 Declericisutrumse
579 1653 792 1727 armistueri
802 1653 961 1727 debeant.
971 1653 1421 1749 CapCXXXICXXXII.

194 1765 314 1840 Dahis
323 1764 485 1862 quiiuste
496 1787 573 1839 reos
582 1764 747 1862 puniunt.
757 1765 1021 1863 Cap.XXVIII.
1031 1767 1219 1840 XXVIIII.
1230 1767 1421 1839 XXXVII.

266 1881 358 1951 LXI.
377 1877 542 1952 CXXVI.

195 1990 296 2078 Quod
314 1989 405 2063 illud
422 1989 514 2087 quod
532 1991 726 2064 necessitas
753 2013 815 2087 pro
840 1989 993 2065 remedio
1019 1989 1150 2086 reperit
1175 1999 1336 2064 cessante
1358 2013 1418 2064 ne·

266 2105 443 2192 cessitate,
460 2103 563 2178 debet
580 2129 729 2178 cessare.
747 2105 831 2201 Cap.
850 2104 988 2178 CLVII.

193 2218 295 2304 Quod
312 2217 483 2290 maiorem
500 2217 641 2290 ruinam
667 2217 776 2292 saciat
802 2217 913 2290 maior
937 2215 1043 2290 turba
1069 2217 1307 2313 peccantium.
1334 2215 1419 2312 Cap.

193 2443 1418 2542 QuodamdeponitentiaInprimoIib.cap.XXXVIII.InII⁰XVIIIL

265 2558 321 2632 CI.
340 2557 415 2632 CII.
442 2557 533 2630 CIII.
559 2557 669 2631 CIIII.
693 2560 734 2630 In
760 2558 827 2630 III⁰
854 2559 1053 2631 LXXXVI.
1073 2559 1115 2629 In
1132 2557 1218 2630 IIII⁰
1235 2579 1311 2653 cap.
1337 2558 1418 2629 XV.

263 2673 410 2745 LXXII.
428 2671 592 2745 LXXVI.
610 2671 757 2746 CXVII.
775 2671 878 2746 CLX.
