3582 5288
684 462 724 478 ·-
753 431 811 494 131
840 461 880 478 -

175 551 340 626 restituto
353 551 453 626 nobis
467 551 770 625 Pannoniensium
785 553 1011 650 Episcopatu,
1023 552 1132 626 liceat
1144 550 1310 650 praedicto
1327 549 1345 624 f
1383 591 1396 606 ·

177 667 224 742 tri
242 677 363 742 nostro
380 666 557 742 Methodio
574 666 636 764 qui
654 665 768 740 illico
794 667 882 744 Sede
909 665 1112 764 Apostolica
1135 665 1331 740 ordinatus*
1342 674 1397 739 est

172 781 530 882 secundampriscam
540 781 833 857 consuetudinem
844 779 965 870 libere,
974 805 1053 878 quoe
1062 789 1148 855 sunt
1157 778 1325 878 Episcopi
1335 801 1397 874 ge·

174 917 263 970 rere.
279 895 388 971 Idem.
407 899 526 971 Monte
544 920 640 971 mero
657 893 773 969 dulcis
791 893 975 982 Clavanie,
993 893 1086 968 inter
1099 902 1227 966 cetera.
1241 895 1397 988 Quapro-

173 1017 252 1106 pter
269 1008 502 1084 admonemus
518 1018 554 1083 te
571 1019 613 1082 ut
630 1009 897 1108 progenitorum
915 1015 1058 1080 tuorum
1081 1015 1226 1080 secutus
1251 1028 1397 1091 morem,

173 1137 351 1220 qnantum
371 1131 468 1220 potes
484 1123 529 1198 ad
547 1121 836 1198 Pannonensium
855 1119 990 1196 reverti
1006 1118 1150 1194 studeas
1171 1117 1336 1192 diocesin.
1350 1121 1396 1191 Et

172 1234 256 1333 quia
273 1235 350 1310 illio
367 1235 438 1309 iam
465 1237 675 1332 Deogratias
700 1236 820 1311 assde
837 1233 931 1310 beati
950 1231 1047 1307 Petri
1070 1229 1229 1329 Apostoli
1255 1229 1397 1327 Episco-

173 1374 240 1448 pus
257 1349 443 1424 ordinatus
460 1360 525 1440 est,
538 1351 582 1424 ad
595 1351 708 1448 ipsius
721 1347 931 1446 pastoralem
946 1369 1093 1420 recures
1105 1342 1395 1418 sollicitudinem.

718 1579 846 1663 011011.

271 1805 445 1882 Iohannes
463 1805 658 1904 Episcopus
675 1802 984 1880 commonitorium
1004 1801 1115 1876 Panlo
1132 1800 1303 1898 Episcopo
1315 1799 1395 1873 fun·

173 1920 276 2014 genti
299 1920 478 2016 legatione
501 1922 539 1993 in
564 1919 796 1994 Germaniam
821 1926 856 1992 ot
882 1915 1116 2004 Pannoniam,
1140 1914 1234 1988 inter
1258 1922 1397 1988 caetera.

174 2035 207 2104 N
209 2057 267 2105 am
285 2057 355 2108 non
372 2035 486 2108 solnm
503 2033 599 2108 intra
616 2033 757 2107 Italiam
772 2023 814 2107 ac
827 2040 974 2106 caeteras
988 2028 1176 2126 Hesperies
1193 2026 1397 2125 provincias

175 2169 301 2219 rernm
319 2147 427 2220 etiam
445 2147 539 2220 intra
557 2145 666 2220 totins
684 2144 825 2242 Illyrici
844 2146 931 2218 fines
953 2141 1235 2218 consecrationes
1261 2139 1400 2214 ordina-

175 2260 289 2336 tiones
305 2271 341 2337 et
361 2263 606 2361 dispositiones
625 2259 827 2359 Apostolioa
846 2256 928 2332 sede
949 2265 1086 2353 patrate
1102 2252 1303 2351 antiquitus
1316 2274 1398 2327 con-

176 2374 306 2464 suevit,
324 2376 418 2450 sicut
434 2374 607 2450 nonnulla
625 2383 766 2470 regesta
783 2382 819 2447 et
835 2368 1113 2466 conscriptiones
1130 2365 1330 2466 synodales,
1347 2373 1399 2438 at·

174 2509 242 2584 que
259 2487 418 2585 ipsarum
437 2512 575 2587 quoque
588 2486 744 2585 plurima
757 2483 992 2560 ecclesiarum
1006 2481 1044 2554 iu
1058 2481 1116 2554 his
1128 2480 1323 2578 positarum
1341 2478 1398 2553 de·

176 2611 377 2676 monstrant
394 2603 620 2677 monimenta.
639 2605 685 2674 Et
697 2601 801 2674 infra.
819 2601 926 2672 Porro
943 2595 975 2670 si
992 2596 1035 2670 de
1052 2617 1225 2668 annorum
1251 2614 1400 2666 numero

175 2735 263 2810 quos
285 2713 375 2788 forte
399 2724 569 2789 causatur
594 2713 685 2788 sciat
710 2713 802 2810 quod
827 2712 921 2786 inter
947 2709 1169 2786 Christianos
1194 2716 1230 2782 et
1254 2730 1312 2781 eos
1338 2705 1399 2803 qui

176 2826 286 2900 unius
303 2826 382 2902 fidei
401 2836 496 2916 sunt,
513 2853 686 2902 numerus
704 2837 825 2901 certus
841 2827 970 2899 affixus
986 2833 1050 2898 est.
1068 2824 1238 2898 Ceterum
1256 2819 1316 2894 ubi
1342 2843 1400 2916 pa·

175 2961 354 3034 ganorum
371 2949 408 3014 et
424 2935 689 3015 incredulorum
707 2939 806 3013 furor
824 2939 861 3013 in
879 2963 988 3014 causa
1001 2948 1066 3027 est,
1079 2934 1302 3035 quantalibet
1314 2957 1401 3030 prae-

178 3063 320 3128 tereant
336 3063 506 3154 tempora,
523 3053 594 3128 iuri
612 3076 683 3127 non
700 3053 909 3150 praeiudicat
924 3051 1169 3138 ecclesiarum,
1187 3073 1266 3148 quae
1282 3069 1401 3145 corpo·

178 3165 268 3238 ralia
278 3167 481 3242 nescientes
489 3191 600 3256 arma,
610 3167 723 3239 solum
735 3167 926 3243 Dominum
935 3177 971 3242 et
981 3174 1279 3265 propugnatorem
1293 3187 1399 3237 suum

178 3279 316 3376 quinci
336 3279 511 3377 placuerit
528 3279 690 3354 misereri
707 3279 883 3378 patienter
901 3288 1098 3380 expectant.
1123 3281 1263 3352 Verum
1288 3276 1319 3350 si
1341 3301 1401 3350 an-

177 3416 305 3468 norum
317 3393 545 3491 prolixitasin
556 3392 939 3492 talibusimpeditergo
948 3396 1045 3467 Dens
1058 3392 1133 3488 ipse
1147 3388 1402 3488 reprehenden-

178 3505 245 3580 dus
262 3515 327 3596 est,
345 3505 407 3602 qui
425 3505 548 3581 0000
565 3514 602 3580 et
617 3508 727 3580 XXX
742 3527 855 3580 annos
871 3505 962 3579 filios
988 3502 1124 3578 Israhel
1140 3503 1183 3576 de
1208 3500 1400 3576 durissima

180 3619 356 3694 servitute
374 3617 570 3693 Pharaonis
582 3628 620 3693 et
632 3619 775 3693 fornace
788 3619 904 3695 ferrea
916 3618 1094 3694 liberavit.
1109 3617 1231 3693 Sedet
1247 3615 1323 3713 ipse
1339 3639 1402 3712 per

180 3756 216 3807 se
233 3733 456 3830 Redemptor,
473 3733 534 3832 qui
551 3734 711 3808 omnium
729 3755 846 3829 genus
863 3741 941 3830 post
957 3739 1009 3806 tot
1026 3753 1200 3810 annorum
1227 3727 1341 3802 millia
1358 3727 1401 3802 de

179 3846 310 3921 inferni
329 3846 497 3921 claustris
515 3846 658 3944 eripuit.

718 4047 864 4132 oxovt

562 4253 611 4304 Ex
628 4251 760 4316 regesto
778 4251 833 4302 v1.
853 4250 1019 4317 Stephani.

275 4414 479 4512 Stephanus
501 4413 697 4512 Episcopus
715 4437 842 4489 servus
860 4436 1044 4486 servorum
1063 4413 1140 4488 Dei.
1157 4415 1314 4487 Romano
1338 4417 1404 4486 Ar-

183 4527 402 4626 chiepiscopo
421 4527 631 4601 Ravennati.
655 4531 768 4602 Nosse
794 4537 892 4599 tuam
920 4527 1278 4602 venerabilitudinem
1304 4527 1403 4601 volu·
