3654 5302
726 375 924 440 -393-

215 520 319 577 61666
336 496 430 595 quod
444 495 650 598 desiderant
666 520 736 572 666
758 491 922 593 negatur.
941 496 1038 574 Idem
1063 499 1102 572 in
1127 495 1331 577 moralibus,
1348 496 1439 571 Iusti
1463 547 1465 554 ι

217 619 361 708 6166161
378 610 450 685 6116
468 608 612 706 flogella
628 611 673 685 ad
689 621 813 686 616166
828 611 960 686 ,ficiunt
982 610 1126 708 gaudia,
1143 610 1247 686 Unde
1269 619 1306 685 et
1322 609 1441 683 iustus

218 723 257 796 iu
277 723 378 821 penis
394 724 553 818 gaudere
564 807 566 814 ,
578 723 691 814 debet,
708 735 745 799 61
769 723 890 822 166166
914 725 953 798 16
970 722 1262 822 prosperitatibus
1279 721 1382 797 debet
1398 721 1442 796 ti·
1581 764 1585 770 ·

138 889 143 895 -
219 861 326 913 mere.
343 841 390 912 Et
407 862 522 937 neque
539 835 683 928 616616,
700 863 815 938 neque
834 864 855 911 6
881 837 1023 934 reprobo
1040 839 1138 912 Deus
1162 835 1439 911 misericordiam

218 959 255 1026 et
279 949 456 1026 iustitiam
483 951 647 1027 retrahit.
663 955 758 1026 Nam
784 961 900 1052 61661
917 951 1101 1026 bonoshic
1125 975 1190 1050 per
1211 949 1440 1032 afflictionem

218 1064 365 1157 iudicat,
382 1075 418 1142 et
441 1066 529 1142 illuc
559 1077 811 1144 remuneratur
840 1091 902 1168 661
927 1065 1204 1140 miserationem.
1220 1067 1266 1140 Et
1293 1061 1441 1136 malose

218 1180 395 1255 contrario
413 1193 617 1258 remunerat
634 1208 695 1280 661
712 1181 942 1279 temporalem
956 1178 1194 1268 clementiam,
1211 1186 1247 1253 61
1263 1177 1301 1250 16
1319 1177 1337 1251 1
1355 1185 1441 1272 turo

148 1347 151 1353 ,
219 1295 325 1392 punit
349 1319 412 1394 per
440 1285 610 1378 aeternam
635 1297 823 1372 iustitiam.
841 1294 943 1370 Unde
968 1281 1091 1367 iuhac
1108 1291 1185 1364 rita
1210 1290 1327 1390 661611
1343 1291 1441 1364 Deus

221 1406 330 1504 inpiis
359 1417 396 1482 61
423 1429 496 1481 666
524 1409 639 1506 661611
663 1409 797 1486 6166116.
814 1411 862 1482 Et
885 1407 924 1481 in
949 1405 1020 1479 alia
1045 1404 1161 1503 parcit
1177 1403 1301 1478 electis
1318 1412 1354 1478 61
1370 1425 1442 1476 666

220 1529 342 1618 parcet
365 1520 509 1620 iniquis.
526 1525 574 1596 Et
598 1531 676 1617 post
692 1531 841 1598 mortem
859 1521 1005 1619 iniquus
1024 1519 1169 1594 ducitur
1186 1517 1451 1606 61616616166,

102 1627 105 1632 ¹
221 1633 340 1708 iustus
358 1658 442 1709 voro
459 1645 537 1733 post
562 1635 717 1711 laborem
742 1622 872 1712 dormit
896 1660 1054 1710 securus.
1070 1637 1164 1708 Nam
1190 1632 1225 1706 si
1238 1631 1442 1730 peccaverit

219 1746 1113 1848 1661666116161666611161161116661166166616
1131 1746 1254 1843 diligit
1267 1745 1442 1820 Dominus

222 1861 380 1960 corripit,
397 1871 433 1938 et
449 1863 610 1960 flagellat
625 1887 765 1939 omnem
788 1865 901 1937 filium
921 1887 1025 1961 quem
1052 1861 1189 1960 recipit,
1208 1870 1248 1935 ut
1265 1859 1348 1934 dum
1367 1884 1443 1938 car.-

221 1975 278 2048 uis
295 1974 412 2052 dolore
428 1985 492 2050 aut
517 1977 746 2072 tribulatione
775 1978 955 2068 atteritur,
972 2003 994 2050 6
1018 1975 1144 2050 mundi
1169 1997 1288 2049 amore
1305 1996 1443 2073 separe·

221 2099 294 2180 161,
310 2101 347 2164 61
363 2091 489 2165 161166
507 2090 604 2167 61166
620 2091 751 2168 6166166
768 2092 806 2166 16
824 2093 893 2170 hoc
910 2093 987 2166 vita
1004 2093 1101 2166 Deus
1125 2089 1215 2188 agit,
1232 2097 1269 2165 et
1292 2087 1444 2164 fortiori·

221 2203 290 2279 bus
306 2203 462 2302 flagellis
479 2214 515 2282 61
531 2206 689 2282 611166116
714 2207 891 2297 16166161,
909 2215 950 2282 61
970 2206 1070 2280 66116
1085 2205 1342 2281 oblectamento
1357 2228 1445 2303 6116-

223 2319 338 2394 666116
366 2319 452 2394 vitae
476 2319 710 2412 delectentur,
727 2321 788 2397 sed
812 2320 992 2396 coelestem
1021 2317 1444 2419 661116616116611616-

225 2434 326 2531 quies
343 2442 553 2532 expectatur
569 2434 812 2510 indesinenter
830 2436 1039 2510 desiderent.
1057 2437 1104 2507 Et
1120 2432 1330 2531 plerumque
1347 2434 1444 2506 Deus

221 2547 358 2622 iustum
374 2547 536 2644 flagellat
547 2574 598 2624 -ne
615 2549 657 2624 de
670 2575 736 2624 sua
750 2550 888 2624 iustitia
902 2547 1109 2648 superbiens
1121 2545 1234 2623 cadat.
1243 2549 1335 2620 Nam
1350 2545 1443 2644 quod

223 2661 345 2758 diligit
358 2663 464 2752 11666,
477 2661 543 2736 sub
561 2662 752 2760 disciplina
769 2664 926 2759 castigat
944 2671 985 2736 61
1001 2670 1101 2762 66161
1121 2669 1157 2736 61
1173 2660 1301 2758 impios
1314 2661 1381 2736 sub
1394 2661 1442 2736 di-

221 2775 347 2850 stricta
368 2775 594 2850 damnatione
620 2787 662 2850 ut
685 2775 803 2852 hostes
827 2777 1050 2852 adversarios
1076 2777 1188 2873 punit.
1206 2775 1309 2853 Unde
1335 2801 1445 2850 unus·

224 2890 374 2988 quisque
391 2891 536 2966 festinet
553 2916 573 2963 a
592 2891 685 2965 malo
709 2891 889 2988 corrigere
915 2917 963 2980 se,
982 2916 1027 2968 66
1053 2891 1163 2966 simul
1189 2893 1348 2990 rapiatur
1366 2892 1442 2964 vita

223 3027 304 3077 cum
332 3003 448 3101 66166.
466 3008 512 3078 Et
536 3004 631 3082 delet
653 3003 838 3103 flagellum
851 3007 1089 3104 ‚temporalem
1107 3005 1250 3114 culpam
1268 3015 1444 3104 quantum

226 3118 421 3193 mutaverit
437 3119 475 3191 in
493 3119 623 3194 melius
647 3121 760 3194 vitam
786 3146 898 3195 66616.
914 3124 1008 3195 Nam
1025 3120 1131 3196 cuius
1149 3143 1262 3194 mores
1279 3141 1350 3192 666
1368 3113 1444 3192 mu·

224 3232 404 3306 16616116
429 3233 657 3324 6161166666
682 3235 802 3332 expiat
825 3235 991 3310 actiones.
1009 3232 1134 3307 Omnis
1158 3231 1281 3324 divina
1304 3257 1447 3330 percus·

172 3416 173 3420 ,
223 3345 667 3445 61666161161616666116
684 3347 851 3447 purgatio
868 3356 1010 3438 estant
1025 3345 1169 3420 16111616
1188 3369 1287 3443 66616
1299 3371 1445 3445 sequen

223 3459 282 3535 tis.
299 3463 346 3534 Et
370 3460 582 3558 quibusdam
607 3463 752 3560 flagella
777 3461 822 3536 ab
838 3448 907 3536 hac
924 3460 1001 3534 vita
1018 3458 1189 3564 inchoant
1205 3469 1240 3534 et
1256 3458 1294 3532 in
1312 3469 1445 3534 6116166

225 3574 451 3672 percussione
468 3576 672 3673 perdurant.
690 3575 792 3652 Unde
809 3599 872 3674 per
888 3577 1040 3672 Moysen
1065 3571 1208 3646 dicitur.
1223 3573 1326 3668 Ignis
1347 3597 1446 3649 exar-

224 3689 273 3763 sit
289 3688 334 3763 ab
350 3689 405 3761 116
422 3713 512 3779 6166,
529 3698 566 3764 61
589 3689 729 3766 ardebit
746 3713 858 3788 usque
876 3685 921 3763 ad
938 3687 1070 3761 inferos
1091 3685 1265 3762 deorsum.
1282 3686 1384 3763 Unde
1409 3695 1446 3762 61

224 3801 352 3892 David,
373 3802 578 3900 operiantur
595 3803 690 3879 sicut
706 3803 858 3904 diploide
874 3801 1080 3879 confusione
1105 3825 1181 3874 sua.
1198 3799 1445 3899 Diplois'euim

224 3919 379 4017 dupplex
395 3928 450 3994 est
462 3918 730 3994 vestimentum.
740 3921 816 4006 Quo
829 3915 1032 4014 figuraliter
1049 3913 1211 3989 induitur
1228 3914 1291 4014 qui
1306 3923 1342 3990 et
1357 3925 1447 3990 tem-

223 4031 335 4131 porali
352 4053 444 4131 pana
462 4043 497 4108 ct
515 4042 648 4108 aeterna
669 4033 871 4107 damnatur.
888 4035 935 4106 Et
952 4029 1163 4105 Hieremias.
1180 4028 1345 4127 Dupplici
1366 4051 1448 4104 con·

224 4144 370 4234 tritione
395 4155 556 4221 conteret
581 4169 640 4222 eos
658 4147 764 4222 Deus.
779 4145 956 4220 Contritio
981 4169 1089 4243 super
1118 4143 1363 4219 contritionem
1393 4151 1448 4218 est

223 4259 370 4356 gemina
394 4257 662 4350 1616661161116
686 4259 776 4334 6116
795 4259 916 4335 161616
941 4259 1080 4334 saeculo.
1097 4261 1190 4332 Nam
1212 4264 1346 4333 secreto
1364 4280 1447 4354 quo

223 4375 306 4448 dam
323 4373 388 4450 Dei
406 4373 536 4450 iudicio
553 4373 765 4473 quibusdam
782 4372 845 4447 hic
860 4374 953 4448 male
970 4383 1025 4449 est
1041 4381 1077 4450 et
1093 4371 1182 4451 illuc
1194 4371 1294 4461 bene,
1306 4379 1348 4444 nt
1361 4369 1446 4446 dum

224 4487 285 4564 hio
307 4488 551 4591 corriguntur,
567 4487 612 4568 ab
636 4497 770 4569 aeterua
794 4486 1046 4591 dampnatione
1070 4484 1277 4566 liberentur.
1294 4481 1446 4576 Quibus·
