3642 5294
700 348 917 418 ’-59-

729 591 945 678 XXXVIIII.

325 818 500 916 Episcopo
518 841 588 892 non
605 815 715 896 licere
733 841 796 917 pro
812 844 849 894 se
861 821 973 896 aliurn
989 843 1229 901 successorem
1245 825 1313 900 sibi
1326 827 1456 902 consti-

225 939 338 1021 tuere,
354 931 442 1008 licet
458 931 503 1006 ad
520 931 660 1006 exitum
678 932 763 1008 vitae
780 933 975 1032 perveniat.
993 937 1093 1024 Quod
1111 936 1142 1011 si
1159 937 1230 1014 tale
1247 938 1385 1038 aliquid
1403 939 1421 1012 f
1441 981 1452 996 ·

226 1053 326 1118 ctum
344 1043 467 1133 fuerit,
482 1045 624 1120 irritum
644 1071 720 1120 esse
738 1045 983 1124 huiuscemodi
1008 1051 1256 1127 constitutum.
1278 1055 1453 1128 Servetur

225 1167 347 1234 autem
364 1159 424 1234 ius
439 1151 724 1236 ecclesiasticum
742 1161 778 1236 id
795 1163 993 1252 continens,
1009 1164 1075 1240 hoc
1091 1177 1228 1263 oportet
1252 1190 1322 1240 non
1347 1167 1453 1242 aliter

228 1272 316 1360 fieri,
333 1271 404 1346 nisi
421 1295 505 1348 cum
522 1273 643 1350 sinodo
659 1284 696 1349 et
711 1274 843 1350 iudicio
860 1276 1125 1376 Episcoporum,
1143 1280 1206 1378 qui
1223 1291 1301 1378 post
1317 1279 1452 1354 obitum

227 1385 448 1486 quiescentis
465 1396 672 1497 potestatem
691 1388 798 1464 habet
815 1389 877 1488 qui
894 1390 1028 1487 dignus
1045 1391 1226 1470 exstiterit
1242 1392 1452 1490 promoveri.

807 1619 877 1704 XL.

323 1843 428 1920 Nulli
447 1844 620 1944 Episcopo
645 1846 753 1922 liceat
776 1872 798 1920 a
823 1848 1009 1944 parrochia
1033 1848 1072 1922 in
1096 1849 1203 1922 aliam
1229 1850 1451 1948 parrochiam

227 1958 381 2033 transire
399 1981 513 2055 neque
526 1981 587 2055 per
600 1958 823 2034 voluntatem
843 1989 957 2052 suam,
970 1988 1120 2062 nequea
1138 1963 1277 2062 populis
1289 1965 1363 2038 vim
1377 1989 1454 2062 pas·

227 2097 320 2160 sum,
336 2095 453 2169 neque
465 2071 510 2146 ab
522 2072 703 2170 aliquibus
717 2073 901 2174 Episcopis
913 2087 1087 2153 coactum.
1102 2081 1316 2154 Permanere
1328 2089 1450 2154 autem

228 2210 312 2260 eum
329 2194 489 2284 oportere
506 2185 544 2258 in
562 2210 633 2284 qua
650 2187 836 2262 ordinatus
852 2203 907 2267 est
923 2192 1097 2268 adomino
1110 2194 1148 2265 in
1162 2192 1346 2291 principio,
1358 2191 1453 2268 sicut

228 2307 301 2380 iam
319 2306 453 2380 dudum
472 2316 526 2381 est
543 2307 730 2406 prolatum.

799 2527 886 2612 XLI.

324 2753 642 2829 Commonitorium
660 2754 764 2828 fratri
782 2743 954 2846 Faustino
969 2755 1154 2852 Episcopo
1171 2763 1208 2829 et
1220 2753 1304 2828 filiis
1322 2752 1455 2851 Philip·

230 2891 273 2968 po
290 2875 328 2942 et
345 2866 465 2943 Asello
481 2867 718 2967 Presbyteris.
742 2868 903 2943 Zosimus
920 2868 1125 2966 Episcopus.
1138 2865 1249 2942 Vobis
1265 2867 1454 2942 commissa

228 2981 374 3079 negotia
393 3003 462 3056 non
480 2981 605 3070 latent,
624 2983 733 3057 ctiam
752 3006 815 3057 vos
831 2982 882 3055 ita
900 3005 942 3056 sc
959 2980 991 3054 si
1008 2989 1140 3069 nostra,
1156 2980 1265 3055 immo
1286 2979 1370 3078 quia
1395 3002 1454 3054 no

227 3105 303 3170 stra
320 3094 371 3168 ibi
388 3094 427 3167 in
445 3094 546 3168 vobis
563 3095 752 3192 praesentia
768 3104 824 3170 est
840 3105 972 3170 cuncta
989 3093 1162 3192 peragite,
1187 3093 1345 3168 maxime
1369 3117 1453 3168 curn

228 3208 295 3284 hoc
304 3219 465 3282 nostrum
479 3207 623 3304 possitis
635 3207 763 3283 habere
779 3211 1000 3297 mandatum,
1013 3207 1171 3284 etvcrba
1185 3230 1455 3305 canonumque

228 3322 474 3421 impleniorem
501 3321 707 3398 firmitatem
732 3322 818 3398 huic
844 3322 1111 3399 commonitorio
1140 3321 1370 3396 inseruimus.
1398 3323 1453 3394 Ita

228 3437 323 3512 enim
336 3437 506 3512 dixerunt
519 3438 648 3512 fratres
661 3437 701 3511 in
716 3437 876 3514 Concilio
888 3436 1136 3512 Niceno.0um
1147 3435 1190 3509 de
1201 3433 1453 3532 Episcoporum

228 3550 464 3649 appellatione
480 3551 723 3627 decernerent.
741 3551 885 3627 Placuit
897 3561 1030 3640 autem,
1043 3561 1085 3624 ut
1097 3548 1127 3624 si
1141 3549 1338 3647 Episcopus
1349 3571 1455 3622 accu-

229 3675 329 3740 satus
346 3665 467 3753 fuerit,
488 3674 524 3740 et
549 3665 790 3741 iudicaverint
817 3663 1029 3760 congregati
1055 3659 1230 3759 Episcopi.
1254 3663 1302 3735 Et
1325 3669 1453 3736 cetera.

228 3782 346 3867 Quere
364 3786 458 3853 retro
474 3777 512 3852 in
531 3777 692 3854 Concilio
710 3777 914 3854 Sardiccnsi
932 3776 1089 3875 capitulo
1106 3776 1222 3849 XXII.

794 4008 899 4092 XIII.

298 4235 453 4326 Placuit,
471 4246 511 4311 ut
527 4237 744 4335 quicumque
761 4236 807 4310 ad
820 4236 1028 4311 comitatum
1042 4235 1095 4309 ire
1108 4233 1273 4322 voluerit,
1286 4232 1453 4308 informa·

229 4359 266 4424 ta
278 4373 357 4449 quse
370 4350 415 4424 ad
428 4349 561 4426 Urbem
574 4353 721 4425 Romam
737 4348 896 4426 mittitur
909 4348 1107 4436 intimetur,
1120 4357 1161 4423 ut
1174 4347 1267 4424 idem
1284 4347 1393 4422 etiam
1409 4347 1454 4422 ad

230 4462 435 4538 comitatum
458 4463 609 4540 formam
627 4461 791 4564 accipiat.
808 4462 909 4552 Quod
930 4461 962 4538 si
982 4461 1161 4562 accipiens
1186 4460 1230 4535 ad
1255 4462 1451 4536 Romanam
