3642 5294
761 431 876 492 ...xl
902 463 951 476 ....

470 748 705 830 FRAGMENTA
734 749 1002 831 EPISTULARUM
1032 749 1181 832 demut
1211 751 1233 832 I.
1330 741 1333 748 ’

512 1027 550 1078 IN
570 1024 823 1081 COLLECTIONE
842 1024 951 1080 CARD.
971 1025 1196 1080 DEUSDEDI'I'.

357 1424 377 1472 «
398 1397 479 1474 Lib.
500 1397 528 1494 1,
548 1423 578 1474 e.
612 1399 698 1477 139.
719 1397 897 1476 Gelestae
919 1397 1101 1503 Helpe'de’o
1128 1399 1314 1502 Episcopo
1352 1401 1416 1478 Vol
1440 1445 1456 1459 -
1497 1427 1500 1436 ·

237 1567 260 1620 »
290 1553 436 1622 terreae
465 1543 566 1621 e'eter
590 1553 715 1622 cetere.
738 1545 817 1638 Quo
843 1568 953 1640 aare,
982 1569 1058 1644 que
1087 1544 1283 1622 temeritate
1311 1556 1373 1624 ele.
1402 1545 1458 1623 nti

238 1713 262 1764 >>
290 1687 390 1793 apud
409 1687 633 1796 Gratianum
653 1716 770 1768 cause.
786 1689 932 1785 XXIII,
952 1715 985 1792 q.
1006 1689 1043 1784 8,
1062 1715 1092 1766 o.
1112 1692 1180 1784 26,
1197 1689 1263 1768 ubi
1282 1698 1460 1768 eorreoto-

237 1863 260 1913 »
289 1862 346 1913 ras
372 1835 532 1916 Romani
561 1835 599 1912 in
629 1817 736 1914 notis'
755 1863 800 1912 ex
829 1834 1042 1913 collectione
1060 1835 1256 1942 Polycarpi
1284 1836 1407 1916 Iocum
1438 1867 1460 1916 a

238 2009 261 2058 »
291 1983 697 2092 Deusdeditomissum
726 1980 1004 2088 suppleverunt.
1025 1985 1106 2059 Hoo
1133 1981 1390 2086 fragmentum
1419 1983 1458 2064 in

220 2157 262 2208 ->›
290 2131 467 2212 Conoiliis
486 2131 666 2208 omissum
685 2156 772 2210 oum
792 2127 921 2206 ceteris
940 2127 1193 2233 reponendum
1212 2143 1278 2208 est.
1499 2095 1503 2102 ⁴

353 2306 374 2353 »
396 2276 476 2355 Lib.
502 2277 535 2373 l,
554 2276 696 2355 0:140.
720 2275 896 2357 Gelestae
916 2275 1101 2378 Meybre'eo
1128 2287 1162 2354 et
1188 2277 1341 2357 Joeeeee'
1356 2280 1455 2382 Ept-

239 2451 265 2501 »
291 2423 423 2527 scopa.
443 2423 505 2501 Ite
533 2447 599 2500 aes
618 2423 946 2525 Sqeee'lleee'eoeaem
976 2423 1098 2504 caedes
1111 2424 1309 2525 eeme'eeta
1327 2425 1458 2503 Poeti-

110 2609 115 2617 ·
241 2597 265 2648 a
287 2571 401 2662 team
432 2579 493 2648 ete.
514 2567 571 2647 uti
601 2567 699 2674 apud
728 2567 900 2645 eumdem
931 2566 1157 2649 Gratianum
1187 2596 1305 2648 cauas.
1324 2572 1455 2669 XXV,

238 2743 262 2795 »
317 2719 382 2816 ,2,
401 2744 431 2796 o.
453 2719 517 2797 25.

291 2743 313 2822 q
354 2891 376 2941 »
397 2862 478 2943 Lib.
499 2866 537 2962 3,
556 2889 586 2941 o.
608 2866 672 2945 92.
695 2861 871 2944 Gelenius
897 2863 1101 2959 Crescente,
1119 2863 1272 2943 Joeuee‘
1297 2874 1331 2944 et
1356 2866 1456 2945 Mes·

239 3035 263 3090 »
288 3009 390 3090 selae
407 3010 618 3114 Episcope's.
639 3011 880 3090 Deeeosoraae
905 3017 1049 3089 statute
1076 3018 1137 3088 etc.
1158 3008 1215 3088 uti
1244 3011 1342 3118 apud
1363 3015 1470 3093 Gra·

242 3183 266 3234 »
289 3155 437 3236 tianum
458 3154 547 3234 ibid.
567 3182 596 3234 o.
622 3158 683 3255 19,
703 3155 768 3236 ubi
788 3155 884 3234 male
903 3129 1106 3236 Measete'ee
1124 3157 1337 3262 Epeoeope'e.

285 3367 290 3378 .
354 3328 376 3380 »
398 3302 479 3382 Lib.
501 3305 537 3400 3,
557 3330 587 3381 o.
617 3306 681 3382 93.
703 3303 881 3384 Gelestae
907 3303 1060 3382 Joeaae'
1083 3302 1270 3406 Episcopo
1298 3305 1456 3383 Sereno.

239 3486 254 3519 ι
289 3451 434 3529 Certum
453 3459 507 3528 est
523 3450 671 3552 quidem
691 3458 753 3528 ete.
774 3447 831 3526 uti
859 3418 966 3554 apud
979 3445 1203 3528 Gratianum
1233 3445 1277 3524 de
1296 3473 1454 3528 conseer.

239 3623 262 3673 »
288 3593 371 3672 dist.
390 3597 421 3691 I,
436 3621 466 3673 o.
484 3597 520 3672 7.
536 3595 671 3672 Noster
690 3599 814 3670 autem
835 3592 949 3670 oodex
969 3589 1073 3670 addit
1091 3589 1132 3668 in
1151 3590 1239 3669 fine:
1254 3595 1359 3673 Dete
1374 3595 1457 3672 lea·-
1564 3669 1568 3677 .

242 3767 265 3818 »
289 3741 356 3820 tue
375 3741 537 3845 Apelleo.

353 3917 375 3966 »
397 3888 478 3968 Lib.
497 3891 535 3985 3,
554 3913 584 3966 o.
615 3887 679 3967 94.
708 3887 885 3996 Gelestae
913 3887 1115 3967 uenerant
1138 3887 1334 3993 Episcopo.
1365 3889 1456 3968 Pe'ee

243 4063 265 4112 »
288 4037 425 4116 meete's
451 4035 700 4141 eenolecteea’e
719 4033 859 4114 eleoote'o
888 4043 954 4130 est,
981 4060 1057 4137 que
1084 4058 1121 4112 se
1153 4031 1291 4112 ratres
1333 4033 1369 4112 V.
1400 4034 1454 4112 H.

243 4209 266 4260 »
291 4181 365 4290 (vir
383 4177 622 4286 honorabilis)
643 4191 704 4259 ete.
724 4177 781 4258 uti
802 4178 840 4256 in
858 4177 1036 4260 Gratiano
1049 4207 1172 4258 eausa.
1191 4181 1300 4277 XVI,
1320 4206 1354 4284 q.
1370 4181 1408 4281 7,
1424 4207 1455 4260 e.

242 4352 265 4414 »=
287 4327 352 4405 aa.
373 4323 497 4404 codex
517 4323 621 4402 aeae
639 4323 680 4402 in
699 4324 792 4403 fine:
812 4327 917 4405 aaa
935 4325 1048 4404 rere
1061 4323 1151 4402 me.
1171 4301 1353 4428 aequet.

284 4529 288 4538 .
322 4491 325 4497 ·
357 4499 378 4548 >>
399 4471 479 4551 Lib.
495 4474 532 4570 3,
548 4497 578 4550 o.
598 4473 685 4552 199.
703 4471 879 4554 (telesiae
894 4469 1103 4576 Aqitatpto
1115 4481 1202 4576 post
1219 4481 1346 4552 cetere.
1365 4473 1456 4551 Pee-
