3638 5294
732 412 928 476 -469-

207 552 256 603 ex
270 528 396 604 Africa
409 529 593 620 advectus,
605 529 729 605 urbam
743 509 838 605 omni
857 533 1019 631 praesidio
1035 543 1188 610 vacuam
1205 537 1370 628 obtinuit,
1382 563 1438 615 oc·

207 649 381 715 currente
403 639 470 714 sibi
489 640 608 715 eodem
635 653 758 717 sancto
774 646 889 721 Leone
905 646 1066 746 episcopo
1082 659 1185 724 extra
1202 661 1349 750 portam.
1367 653 1437 728 Cu·

88 748 93 758 '
206 753 270 828 ius
289 752 500 855 supplicatio
517 755 569 829 ita
585 780 667 830 eum
686 757 835 831 Domino
852 759 1000 835 iuvante
1018 760 1141 837 linivit
1158 771 1199 836 ut
1215 788 1299 838 cum
1316 765 1436 842 omnia

207 868 250 940 in
268 869 348 943 eius
365 876 537 966 potestate
554 880 675 945 essent
699 871 842 962 tradita,
858 872 903 946 ab
924 873 1004 969 igni
1029 883 1149 949 tamen
1165 883 1202 950 et
1217 877 1311 953 oaede
1328 887 1435 976 atque

207 981 401 1082 suppliciis
417 981 666 1058 abstineretur.
684 985 818 1071 Quinta
835 985 973 1060 decima
994 986 1139 1062 interim
1164 987 1231 1075 die,
1248 1013 1375 1087 secura
1399 1000 1436 1066 et

206 1094 326 1171 libera
343 1096 571 1187 scrutatione,
588 1098 633 1172 ab
653 1098 819 1172 omnibus
834 1097 959 1196 opibus
983 1098 1059 1172 suis
1076 1102 1187 1174 Roma
1211 1111 1365 1178 vacuata
1381 1111 1436 1178 est

209 1209 322 1284 annis
339 1235 360 1282 a
377 1234 443 1286 sna
459 1209 665 1286 condicione
682 1211 780 1286 mille
799 1209 859 1286 OC
875 1219 912 1285 et
929 1213 1017 1286 VIII
1033 1212 1196 1288 evolutis.

764 1410 879 1496 oxu.

397 1612 446 1662 Ex
465 1613 509 1664 1v
526 1612 609 1666 libro
627 1611 760 1678 ystorias
779 1613 1011 1684 ecclesiasticae
1030 1627 1102 1682 cap.
1116 1617 1253 1684 ¹lot-llll.
1308 1683 1328 1690 ,-

308 1772 487 1848 Gordiano
503 1797 587 1847 curn
605 1797 668 1871 per
684 1777 736 1848 VI
753 1797 866 1849 annos
882 1777 1081 1850 Romanurn
1106 1775 1344 1875 gubernasset
1369 1777 1435 1851 im·

211 1885 367 1983 perium,
381 1885 568 1983 Philippus
581 1911 749 1961 unacum
767 1887 839 1961 filio
852 1913 917 1963 suo
929 1889 1093 1987 Philippo
1105 1891 1288 1966 successit.
1302 1891 1353 1964 De
1365 1890 1434 1966 hoc

207 1999 384 2073 traditum
402 1998 504 2073 nobis
521 2000 685 2096 estquod
703 1999 933 2075 Christianus
950 2002 1071 2089 fuerit,
1088 2012 1128 2091 et,
1148 2001 1187 2075 in
1212 2002 1268 2076 dle
1286 2001 1433 2093 Pascha,

208 2111 302 2186 idest
319 2113 358 2185 in
368 2107 461 2209 ¹ipsis
476 2113 615 2207 vigiliis
628 2137 712 2187 oum
725 2115 897 2189 interesse
915 2113 1097 2202 voluisset,
1114 2121 1150 2189 et
1167 2114 1433 2189 communicare

208 2224 393 2314 misteriis,
410 2225 455 2300 ab
472 2225 643 2324 Episcopo
657 2226 726 2302 loci
739 2250 809 2301 non
823 2227 924 2324 prius
940 2251 1015 2300 esse
1028 2226 1256 2325 permissum,
1268 2227 1338 2300 nisi
1353 2250 1434 2301 oon-

207 2341 371 2414 fiteretur
387 2349 534 2438 peccata
551 2365 628 2429 sua,
645 2349 681 2415 et
696 2341 792 2415 inter
808 2339 1009 2439 penitentes
1025 2348 1147 2426 staret,
1164 2364 1231 2416 nec
1245 2339 1317 2412 ullo
1331 2341 1432 2416 modo

206 2452 277 2528 sibi
295 2453 431 2550 copiam
451 2453 691 2528 misteriorum
708 2453 882 2542 futuram,
899 2452 970 2526 nisi
995 2453 1095 2550 prius
1117 2477 1180 2550 per
1196 2451 1431 2550 penitentiam

206 2565 334 2664 culpas
351 2590 429 2664 quae
447 2565 488 2640 de
506 2589 545 2640 eo
562 2565 769 2640 ferebantur
785 2566 949 2664 plurimas
965 2567 1145 2643 doluisset.
1163 2571 1293 2642 Fertur
1315 2568 1431 2663 igitur

204 2705 290 2754 eum
307 2679 458 2754 libenter
471 2678 562 2776 quod
575 2703 597 2750 a
609 2680 787 2754 sacerdote
801 2679 1014 2778 imperatum
1029 2681 1146 2756 fuerat
1158 2682 1368 2779 suscepisse,
1381 2681 1431 2756 di·
1479 2740 1481 2746 ,

207 2793 337 2868 vinum
355 2793 423 2868 sibi
440 2793 557 2867 inesse
575 2801 722 2883 metum,
740 2801 776 2868 et
792 2795 895 2869 fidem
915 2795 1100 2892 religionis
1117 2795 1361 2893 plenissimam
1378 2821 1431 2871 re·

205 2907 276 2982 bus
293 2919 329 2982 et
344 2907 509 3005 operibus
527 2906 766 3003 comprobans.
784 2913 889 2982 Anno
905 2907 1046 3007 imperii
1070 2909 1126 2983 sui
1153 2911 1224 2984 VII
1248 2934 1331 2984 cum
1357 2909 1430 2984 filio

206 3018 373 3120 Philippo
389 3045 411 3093 a
427 3019 536 3096 Decio
551 3020 736 3096 occiditur.

754 3159 898 3305 onon
1009 3193 1011 3199 ’
1107 3195 1113 3204 ’

533 3425 582 3476 Ex
600 3423 646 3476 XI
663 3422 748 3478 libro
769 3424 917 3478 eiusdem
933 3425 1098 3491 hystoriae.

303 3587 396 3662 Cum
409 3585 504 3686 apud
517 3584 806 3662 Thessalonicam
821 3584 993 3663 seditione
1007 3596 1137 3677 exorta,
1150 3586 1295 3686 quidam
1308 3611 1353 3663 en
1366 3587 1430 3661 mi·

205 3699 373 3775 litaribus
390 3699 447 3774 vir
464 3701 600 3798 impetu
617 3699 746 3774 fuisset
763 3699 883 3800 populi
900 3699 1054 3774 furentis
1071 3699 1263 3792 extinctus,
1277 3700 1430 3776 Theodo

207 3814 283 3889 sins
299 3815 490 3912 imperator
508 3793 686 3911 repentini
703 3814 823 3888 nuntii
841 3813 1030 3889 atrocitate
1047 3839 1254 3906 succensus,
1269 3816 1316 3892 ad
1327 3815 1429 3892 ludos

208 3928 399 4004 Cirnenses
415 3925 563 4000 invitari
580 3925 761 4024 populum,
786 3926 888 4026 eique
905 3951 950 4002 ex
970 3927 1162 4026 improviso
1186 3928 1429 4004 circumfundi

208 4039 340 4126 milites
356 4049 464 4136 atque
482 4039 697 4114 obtruncare
710 4039 842 4136 passim
855 4063 1014 4138 quosque
1026 4041 1225 4118 occurrisse
1237 4041 1359 4137 gladio
1375 4042 1429 4118 iu·

206 4154 275 4243 bet,
292 4163 328 4229 et
345 4152 543 4227 vindictam
561 4153 646 4228 dare
665 4175 735 4226 non
753 4153 899 4228 crimini
916 4153 978 4229 sed
994 4153 1116 4230 furori.
1134 4153 1187 4230 Ob
1211 4153 1278 4230 hoc
1302 4180 1385 4230 cum
1406 4180 1428 4228 a

206 4267 449 4342 sacerdotibus
466 4266 580 4340 Italiae
596 4275 823 4362 argueretur,
840 4267 991 4362 agnovit
1012 4267 1194 4356 delictum,
1212 4268 1427 4366 culpamque

206 4405 290 4455 cum
308 4379 469 4455 lacrimis
494 4375 685 4479 professus
710 4379 891 4478 publicam
917 4381 1148 4480 penitentiam
1174 4382 1212 4455 in
1237 4392 1430 4478 conspectu

206 4493 317 4568 totius
334 4487 505 4570 aeclesia
522 4493 655 4592 exegit,
667 4503 702 4571 et
714 4493 752 4568 in
769 4493 835 4570 hoc
851 4493 920 4571 sibi
932 4502 1073 4594 tempus
1089 4493 1284 4594 ascriptum
1297 4493 1430 4593 absque
