3618 5316
889 391 1018 458 -282
1043 423 1083 440 -

374 505 580 583 interfuisse
597 518 755 584 atroces
779 533 870 608 qum,
883 507 1092 586 seditionem
1117 520 1383 586 commoverent
1411 511 1594 589 iactitasse

374 621 556 710 dicuntur,
578 620 609 694 si
634 621 686 696 ita
715 629 770 696 est
794 621 972 708 distinete
990 648 1032 699 ea
1055 623 1231 700 inminere
1261 623 1397 700 ultione
1427 626 1594 716 sustemi,

374 759 440 810 nec
458 757 518 832 pro
535 758 684 835 persona
701 734 801 809 illius
818 735 866 810 sit
883 737 1057 812 severitas
1075 748 1195 813 vestra
1212 738 1404 826 remissior,
1419 738 1503 836 quia
1519 765 1593 814 am·

373 847 468 945 plius
485 846 637 922 feriendi
660 857 757 938 sunt,
774 859 907 946 quanto
932 858 1053 946 utpote
1070 851 1199 926 nobilis
1216 851 1359 926 feminae
1377 853 1477 950 pueri
1495 854 1594 928 oxole

374 961 539 1061 superbia
561 960 799 1059 deliquerunt.
817 962 886 1037 Sed
910 973 947 1038 ct
963 959 1054 1037 illud
1075 963 1200 1038 subtili
1221 963 1402 1039 indatione
1419 966 1594 1066 perquiri-

373 1083 419 1162 te,
436 1084 558 1150 utrum
577 1099 622 1150 ne
640 1075 808 1173 praedicta
826 1075 961 1151 femina
980 1077 1017 1148 in
1035 1086 1134 1152 tante
1151 1077 1284 1154 scelere
1301 1077 1466 1154 habuerit
1482 1082 1595 1156 consi·

373 1187 474 1277 lium,
486 1197 551 1262 aut
564 1187 593 1262 si
611 1213 695 1263 cum
708 1187 787 1262 eius
799 1197 853 1263 est
865 1189 1084 1264 conscientia
1097 1200 1351 1290 perpetratum,
1364 1201 1406 1266 ut
1424 1195 1594 1290 quamsit

376 1299 618 1398 periculosum
644 1324 714 1375 non
740 1301 854 1375 solum
881 1303 1059 1393 manibus,
1084 1305 1278 1380 sedetiam
1307 1305 1345 1378 in
1376 1307 1593 1382 sacerdotem

375 1413 495 1488 verbis
518 1413 686 1489 excedere
703 1439 748 1489 ex
763 1425 882 1490 nostra
897 1418 1018 1491 cuncti
1033 1417 1170 1514 possint
1186 1417 1388 1494 defensione
1406 1443 1594 1516 cognosce-

379 1550 427 1602 re.
446 1525 572 1624 Siquid
586 1527 691 1610 ¹eninr
718 1527 756 1600 in
780 1527 850 1604 hac
874 1555 983 1605 causa
1000 1539 1179 1606 tentatum
1198 1531 1318 1622 fuerit,
1335 1531 1394 1606 vel
1411 1532 1594 1624 omissum,

375 1641 421 1714 ad
448 1649 549 1714 tuam
575 1640 717 1739 culpam
747 1667 790 1716 ac
819 1643 936 1740 potius
965 1655 1157 1741 cognoscat
1182 1645 1359 1742 pertinere
1383 1645 1593 1745 periculum.

380 1753 477 1828 Idem
496 1754 643 1852 praefato
660 1753 771 1830 Paulo
788 1755 958 1854 episcopo.
975 1758 1074 1832 Licet
1097 1782 1168 1834 non
1186 1757 1411 1835 mediocriter
1427 1784 1496 1834 non
1514 1783 1594 1836 con-

378 1865 580 1941 tristaverit
609 1891 715 1965 quam
747 1892 786 1941 es
814 1893 1002 1968 perpessus
1031 1870 1213 1962 iniuriam,
1236 1871 1410 1947 habemus
1437 1873 1592 1970 aliquam
1690 1925 1696 1931 -

375 1989 470 2055 tunc
481 1980 758 2056 consolationem
776 1982 869 2079 quod
886 1982 1028 2059 laudem
1043 1993 1143 2058 tuam
1160 1985 1247 2062 huic
1265 1985 1315 2060 rai
1333 1986 1449 2060 inesse
1467 2009 1594 2082 cogno

376 2094 509 2182 vimus,
525 2095 568 2172 ob
586 2095 622 2168 id
642 2095 734 2193 quod
751 2119 813 2194 pro
830 2097 1010 2194 aequitatis
1027 2099 1244 2174 rectitudine
1260 2099 1325 2174 hoc
1343 2109 1518 2197 quantum
1535 2123 1592 2174 no

374 2207 430 2282 bis
459 2207 594 2283 directa
624 2207 751 2283 relatio
777 2210 944 2309 patefecit
969 2211 1160 2311 pertulisti.
1177 2217 1227 2290 Ut
1251 2237 1338 2309 ergo
1361 2213 1406 2288 ad
1422 2215 1590 2288 maiorem

376 2320 528 2416 gloriam
547 2321 612 2396 tibi
630 2321 841 2420 applicetur,
858 2323 935 2400 haec
962 2350 1018 2400 res
1035 2327 1274 2402 constantiam
1292 2335 1393 2400 tuam
1411 2352 1478 2402 nec
1496 2327 1590 2400 fran-

374 2459 472 2530 gere,
489 2461 557 2511 nco
573 2461 595 2509 a
612 2436 670 2509 via
688 2436 792 2512 debet
808 2437 974 2514 veritatis
990 2449 1162 2514 avertere.
1179 2441 1272 2514 Nam
1292 2439 1404 2512 maior
1421 2439 1458 2512 in
1476 2463 1588 2514 sacer·

372 2549 515 2625 dotibus
532 2574 669 2625 merces
686 2559 751 2640 est,
776 2551 814 2624 in
840 2551 1006 2627 veritatis
1030 2549 1174 2626 tramite
1199 2551 1307 2626 etiam
1332 2560 1411 2650 post
1434 2551 1587 2625 iniurias

374 2685 527 2738 manere.

941 2803 1010 2890 XO.

301 3088 303 3096 Ι
466 3001 665 3097 Gregorius
695 3000 891 3100 Episcopus
915 3003 1080 3079 omnibus
1104 3005 1297 3104 Episcopis.
1316 3008 1431 3094 Quam
1458 3005 1506 3081 sit
1530 3031 1588 3081 ne-

370 3114 566 3190 cessarium
584 3116 879 3190 monasteriorum
898 3117 1010 3215 quieti
1029 3118 1240 3216 prospicere,
1258 3127 1293 3194 et
1310 3119 1352 3193 de
1369 3141 1491 3196 eorum
1509 3145 1586 3217 per-

373 3239 479 3327 petua
506 3229 699 3304 securitate
724 3239 891 3320 tractare,
907 3239 991 3305 ante
1019 3241 1142 3305 actum
1168 3256 1232 3306 nos
1257 3232 1414 3307 officium
1439 3233 1532 3330 quod
1548 3232 1585 3305 in

371 3341 549 3438 regimine
566 3342 704 3417 cenobii
722 3342 950 3418 exhibuimus
968 3343 1149 3420 informat.
1167 3348 1214 3420 Et
1237 3369 1283 3421 ne
1300 3371 1345 3420 ex
1360 3371 1402 3420 ea
1419 3371 1498 3444 quae
1515 3372 1586 3420 ma·

368 3455 428 3551 gis
453 3456 676 3531 emendanda
705 3466 760 3531 est
789 3455 1045 3532 cousuetudine
1075 3457 1264 3556 quisquam
1294 3457 1477 3532 monachis
1501 3458 1585 3556 quid

369 3566 540 3642 molestiae
557 3579 750 3666 praesumat
775 3567 907 3644 inferre
936 3593 1080 3646 necesse
1097 3580 1163 3660 est,
1180 3579 1221 3644 ut
1245 3569 1323 3646 haec
1339 3594 1418 3669 quae
1434 3571 1585 3646 inferius

367 3705 578 3756 enumerare
607 3681 825 3772 curabimus,
850 3683 902 3755 ita
931 3683 1049 3758 studio
1078 3683 1314 3760 fraternitatis
1339 3685 1583 3783 episcoporum

366 3793 518 3868 debeant
542 3793 724 3884 custodiri,
741 3804 783 3870 ut
808 3820 852 3870 ex
873 3796 925 3872 eis
941 3819 1010 3871 non
1028 3798 1139 3898 possit
1155 3797 1307 3874 ulterius
1324 3797 1507 3874 inferende
1531 3799 1582 3871 in·
1683 3830 1688 3838 ·

366 3906 588 4005 quietudinis
604 3909 742 3985 occasio
759 3908 846 3985 fieri.

359 4076 430 4129 Hoc
447 4077 654 4141 privilegium
674 4077 804 4130 cuidam
828 4080 1023 4132 monasterio
1042 4081 1241 4132 Ravennatis
1266 4080 1492 4134 tantummodo
1513 4094 1587 4134 con-

376 4173 378 4178 ’
395 4169 525 4210 cessum
542 4155 642 4210 fuisse
665 4159 785 4224 legitur
801 4161 833 4210 in
856 4160 994 4225 registro
1014 4161 1048 4212 et
1066 4159 1221 4225 quaedam
1241 4160 1364 4214 suntsi
1383 4163 1492 4214 iuncte
1515 4173 1588 4229 quas

395 4237 558 4290 contraria
576 4239 653 4290 suut
671 4241 848 4292 canonibus
868 4239 902 4291 et
921 4240 1062 4304 registro
1082 4239 1242 4294 eiusdem.

376 4419 378 4422 -
463 4371 715 4448 Interdicimus
728 4373 844 4470 igitur
860 4373 898 4447 in
916 4375 1058 4450 nomine
1074 4375 1218 4450 Domini
1235 4377 1347 4452 nostri
1360 4376 1468 4452 Ihesu
1481 4377 1581 4452 Chri-

366 4487 414 4566 sti
432 4494 469 4566 ct
484 4510 529 4564 ex
544 4485 758 4568 auctoritato
781 4487 875 4566 beati
895 4489 990 4565 Petri
1010 4489 1257 4592 Apostolorum
1283 4491 1459 4592 principis
1479 4489 1583 4566 cuius
