3646 5292
779 418 822 440 -,
843 384 905 449 201
933 416 974 430 -

271 527 352 576 rum
370 501 526 598 negotiis
542 503 653 578 stulto
671 503 789 580 labora
805 505 993 580 deserviat.
1011 505 1080 581 Oui
1099 507 1288 582 consilium
1306 531 1387 582 mox
1399 531 1485 606 prte-

266 615 372 688 betur
388 623 509 712 utpro
525 640 563 690 se
580 616 668 690 alios
686 619 730 692 ad
748 618 869 715 iurgia
894 618 1091 694 dirimenda
1116 620 1323 710 constituat,
1348 631 1384 696 et
1409 622 1485 720 ipsc

266 723 413 802 liberius
426 728 469 801 ad
488 729 696 804 erudiendos
708 732 853 829 populos
871 733 1024 832 spatium
1046 733 1202 808 archana
1225 745 1427 830 cognoscat.
1453 740 1486 811 A

264 839 435 915 subiectis
451 864 538 937 ergo
555 843 723 918 inferiora
740 845 898 940 gerenda
915 855 1011 935 sunt,
1024 872 1045 919 a
1059 848 1254 923 rectoribus
1274 873 1414 922 summa
1431 872 1486 924 co

263 955 424 1051 gitanda,
440 963 482 1028 ut
499 955 639 1032 scilicet
655 958 800 1032 oculum
818 959 881 1056 qui
899 959 1126 1056 providendis
1142 961 1326 1058 gressibus
1343 964 1481 1059 praemi-

264 1078 336 1160 net,
354 1093 442 1145 cura
457 1069 617 1169 pulveris
635 1095 704 1146 non
722 1073 897 1148 obscuret.

811 1275 950 1362 LXXII.

383 1477 434 1528 Ex
451 1480 513 1530 1111
532 1478 616 1532 libro
634 1479 710 1532 vitas
729 1479 761 1534 S.
781 1479 929 1546 Gregorii
946 1482 1049 1546 Papae
1068 1493 1140 1548 cop.
1161 1483 1221 1535 v11
1241 1481 1378 1536 etV111.

362 1641 560 1738 Gregorius
588 1642 840 1741 undecumque
869 1644 994 1741 potuit,
1024 1645 1187 1720 meliores
1216 1645 1393 1742 episcopos
1423 1669 1485 1742 per

266 1777 406 1828 omnem
424 1777 526 1826 suam
548 1753 715 1828 diocesim
742 1755 1000 1831 studiosissime
1020 1758 1210 1847 ordinavit,
1227 1758 1278 1831 ita
1303 1768 1344 1832 ut
1368 1783 1484 1856 nequo

266 1867 475 1942 Cardinales
487 1866 647 1941 ecclcsiae
661 1893 746 1958 suae,
755 1893 869 1967 neque
884 1871 1073 1946 monachos
1086 1871 1293 1946 monasterii
1307 1872 1362 1944 sui
1377 1897 1483 1946 excu-

265 1989 370 2054 saret.
387 1979 479 2054 Solis
496 1979 704 2055 diaconibus
721 1981 759 2054 in
776 1981 845 2056 hac
862 2007 898 2057 re
918 1982 1096 2081 parcebat,
1113 2009 1267 2081 quornm
1285 1987 1322 2058 X
1343 1993 1378 2058 11
1395 1986 1484 2058 VIII

265 2094 485 2194 plenitudine
506 2093 734 2168 redundabat.
752 2095 915 2192 Cumque
933 2096 1133 2171 cardinales
1149 2097 1179 2171 si
1196 2106 1319 2172 tamen
1340 2120 1485 2171 consen-

264 2209 333 2284 tire
350 2206 561 2281 voluntaria
575 2206 794 2304 proveheret,
805 2209 984 2282 nemiuem
995 2232 1139 2306 prorsus
1152 2217 1484 2306 quantumcumque

264 2321 475 2397 necessitate
487 2329 632 2395 coactus
640 2319 816 2394 violenter
828 2344 1034 2419 promovere
1048 2322 1218 2413 certabat,
1227 2346 1273 2396 ne
1282 2321 1348 2396 sub
1361 2321 1485 2396 huius·

266 2434 357 2509 modi
374 2433 556 2510 occasione
573 2457 788 2532 quemquam
807 2435 1031 2510 sublimando
1048 2435 1220 2534 deponere
1236 2435 1427 2510 videretur.

798 2635 955 2720 LXXIII.

468 2841 518 2893 Ex
536 2840 598 2890 1111
616 2839 701 2893 lIhro
720 2839 799 2892 vitae
818 2839 849 2892 Β.
869 2839 1017 2905 Gregorii
1033 2841 1136 2906 Papae
1156 2850 1228 2905 cap.
1247 2841 1282 2892 1..

361 3000 464 3076 Sicut
477 3027 497 3074 a
512 3001 704 3076 maioribus
716 2999 872 3075 traditur
885 3009 921 3074 at
934 3023 997 3075 nos
1010 3024 1123 3099 usque
1137 3001 1181 3075 ad
1193 3011 1312 3076 nostra
1327 3009 1484 3098 tempora

265 3114 349 3189 dum
367 3113 485 3188 adbuc
501 3114 776 3212 pubesceremus
792 3113 906 3188 oculis
922 3117 1054 3188 nostris
1071 3114 1319 3214 conspeximus
1340 3136 1486 3188 consue·

266 3229 351 3303 tudo
371 3237 477 3303 vetus
493 3227 658 3318 obtinuit,
671 3237 712 3302 ut
729 3251 850 3303 omnes
867 3227 1010 3302 Iudaica
1035 3228 1297 3326 superstitionis
1313 3226 1485 3316 homines,

266 3350 597 3439 quantumcumque
626 3339 844 3438 pulcerrima
869 3341 1100 3415 mercimonia
1129 3341 1364 3431 detulissent,
1395 3365 1487 3414 nun-

267 3478 373 3552 quam
395 3453 659 3554 pontificalibus
684 3453 850 3552 alloquiis
867 3453 1086 3543 fruerentur,
1102 3479 1286 3552 nunquam
1304 3452 1485 3552 optutibus

267 3567 479 3664 Apostolicis
496 3569 704 3666 potirentur.
722 3567 790 3642 Sed
810 3576 911 3641 extra
928 3566 1051 3641 uelum
1072 3567 1293 3663 longissima
1318 3567 1486 3664 porticus,

266 3705 311 3755 ne
329 3681 472 3778 quidem
490 3682 528 3754 in
546 3682 717 3771 scamnis,
735 3681 795 3755 sed
813 3681 851 3753 in
875 3703 1071 3756 marmoreo
1096 3682 1301 3778 pavimento
1326 3681 1487 3755 sedentes

268 3801 433 3891 suscepta
451 3793 565 3890 pretia
582 3793 830 3870 numerabant.
847 3797 940 3867 Nam
954 3794 1156 3868 reverendas
1173 3793 1352 3868 memoriae
1369 3796 1487 3891 Nyco·

267 3905 347 3979 laus
364 3905 528 3980 Pontifex
552 3905 745 3980 Arsenium
771 3905 949 4002 quondam
976 3908 1145 3980 Hortanae
1166 3907 1326 3981 civitatis
1346 3905 1487 4003 Episco·

267 4043 364 4117 pum,
381 4018 544 4094 IudaIcas
561 4027 648 4094 tunc
672 4019 827 4117 primum
845 4018 1007 4115 pellicias
1032 4019 1256 4096 introducere
1282 4017 1486 4094 molientem

267 4133 352 4208 adeo
367 4132 578 4208 adversatus
595 4141 659 4221 cst,
677 4140 719 4206 ut
735 4132 767 4206 11
786 4131 981 4230 palatinam
1006 4134 1264 4230 processionem
1281 4131 1391 4207 vellet
1415 4130 1487 4204 adi·

268 4270 376 4336 mere,
391 4246 462 4320 nisi
480 4245 723 4344 superstitiose
742 4246 863 4342 gentis
882 4244 1043 4321 vestibus
1060 4246 1254 4321 abiurando
1272 4268 1486 4323 1111111111-

268 4357 445 4434 dotalibus
461 4359 586 4436 infulis
602 4357 944 4437 consuetudinaliter
960 4360 1146 4458 procedere
1162 4359 1367 4434 studuisset.
