3638 5294
745 402 946 464 -489-

233 522 407 600 iudicium
426 547 533 622 quam
551 523 683 623 impius
701 523 870 622 praevalet
894 523 1066 599 adversus
1091 523 1238 600 iustum.
1256 521 1458 599 Zacharias.

235 640 310 713 Hoc
320 637 590 714 dioitDominus
604 636 1025 713 exercituumludicium
1040 661 1168 712 verum
1181 635 1336 711 iudicate
1349 636 1458 711 etmi-

235 751 462 826 sericordiam
476 761 512 827 et
522 752 768 827 miserationes
781 751 888 827 facite
904 752 1149 852 unusquisque
1162 776 1245 826 cum
1259 751 1370 827 fratre
1383 776 1458 842 suo,

235 875 272 940 et
287 865 445 955 viduam,
458 877 494 940 et
512 864 703 962 pupillum,
717 875 752 940 et
769 865 958 954 advenam,
971 877 1007 941 et
1024 889 1215 964 pauperem
1234 865 1343 940 nolite
1361 865 1459 940 calu-

233 977 373 1052 mniari.
392 977 594 1078 Loquimini
611 978 800 1054 veritatem
816 981 1064 1079 unusquisque
1090 1005 1174 1056 cum
1199 979 1358 1078 proximo
1383 1003 1456 1054 suu.

233 1089 433 1166 Veritatem
447 1101 483 1166 et
496 1089 670 1167 iudicium
685 1093 783 1189 pacis
795 1093 952 1168 iudicate
965 1093 1003 1166 in
1017 1091 1126 1192 portis
1140 1091 1283 1182 vestris,
1295 1100 1331 1166 et
1347 1115 1458 1166 unus·

233 1203 384 1303 quisque
402 1203 537 1278 malurn
551 1229 596 1280 ne
614 1205 780 1302 cogitetis
797 1217 920 1281 contra
937 1207 1094 1283 amioum
1111 1232 1218 1282 suum
1236 1205 1275 1280 in
1292 1205 1456 1281 cordibus

234 1319 376 1407 restris,
391 1325 427 1392 et
444 1317 685 1392 iuramentum
699 1318 856 1394 mendax
872 1345 917 1394 no
934 1319 1105 1416 diligatis.
1119 1319 1249 1394 Omnia
1266 1317 1361 1393 enim
1379 1317 1456 1394 haec

234 1439 320 1504 sunt
332 1454 412 1528 quae
429 1430 485 1504 odi
499 1430 586 1504 dicit
599 1431 782 1505 Dominus
795 1435 940 1507 Esuris.
954 1432 1139 1531 Principes
1150 1429 1207 1508 tui
1221 1429 1309 1506 socii
1322 1431 1456 1520 furum,

232 1565 353 1618 omnes
370 1541 528 1638 diligunt
546 1568 696 1642 munera
708 1555 882 1620 secuntur
896 1547 1159 1634 retributiones,
1173 1543 1306 1642 pupillo
1319 1569 1389 1620 non
1403 1543 1456 1618 iu·

232 1657 409 1745 dicantet
421 1681 530 1731 causa
543 1657 661 1731 viduae
675 1681 744 1732 non
758 1658 961 1754 ingreditur
974 1661 1018 1734 ad
1031 1659 1234 1756 eos.Vequi
1250 1657 1370 1732 dicitis
1383 1681 1456 1730 ma-

233 1769 310 1843 lum
328 1768 471 1858 bonum,
484 1779 520 1844 et
537 1767 667 1844 bonurn
686 1770 834 1860 malurn,
848 1782 1018 1868 ponentes
1035 1771 1199 1848 tenebras
1212 1769 1343 1859 lucem,
1355 1779 1391 1845 et
1403 1769 1457 1844 lu·

238 1906 314 1957 cem
332 1881 506 1956 tenebras.
525 1886 579 1958 Vc
596 1883 657 1980 qui
676 1883 875 1959 iustificant
888 1885 1039 1983 impium
1053 1909 1114 1982 pro
1128 1883 1390 1972 muneribns‚et
1403 1882 1457 1956 iu-

237 1995 373 2070 stitiam
391 1993 476 2069 iusti
494 1996 664 2070 auferunt
676 1995 744 2070 hab
758 2001 872 2072 eoVe
885 1997 946 2095 qui
964 1998 1122 2073 condunt
1139 1997 1238 2094 leges
1255 1997 1398 2094 iniquas
1415 2005 1457 2070 ut

236 2106 436 2208 opprimant
448 2107 486 2180 in
500 2107 632 2184 iudicio
645 2133 817 2206 pauperes
830 2120 866 2185 et
883 2112 956 2184 virn
975 2111 1111 2188 faciant
1128 2137 1246 2188 causan
1258 2109 1453 2184 humilium

234 2221 352 2320 populi
372 2221 451 2298 mei.
465 2221 640 2296 Salomon.
653 2226 785 2299 Facere
798 2223 1076 2300 misericordiam
1090 2233 1126 2299 et
1139 2223 1324 2312 iudicium,
1338 2223 1456 2318 magis

233 2335 376 2434 placent
389 2333 539 2411 Domino
552 2359 659 2432 quam
679 2336 846 2412 victima.
863 2341 911 2412 Et
935 2337 1077 2413 iterum.
1091 2337 1198 2412 Multi
1216 2335 1309 2410 datis
1323 2335 1360 2408 in
1377 2333 1458 2408 auri

234 2474 351 2538 casus,
364 2457 400 2523 et
417 2447 512 2522 facta
531 2456 584 2523 est
602 2447 638 2521 in
657 2451 774 2548 specie
791 2449 891 2526 illius
909 2452 1058 2550 perditio
1071 2450 1393 2546 illorumLignnm
1407 2450 1457 2524 of·

232 2561 402 2638 tensionis
415 2571 470 2636 est
482 2586 612 2636 aurum
630 2563 924 2655 sacrificantium.
941 2569 997 2641 Ve
1010 2565 1064 2640 illi
1082 2566 1144 2664 qui
1157 2574 1343 2641 sectantur
1355 2563 1456 2638 illud.

234 2675 433 2772 Gregorius
450 2675 487 2748 in
506 2734 514 2750 .
532 2734 540 2750 .
558 2734 566 2749 .
583 2679 737 2766 XVIIII,
751 2677 809 2752 vel
827 2678 959 2752 miuus,
978 2679 1032 2752 Ad
1050 2678 1295 2776 proferendam
1314 2685 1456 2753 senten·

233 2789 322 2864 tiam
340 2813 526 2887 nunquam
541 2789 740 2888 praccipites
753 2790 867 2865 simus
880 2816 947 2867 nec
960 2799 1092 2867 temero
1105 2790 1305 2865 indiscussa
1323 2790 1457 2864 iudice·

236 2927 324 2976 urus.
340 2905 417 2978 Nec
434 2901 601 2998 quaelibet
617 2901 711 2976 mala
728 2904 849 2978 audita
867 2929 931 2980 nos
950 2914 1201 2993 moveantnoc
1215 2902 1346 3000 passim
1360 2902 1456 2977 diota

233 3015 310 3090 sine
324 3014 527 3113 probatione
539 3015 735 3092 credamus.
748 3017 884 3092 Maiora
901 3015 1053 3092 crimina
1065 3017 1167 3091 tarde
1183 3014 1358 3092 credenda
1371 3025 1457 3090 sunt

235 3153 318 3206 cum
337 3129 491 3204 audiunt
506 3139 543 3206 et
559 3129 668 3204 citius
684 3130 864 3227 punienda
889 3155 971 3204 oum
997 3130 1174 3205 veraciter
1198 3137 1456 3226 agnoscuntur.

236 3243 440 3318 Anusosius
456 3243 495 3316 in
507 3246 542 3317 II
560 3242 618 3316 lib.
636 3243 690 3317 off.
707 3242 830 3318 Nichil
846 3243 1044 3340 opinionem
1067 3243 1177 3317 immo
1194 3243 1296 3318 lidem
1314 3251 1457 3339 gravat,

236 3381 345 3456 quam
363 3357 394 3432 si
412 3357 449 3431 in
468 3357 657 3432 iudicando
683 3355 869 3455 potentiori
894 3356 1003 3430 dones
1028 3381 1173 3430 eausam
1191 3355 1380 3445 inferioris,
1397 3353 1457 3429 vel
1506 3427 1507 3430 ,

236 3495 428 3570 pauperem
439 3471 818 3568 innocentemarguas,
826 3468 974 3545 divitem
985 3493 1134 3545 excuses
1144 3469 1377 3569 reumculpae.
1386 3473 1459 3542 Au·

234 3585 686 3680 gustinus.0mnes·oausae
700 3585 799 3682 prius
813 3609 873 3682 per
890 3583 1140 3660 auctoritatem
1157 3581 1323 3658 veritatis
1340 3581 1456 3658 venti·

235 3697 352 3774 landae
369 3708 464 3774 sunt.
482 3702 569 3786 Quae
594 3698 678 3788 sint,
703 3699 808 3773 cuius
832 3698 916 3788 sint,
933 3697 1104 3796 quomodo
1123 3697 1207 3787 sint,
1229 3696 1352 3795 quales
1376 3697 1459 3771 sint.

237 3814 357 3902 Docte,
374 3822 439 3886 aut
455 3811 604 3888 indocte.
623 3815 738 3888 Parve
755 3821 819 3886 aut
845 3834 987 3907 magne,
1003 3819 1085 3885 note
1107 3809 1166 3884 vel
1183 3810 1316 3906 ignote.
1341 3808 1456 3906 Longi

234 3925 415 4023 temporis,
433 3927 491 4000 vel
508 3927 624 4025 parvi,
647 3935 711 4000 aut
735 3924 875 4023 antiqui
902 3924 1013 4000 hostis
1038 3923 1294 4000 consuetudine
1319 3935 1457 4022 reperte

236 4049 331 4128 sunt,
341 4038 418 4115 haeo
431 4039 551 4114 omnia
564 4039 671 4115 iudex
684 4065 768 4115 cum
782 4041 939 4136 equitate
952 4039 1152 4115 discernere
1169 4038 1280 4114 debet.
1290 4039 1457 4114 Hmaoni-

237 4177 317 4226 mus
334 4177 440 4250 super
455 4158 572 4227 Amos.
590 4151 828 4228 Convertistis
844 4153 882 4226 in
899 4153 1055 4228 furorem
1069 4151 1254 4228 indicium.
1272 4151 1458 4228 Convertit

235 4265 272 4336 in
291 4265 409 4339 lurore
427 4265 611 4354 iudicium,
629 4265 691 4363 qui
710 4265 824 4340 iratus
841 4266 988 4354 iudicat,
1006 4275 1042 4340 ct
1059 4264 1198 4340 dicente
1211 4264 1371 4353 Domino,
1386 4288 1456 4339 non

234 4377 388 4476 accipies
414 4401 599 4476 personam
622 4379 661 4452 in
677 4379 820 4468 iudicio,
837 4387 873 4452 et
889 4378 928 4450 in
945 4377 1016 4452 abo
1036 4377 1112 4454 Ioco
1129 4380 1209 4451 Non
1232 4375 1457 4454 misereberis

233 4491 401 4593 pauperis
418 4491 456 4568 in
474 4491 618 4583 iudicio,
636 4491 772 4596 etquis
791 4491 855 4568 Dei
873 4490 1047 4571 iudicium
1065 4501 1130 4584 est,
1147 4490 1209 4568 ille
1226 4490 1318 4568 irata
1344 4493 1388 4569 ad
1406 4493 1459 4572 iu·
