3654 5302
747 463 787 480 -
811 430 877 494 415
902 463 944 478 ·-

226 553 402 654 quomodo
418 553 461 628 de
477 551 533 626 his
552 557 613 650 pe'r
630 567 718 650 quos
734 550 858 625 divina
875 549 1129 625 ministrantur
1146 549 1304 627 iudicare
1322 575 1455 650 praesu-

224 677 332 742 -mant
347 667 490 767 penitus
507 666 727 762 ignoramus.
745 668 909 740 Fuerunt
922 664 997 740 haec
1010 675 1094 740 ante
1106 664 1301 740 adventum
1316 655 1454 739 Christi

224 793 276 855 :ut'
289 780 433 880 quidam
450 780 559 878 tipice
583 803 688 875 reges
713 779 821 852 simul
846 788 882 853 et
906 777 1105 852 sacerdotes
1130 778 1333 853 existerent.
1355 777 1456 865 Quod

231 895 428 970 secundum
447 892 710 969 Melchisedech
723 893 836 967 fuisse
850 893 1012 968 sacerdos
1027 893 1142 990 prodit
1154 892 1327 992 hystoria.
1340 893 1453 980 Quod·

230 1029 299 1105 que
316 1003 355 1080 in
376 1004 545 1080 membris
563 1003 639 1079 suis
656 1003 816 1100 diabolus
834 1004 997 1081 imitatus
1014 1016 1080 1096 est,
1096 1015 1218 1103 utpote
1239 1006 1301 1104 qui
1316 1029 1456 1103 semper

235 1142 314 1216 quae
330 1117 454 1192 divino
470 1117 587 1194 cultui
614 1117 834 1192 conveniunt
859 1119 1002 1195 sibimet
1027 1129 1062 1195 et
1086 1119 1282 1196 tirannicos
1307 1119 1456 1217 spiritus

233 1231 418 1306 vindicare
436 1230 630 1320 contendit,
648 1239 688 1305 ut
713 1227 845 1327 pa‘geni
870 1234 1102 1333 imperatores
1127 1234 1221 1310 idem
1247 1243 1284 1309 et
1309 1233 1457 1307 maximi

231 1343 416 1441 pontifices
433 1342 647 1418 dicerentur.
665 1343 734 1417 Sed
752 1369 833 1418 cnm
853 1348 898 1422 ad
916 1373 1044 1422 verum
1061 1357 1211 1424 ventum
1230 1355 1284 1422 est
1301 1345 1454 1420 eundem

232 1481 355 1552 regem
369 1468 480 1556 atquc
498 1456 694 1556 pontifices,
712 1457 809 1532 ultra
827 1459 895 1535 sibi
912 1485 980 1537 nec
996 1461 1188 1559 imperator
1212 1460 1292 1533 iura
1317 1459 1468 1556 pontiti·

233 1580 337 1647 catus
361 1571 526 1668 arripuit,
542 1595 608 1645 nec
626 1571 784 1668 pontifex
807 1595 936 1648 nornen
961 1573 1228 1672 imperatorium
1255 1571 1456 1669 usurpavit.

233 1684 409 1772 Quoniam
427 1685 519 1760 idern
538 1685 709 1760 mediator
727 1687 793 1760 Dei
809 1695 845 1761 et
861 1687 1047 1761 hominum
1065 1687 1169 1762 homo
1187 1686 1354 1763 Christus
1379 1685 1458 1760 lhe-

232 1823 295 1872 sus
310 1798 365 1873 sic
381 1797 522 1873 actibus
539 1798 688 1898 propriis
705 1809 740 1874 et
760 1799 998 1894 dignitatibus
1023 1799 1203 1874 distinctis
1227 1798 1344 1874 officia
1361 1809 1455 1894 pote-

231 1910 533 2009 statisutriusque
542 1911 724 2001 discrevit,
737 1913 880 2010 propria
892 1912 1017 1988 volens
1030 1912 1235 1988 medicinali
1248 1911 1456 1986 humilitate

232 2051 378 2099 sursum
393 2025 524 2114 efferri,
536 2049 605 2099 non
619 2025 777 2100 humana
795 2026 960 2124 superbia
977 2053 1103 2100 sursus
1116 2026 1154 2099 in
1168 2025 1310 2100 inferne
1323 2026 1459 2100 demer-

232 2139 283 2236 gi,
300 2150 342 2214 ut
359 2139 558 2216 Christiani
575 2142 811 2236 Imperatores
829 2161 891 2238 pro
909 2151 1042 2214 aeterna
1058 2139 1136 2213 vita
1152 2137 1387 2214 Pontificibus
1405 2138 1458 2210 in·

232 2253 459 2348 digerentes
473 2252 662 2326 Pontifices
676 2275 860 2349 procursu
873 2251 1124 2349 temporalium
1138 2250 1384 2326 tantummodo
1404 2274 1458 2324 re·

233 2365 582 2463 rum,imperialibus
591 2363 735 2460 legibus
748 2375 946 2440 uterentur.
961 2366 1140 2452 Quatinns
1153 2364 1352 2465 spiritualis
1365 2364 1459 2439 actio

233 2475 439 2553 carnalibus
455 2477 587 2554 distare
605 2477 822 2567 incursibus
839 2493 875 2555 ct
891 2479 968 2554 ideo
987 2480 1146 2553 militans
1163 2481 1236 2554 Deo
1253 2477 1403 2552 minime
1419 2501 1458 2551 sc

233 2590 388 2687 negotiis
406 2591 638 2667 secularibus
655 2591 868 2688 implicaret,
885 2617 927 2668 ac
945 2592 1107 2667 vicissim
1124 2617 1195 2666 non
1213 2591 1274 2666 ille
1288 2589 1395 2665 rebus
1408 2589 1459 2663 di-

234 2704 331 2778 vinis
348 2703 536 2801 presidere
554 2704 737 2780 videretur
753 2703 814 2803 qui
837 2714 931 2780 esset
957 2705 1113 2802 negotiis
1138 2703 1370 2779 saecularibus
1395 2701 1460 2775 im·

237 2817 402 2917 plicatus.

766 2925 925 3058 norm.
1004 3033 1007 3038 A
1126 3031 1128 3037 J
1181 2933 1183 2940 ·

714 3119 756 3171 Et
772 3120 850 3186 post
867 3131 983 3185 penca

332 3273 469 3361 Quibus
485 3272 650 3347 omnibus
663 3271 732 3346 rite
748 3273 907 3348 collectis
924 3273 1012 3348 satis
1024 3272 1208 3349 evidenter
1221 3271 1422 3348 ostenditur
1437 3295 1459 3344 a

235 3385 401 3460 saeculari
423 3394 594 3484 potestate
612 3409 679 3460 nec
697 3385 806 3482 ligari
824 3409 979 3484 prorsus,
996 3411 1062 3462 nec
1080 3385 1171 3462 solvi
1188 3409 1290 3485 posse
1315 3386 1460 3461 Pontifi-

236 3523 314 3572 cem
332 3523 437 3596 quem
456 3506 595 3573 constat
611 3523 632 3569 a
650 3497 707 3593 pio
722 3497 882 3597 principe
900 3499 1135 3574 Constantino
1152 3499 1244 3599 quod
1268 3498 1376 3595 longe
1402 3525 1461 3573 su·

235 3612 356 3710 perius
374 3611 663 3700 memoravimus,
677 3613 792 3686 Deum
809 3612 1039 3713 appellatum,
1052 3639 1135 3689 cnm
1149 3637 1216 3689 nec
1230 3635 1330 3711 posse
1343 3616 1460 3689 Deum

237 3725 281 3799 ab
298 3723 501 3799 hominibus
518 3723 670 3800 iudicari
689 3725 917 3800 manifestum
936 3727 992 3802 sit.
1011 3727 1133 3802 Sedet
1153 3727 1370 3802 Theodosius
1396 3727 1461 3800 mi·

235 3863 301 3913 nor
318 3849 451 3914 sancte
468 3839 603 3937 synodo
621 3837 780 3913 scribens
798 3838 975 3936 Ephesiae
992 3839 1117 3939 primae
1140 3838 1240 3915 dicit.
1258 3841 1460 3938 Deputatus

236 3962 290 4028 est
307 3951 422 4049 igitur
440 3951 684 4028 candidianus
701 3951 1083 4047 magnificentissimus
1096 3976 1214 4029 comes
1230 3963 1459 4028 strenuorum

230 4066 509 4142 domesticorum
531 4063 687 4139 transire
704 4088 817 4162 usque
839 4066 882 4140 ad
908 4066 1171 4142 sanctissimam
1197 4065 1375 4164 synodum
1401 4089 1461 4140 ve·

236 4189 360 4268 stram,
376 4188 412 4253 et
428 4179 466 4251 in
484 4177 585 4253 nullo
598 4177 742 4274 quidem
760 4201 839 4276 quae
856 4179 1017 4254 faciende
1034 4187 1119 4252 sunt
1136 4177 1179 4253 dc
1201 4178 1270 4276 piis
1287 4177 1461 4274 dogmati·

116 4371 130 4380 ,
235 4292 302 4368 bus
319 4293 512 4390 questione
530 4317 592 4368 scu
611 4291 728 4390 potius
745 4292 974 4390 expositionis
991 4293 1267 4367 communicare.
1284 4291 1459 4365 Illicitnm

235 4429 391 4502 nemque
408 4415 463 4480 est
479 4429 561 4480 eum
580 4407 725 4502 quinon
743 4403 790 4479 sit
802 4428 847 4479 cx
859 4405 981 4480 ordine
994 4403 1302 4490 sanctissimorum
1316 4403 1459 4501 Episoo

235 4543 359 4617 porum
386 4517 650 4595 aecclesiasticis
667 4518 914 4594 intermiscere
931 4517 1165 4592 tractatibus·
1172 4519 1219 4590 nt
1235 4525 1313 4614 post
1338 4539 1463 4614 pauca,
