3642 5294
932 407 1106 470 ...53-

404 528 451 600 sit
467 528 627 601 omnium
645 521 890 604 ecclesiarum.
908 531 955 603 Et
972 527 1077 626 paulo
1095 525 1180 623 post.
1194 526 1372 623 Quicquid
1385 549 1473 622 ergo
1486 525 1628 601 sinc‘di-

403 640 578 715 screticne
597 639 757 729 iustitiae,
774 651 810 716 et
827 649 951 716 contra
975 641 1084 716 huius
1109 640 1335 738 disciplinam
1361 651 1483 716 actum
1507 641 1628 730 fucrit,
1662 691 1668 702 -

402 763 537 828 statum
555 754 683 831 habere
702 755 792 830 ratio
809 753 910 828 nulla
923 756 1107 853 permittit.
1120 755 1300 830 Ieiunium
1314 777 1399 829 vero
1412 755 1504 852 quod
1517 764 1574 830 ter
1587 756 1626 828 in

403 892 496 943 anno
513 867 607 967 apud
624 893 687 944 nos
704 869 878 945 celebrari
897 870 1055 945 didicisti
1073 869 1346 946 convenientius
1363 896 1462 946 nunc
1481 895 1543 968 per
1557 873 1627 944 IIII

300 970 305 979 ¹
403 993 561 1080 tempora
578 983 655 1059 fieri
672 984 909 1073 decernimus,
926 985 1027 1059 iuxta
1045 985 1249 1083 prophetam
1270 985 1478 1060 Zachariam
1498 985 1560 1083 qui
1578 985 1629 1059 di·

404 1095 456 1171 cit
473 1097 651 1172 Ieiunium
672 1101 751 1172 IIII.
765 1108 801 1173 et
814 1103 858 1172 V.
871 1107 907 1172 et
921 1102 999 1172 VII.
1012 1109 1048 1174 et
1061 1099 1236 1174 ieiunium
1249 1099 1328 1174 X.¹¹¹¹
1341 1109 1377 1174 et
1389 1109 1518 1175 cetera.
1532 1100 1628 1174 Idam

404 1210 441 1283 in
461 1211 627 1286 secunda.
645 1213 683 1285 Si
700 1214 897 1311 Episcopus
916 1213 1084 1287 utilitatis
1101 1237 1210 1288 causa
1228 1213 1338 1286 fuerit
1356 1214 1550 1287 mutandus
1566 1239 1629 1286 an-

407 1326 573 1400 ctoritate
592 1326 703 1399 hnius
721 1340 854 1401 sanctae
873 1327 974 1402 Sedis
991 1327 1063 1402 fiat.
1085 1323 1087 1328 ¹
1383 1329 1386 1335 ’

982 1559 1069 1640 LXI.

477 1784 659 1856 Favianus
676 1783 908 1859 dilectissimo
926 1785 1030 1859 fratri
1048 1786 1199 1883 Hylario
1217 1787 1311 1860 inter
1334 1787 1463 1861 cetera.
1488 1789 1626 1861 Revera
1718 1857 1723 1868 ,

406 1895 455 1969 ibi
473 1921 611 1994 semper
629 1921 738 1971 eausa
756 1908 899 1993 agatur,
918 1898 978 1972 ubi
997 1899 1133 1973 crimen
1158 1901 1371 1974 admittitur.
1397 1905 1444 1975 Et
1468 1902 1530 1998 qui
1557 1924 1627 1976 non

405 2010 607 2107 probaverit
624 2011 716 2108 quod
733 2012 873 2100 obiecit,
890 2037 1017 2110 penam
1037 2039 1144 2111 quam
1170 2015 1336 2090 intulerit
1360 2015 1436 2112 ipse
1461 2015 1629 2112 patiatur.

406 2124 546 2200 Placuit
564 2125 671 2198 etiam
691 2135 732 2200 ut
749 2127 778 2198 si
797 2127 993 2225 Episcopus
1010 2141 1201 2204 accusatus
1222 2129 1458 2227 appellaverit
1483 2134 1631 2226 Aposto-

404 2237 510 2314 licam
529 2240 659 2329 sedem,
677 2241 713 2316 id
730 2243 959 2316 statuendum
974 2244 1065 2340 quod
1080 2244 1239 2318 eiusdem
1258 2244 1352 2318 sedis
1371 2243 1536 2317 Pontifex
1548 2269 1629 2317 cen-

404 2355 528 2429 suerit.
546 2358 631 2430 Haec
648 2365 767 2430 tamen
786 2357 929 2431 omnino
945 2357 983 2430 in
1002 2357 1224 2432 sacerdotum
1242 2381 1352 2432 causa
1370 2357 1483 2430 forma
1509 2382 1628 2431 serve-

401 2459 474 2554 tur,
491 2461 708 2566 quemquam
727 2469 905 2544 sententia
923 2493 994 2544 non
1011 2494 1032 2542 a
1050 2492 1116 2543 suo
1133 2469 1250 2543 iudice
1268 2469 1363 2545 dicta
1381 2469 1619 2563 constringat.

965 2698 1070 2782 LXII.

496 2923 1628 3024 Anycerius(sio)EpiscopuskarissimisfratribusperBeticam

404 3049 511 3137 atquc
521 3039 725 3113 Toletanam
739 3038 959 3136 provinciam
970 3039 1154 3137 Episcopis
1168 3038 1384 3114 constitutis
1393 3041 1491 3111 Inter
1500 3047 1628 3111 cetera.

404 3155 455 3225 De
474 3151 669 3242 mutatione
689 3152 941 3248 Episcoporum
960 3153 1054 3227 unde
1068 3162 1229 3226 sanctam
1244 3152 1371 3225 Sedem
1386 3149 1627 3248 Apostolicam

402 3265 648 3354 consuluistis,
666 3264 790 3340 scitote
809 3259 976 3362 quoniam
994 3287 1065 3338 non
1083 3264 1228 3337 transiit
1245 3263 1288 3338 de
1305 3263 1454 3338 civitate
1470 3262 1516 3336 ad
1541 3261 1629 3336 civi·

401 3388 515 3454 tatem
533 3379 595 3476 qui
613 3403 683 3453 non
702 3402 765 3453 suo
790 3378 895 3452 libitu
922 3389 985 3452 aut
1009 3378 1156 3452 arbitrIo
1180 3377 1246 3453 hoc
1272 3377 1370 3466 facit,
1387 3377 1448 3451 sed
1470 3375 1628 3450 utilitate

404 3492 556 3589 quadam
575 3491 725 3566 aliorum
744 3501 884 3566 ortatus
901 3501 937 3566 et
954 3489 1103 3566 consilio
1121 3490 1296 3587 potiorum
1310 3489 1538 3564 transfertur.
1552 3491 1628 3562 Nec

403 3605 620 3680 transfertur
633 3605 675 3680 de
691 3605 817 3679 minori
834 3604 982 3679 civitate
999 3603 1043 3676 ad
1058 3603 1237 3691 maiorem,
1250 3602 1312 3700 qui
1325 3603 1393 3677 hoc
1405 3623 1476 3676 non
1489 3599 1628 3674 ambitu

398 3743 470 3793 nec
488 3718 629 3816 propria
642 3717 827 3793 voluntate
841 3717 939 3806 facit,
953 3717 1091 3792 sedant
1105 3716 1142 3788 vi
1155 3741 1175 3788 a
1190 3715 1328 3813 propria
1341 3713 1479 3812 pulsus,
1491 3721 1557 3787 aut
1569 3738 1629 3786 ne·

391 3832 566 3924 ‚cessitate
584 3841 729 3906 coactus
746 3855 816 3906 non
834 3831 984 3928 superbe
1002 3831 1063 3904 sed
1075 3829 1260 3903 humiliter
1273 3827 1317 3901 ab
1330 3827 1411 3901 aliis
1426 3825 1629 3901 translatus

402 3953 438 4018 et
454 3944 691 4018 intronizatus
708 3954 771 4018 est.
788 3944 880 4031 Quia
897 3942 1000 4019 homo
1016 3942 1114 4017 videt
1135 3943 1172 4014 in
1199 3941 1290 4016 facie
1316 3944 1414 4014 Deus
1439 3949 1561 4014 autem
1590 3939 1627 4012 in

404 4055 518 4131 corde.

952 4196 1077 4280 LXIII.

499 4394 650 4471 Anicius
668 4397 744 4494 (sio)
760 4397 924 4469 Romanae
941 4395 1113 4469 Ecclesiae
1130 4395 1328 4492 Episcopus
1346 4393 1528 4468 universis
1546 4393 1628 4491 Epi·

402 4513 516 4608 scopis
534 4513 628 4586 inter
645 4521 782 4585 caetera.
801 4509 840 4581 Si
859 4507 1157 4605 Archiepiscopus
1170 4509 1213 4581 de
1225 4507 1292 4582 hoc
1305 4505 1436 4581 saeculo
1449 4505 1578 4580 obierit
1591 4516 1627 4582 et
