3646 5292
902 386 1098 451 -216-

388 513 567 590 cervicem
584 509 708 608 ipsius.
726 513 772 584 Et
787 509 983 584 ascendens
1000 533 1095 582 unus
1112 508 1307 606 episcopus,
1324 507 1606 592 datorationem,

388 651 495 725 super
512 651 593 701 eum
607 635 643 700 et
656 623 798 699 recedit.
811 625 857 696 Et
870 622 962 698 alter
974 621 1150 696 similiter.
1165 622 1314 696 Accedit
1326 621 1466 710 tertius,
1479 630 1515 695 et
1528 643 1608 695 con-

389 749 507 815 secrat
523 739 634 812 illum.
646 736 929 813 Archidiaconus
942 745 1062 811 autem
1075 735 1184 809 allato
1198 733 1310 808 Pallio
1322 738 1365 808 de
1377 731 1607 819 confessione,

387 852 539 950 imponit
555 851 600 926 ei.
617 853 718 925 Tunc
735 847 780 924 ab
793 848 1052 923 Archidiacono
1064 858 1100 922 et
1115 847 1432 944 Archipresbytero
1444 845 1608 920 elevatur

389 967 428 1038 in
437 987 485 1040 se.
495 967 603 1038 Stans
614 986 700 1038 vero
708 963 746 1035 in
755 961 927 1058 gradibus
935 960 1048 1058 ipsius
1061 962 1165 1048 sedis,
1173 961 1313 1036 elevata
1326 984 1412 1036 voce
1421 959 1517 1035 dicit.
1527 959 1609 1034 Glo-

387 1079 442 1152 ria
457 1079 496 1150 in
513 1077 663 1153 excelsis
679 1079 761 1151 Deo.
778 1076 862 1150 Post
879 1075 954 1149 haec
971 1075 1053 1149 data
1070 1098 1185 1172 prece,
1198 1074 1292 1149 scola
1306 1083 1492 1149 cantorum
1509 1072 1608 1148 canit

388 1193 421 1267 ei
438 1191 591 1281 laudem,
608 1201 645 1267 et
661 1190 790 1266 notarii
808 1189 995 1286 regionum
1014 1188 1190 1263 similiter.
1212 1188 1378 1263 Oclebrat
1402 1187 1517 1283 igitur
1533 1187 1608 1283 ipse

387 1299 534 1380 missam
547 1330 609 1404 per
621 1305 792 1392 ordinem,
801 1314 837 1379 et
850 1301 1093 1379 communicat
1105 1323 1236 1375 omnes.
1250 1302 1401 1375 Peracta
1414 1299 1608 1373 Missarum

388 1418 625 1494 sollemnitate
641 1417 798 1515 procedit
814 1425 850 1490 et
867 1414 1097 1512 subsequitur
1110 1423 1146 1489 et
1159 1413 1326 1511 praecedit
1338 1437 1420 1487 eum
1433 1411 1548 1486 omnis
1564 1415 1609 1484 A·

388 1531 580 1630 postolicus
597 1539 798 1628 apparatus.
815 1533 862 1604 Et
878 1537 1090 1604 statuuntur
1107 1527 1202 1602 acies
1215 1527 1338 1601 dextra
1350 1525 1511 1624 levaque.
1529 1527 1608 1622 Ipse

387 1667 473 1720 vero
482 1643 615 1720 incedit
626 1645 665 1717 in
679 1643 804 1732 medio,
812 1642 1033 1740 constipatus
1042 1639 1188 1736 agmine
1198 1639 1433 1729 sacerdotum,
1442 1649 1477 1715 et
1486 1640 1608 1712 omnes

389 1756 493 1832 scolae
510 1755 678 1852 flagitant
695 1755 738 1830 ab
756 1779 796 1830 eo
813 1754 1104 1830 benedictionem.
1121 1757 1198 1840 Quo
1214 1753 1455 1842 benedicente,
1469 1777 1609 1850 respon·

387 1869 494 1943 deant
505 1893 627 1943 omnes
644 1875 770 1944 Amen.
783 1871 974 1964 Ingressus
986 1875 1107 1940 autem
1120 1865 1357 1940 secretarium
1371 1866 1441 1938 iam
1456 1875 1545 1940 tunc
1558 1889 1610 1940 se·

386 1981 447 2057 det
462 1982 500 2054 in
518 1981 605 2056 sella
622 1981 822 2079 apostolica.
840 1979 1039 2076 Egrediens
1055 1979 1137 2054 inde
1154 1979 1303 2070 cum-ad
1320 1977 1508 2053 inferiores
1523 2002 1607 2073 gra-

386 2095 454 2168 dus
470 2093 587 2168 sancti
605 2091 702 2167 Petri
716 2092 908 2180 descendit,
921 2091 971 2166 ibi
984 2101 1056 2166 stat
1068 2116 1182 2190 equos
1195 2101 1341 2191 paratus
1353 2091 1398 2165 ad
1411 2091 1604 2166 sedendum

387 2204 427 2279 in
440 2227 489 2280 ec.
503 2206 550 2278 Et
561 2205 771 2280 accedentes
785 2203 916 2278 notarii
930 2203 1130 2298 regionum,
1143 2228 1214 2278 uno
1227 2205 1420 2302 incipiente
1433 2213 1470 2280 et
1482 2205 1611 2280 ceteris

389 2317 694 2415 respondentibus,
711 2317 750 2390 in
766 2316 866 2392 hunc
883 2317 1027 2391 modum
1045 2317 1186 2393 laudem
1211 2319 1243 2394 ei
1261 2330 1406 2394 canunt.
1430 2322 1609 2394 Domuum

387 2433 540 2506 Leonem
558 2433 692 2528 Papam
709 2439 857 2505 sanctus
874 2432 1005 2504 Petrus
1021 2430 1142 2527 elegit.
1160 2434 1235 2506 Hoc
1249 2455 1362 2529 usque
1375 2441 1431 2506 ter
1444 2430 1538 2506 dicto
1550 2455 1608 2506 ac-

387 2543 482 2620 cedit
499 2542 593 2640 prior
610 2542 752 2632 stabuli,
769 2551 806 2616 et
821 2541 971 2639 imponit
987 2544 1020 2617 ei
1038 2543 1205 2641 incapite
1219 2567 1385 2640 regnum,
1400 2541 1609 2643 quodadsi-
1643 2541 1645 2545 ’

388 2656 629 2732 militudinem
646 2657 796 2732 cassidis
814 2657 864 2745 fit,
877 2667 913 2731 et
925 2665 1014 2732 tunc
1027 2657 1170 2732 demum
1183 2657 1344 2731 ascendit
1356 2679 1462 2753 super
1476 2679 1609 2753 equum

388 2797 505 2844 suum.
524 2774 569 2843 Et
586 2771 807 2867 praecedente
824 2794 907 2844 eum
924 2769 1028 2856 clero,
1041 2778 1214 2843 ornantur
1231 2769 1348 2866 palliis
1361 2779 1397 2844 et
1409 2769 1610 2868 constipan·
1751 2797 1756 2806 ·

388 2893 450 2959 tur
466 2883 592 2982 plateae
609 2883 794 2960 immensis
810 2882 935 2958 cuneis
952 2883 1158 2980 populorum
1177 2890 1213 2957 et
1226 2882 1331 2973 clero,
1344 2880 1610 2980 expectantium

389 3023 473 3074 eum
490 2999 535 3073 ad
551 2998 753 3073 canendum
769 2997 803 3072 ei
820 2996 973 3072 laudem.

824 3184 874 3235 Ex
891 3185 1037 3255 Romano
1057 3179 1179 3234 ordine.

483 3341 525 3412 In
542 3337 666 3413 diebus
682 3348 803 3413 autem
821 3338 932 3428 festia,
949 3335 1040 3410 idest
1057 3333 1206 3426 Pascha,
1223 3337 1468 3423 Pentecosten,
1486 3336 1610 3410 Sancti

388 3453 496 3543 Petri,
509 3443 651 3528 Natalis
663 3452 816 3542 Domini,
826 3449 1051 3550 Presbyteris
1065 3449 1314 3524 cardinalibus
1327 3449 1611 3524 Archidiaconus

386 3565 542 3664 porrigit
558 3565 753 3663 unicuique
770 3588 893 3640 eorum
912 3564 1051 3639 oblatus
1068 3567 1130 3639 Ill.
1153 3568 1198 3638 Et
1221 3565 1412 3640 accedente
1437 3565 1610 3640 Pontifice

386 3680 431 3754 ad
444 3680 566 3768 altare,
578 3679 712 3768 dextra,
725 3679 875 3776 levaque
892 3677 1118 3754 circumdant
1131 3677 1266 3768 Altare,
1280 3688 1315 3754 et
1328 3679 1437 3753 simul
1450 3704 1535 3755 cum
1548 3678 1610 3752 illo

387 3817 559 3868 canonem
572 3792 698 3868 dicunt
710 3807 752 3867 ut
764 3815 828 3867 ros
842 3793 918 3891 (ric)
933 3793 1116 3867 Pontificis
1133 3792 1314 3868 valentius
1327 3793 1505 3885 audiatur,
1517 3803 1552 3870 et
1565 3793 1611 3867 si-

387 3905 464 3980 mul
480 3914 691 3982 consecrant
706 3928 834 4004 corpus
850 3914 887 3982 ct
904 3901 1119 4001 sanguinem
1137 3905 1289 3982 Domini.

888 4069 1125 4154 Lxxxxvss.

801 4225 839 4276 ln
859 4222 971 4278 ordine
990 4221 1191 4276 chrismatis.

482 4357 686 4452 Antequam
704 4355 855 4446 dicatur,
873 4359 941 4430 Per
957 4379 1063 4454 quem
1081 4355 1158 4431 haec
1175 4355 1294 4430 omnia
1308 4357 1458 4434 Domine
1471 4381 1611 4454 semper

342 4467 344 4471 ’
388 4467 478 4543 bona
497 4491 609 4561 creas,
627 4470 802 4548 exorcizet
818 4478 854 4548 et
869 4468 1057 4546 benedicat
1073 4471 1237 4548 Pontifex
1257 4469 1373 4548 oleum
1395 4481 1468 4548 tam
1493 4473 1538 4550 ad
1557 4472 1611 4548 io·
