3642 5294
925 360 1101 422 ..54-

396 495 434 561 ct
449 485 563 583 ipsius
579 481 777 558 Salvatoris
792 481 1056 556 humanitatem
1075 481 1220 580 penitus
1236 491 1476 570 recusantem,
1492 489 1530 556 ot
1546 507 1622 556 um·

398 599 538 675 brosam
561 595 754 697 quamdam
778 595 927 671 eiusad
951 617 1016 670 nos
1040 593 1315 670 similitudinem
1345 593 1622 693 pristigiantem.

399 710 526 788 leonis
541 709 664 786 tabula
680 717 865 806 tamquam
882 709 1010 784 Leonis
1026 708 1172 805 rugitus
1188 709 1344 784 viriliter
1360 733 1406 783 ex
1429 711 1540 783 Roma
1564 731 1623 782 vo-

399 825 556 901 ciferans
572 821 903 898 Archimandritam
928 821 1080 898 bestiam
1103 823 1311 922 perterruit,
1334 833 1441 922 atque
1467 847 1625 898 amona·

401 938 483 1016 chio
499 938 623 1012 Grecae
640 935 799 1034 proiecit,
815 935 965 1034 eiusque
982 935 1156 1011 fantasias
1179 961 1392 1012 evanescere
1409 936 1504 1012 lecit
1522 939 1626 1012 Hanc

402 1051 596 1150 profectos
612 1048 764 1124 Domino
780 1048 1047 1146 infrascriptam
1070 1048 1231 1124 tabulam
1248 1048 1457 1124 Marcianus
1474 1051 1627 1146 Impera·

403 1177 458 1241 tor
472 1175 510 1241 et
522 1161 738 1239 Anatholius
751 1163 1167 1262 constantinopolitanus
1180 1164 1342 1238 Antiates
1350 1187 1434 1238 cum
1442 1162 1539 1236 omni
1548 1162 1628 1239 Cal-

404 1278 593 1356 pedonensi
605 1277 757 1354 concilio
769 1277 924 1376 amplexi
937 1289 1034 1366 sunt,
1050 1287 1087 1352 et
1103 1303 1187 1352 cum
1204 1275 1272 1352 hac
1289 1287 1539 1353 consonantem
1557 1279 1627 1352 Eu·

405 1391 551 1468 thiestis
567 1401 603 1467 et
620 1391 780 1466 Dioscori
799 1389 1079 1486 intelligentiam
1096 1401 1378 1466 evacuaverant.

499 1507 544 1578 V.
561 1504 622 1580 Sic
638 1503 756 1600 igitur
773 1502 935 1602 posthoc
952 1503 1116 1601 Vigilius
1139 1505 1342 1579 Iustiniano
1365 1503 1525 1602 piissimo
1548 1527 1630 1579 con-

406 1619 560 1708 sonavit,
573 1627 610 1694 et
622 1617 789 1716 quintum
803 1616 1005 1692 Concilium
1020 1618 1256 1692 constitutum
1268 1627 1335 1706 est,
1346 1627 1384 1693 et
1395 1617 1629 1717 quorumdam

407 1732 583 1832 opuscula
599 1732 734 1830 repleta
750 1731 1011 1807 abominatione
1026 1731 1328 1806 anathematizata
1344 1741 1439 1805 sunt.

504 1850 566 1922 Vl.
579 1846 647 1920 His
659 1845 710 1920 ita
723 1869 761 1920 se
774 1844 989 1920 habentibus
1001 1844 1235 1942 inspiratione
1247 1846 1363 1921 sancti
1377 1845 1535 1943 Spiritus
1551 1869 1633 1922 con·

407 1961 568 2060 spirante
595 1982 660 2035 nos
685 1959 789 2034 CLX
814 1957 972 2034 invicem
997 1981 1234 2034 consonamus
1258 1969 1295 2034 et
1318 1960 1573 2048 consentimus,
1596 1969 1634 2033 et

409 2073 613 2172 Agathonis
627 2071 827 2148 beatissimi
845 2072 965 2146 Patris
981 2072 1095 2146 nostri
1111 2081 1149 2147 et
1165 2071 1306 2146 Summi
1331 2075 1436 2171 Papae
1459 2071 1635 2169 dogmati-

408 2188 462 2264 cis
478 2186 622 2274 litteris‚
639 2211 706 2262 nec
723 2209 794 2260 non
811 2195 848 2262 et
864 2184 1095 2282 suggestioni
1111 2197 1245 2262 sanctas
1262 2212 1341 2285 quae
1359 2187 1426 2262 sub
1447 2210 1488 2262 eo
1513 2197 1550 2262 et
1573 2213 1633 2286 sy·

408 2299 491 2376 nodi
509 2299 657 2375 CXXV.
674 2309 817 2398 patrum
834 2300 1100 2376 concordamus.

506 2416 553 2488 Et
568 2413 673 2488 infra.
690 2417 737 2488 Et
752 2413 975 2490 anathemati
991 2414 1211 2490 subiecimus
1227 2414 1448 2491 Theodorum
1462 2415 1634 2489 Pharani-

411 2537 548 2603 tanum.
566 2527 736 2623 Sergium
753 2537 789 2603 et
807 2528 961 2602 Paulum
978 2537 1015 2603 et
1039 2527 1237 2626 Phyrrum,
1260 2538 1297 2604 et
1322 2532 1481 2622 Petrum,
1504 2541 1541 2604 et
1567 2531 1635 2602 Ho-

411 2639 568 2729 norium,
582 2649 619 2716 et
635 2639 874 2730 Macharium‚
889 2649 927 2716 et
943 2639 1166 2739 Stephanum
1183 2641 1402 2741 discipulum
1418 2642 1507 2732 eius,
1519 2651 1557 2717 et
1573 2645 1637 2715 Po·

412 2753 641 2843 lichronium‚
653 2762 690 2829 et
701 2776 825 2830 omnes
837 2754 900 2852 qui
912 2754 1235 2842 constituerunt‚ct
1247 2754 1310 2852 qui
1322 2755 1539 2830 constituere
1551 2778 1637 2852 praa·

412 2876 572 2956 sumunt,
595 2892 706 2941 unam
731 2867 955 2944 voluntatem
981 2878 1017 2944 et
1044 2892 1153 2941 uuam
1171 2869 1411 2964 operationem
1428 2867 1468 2942 in
1485 2867 1635 2942 Domino

413 2990 533 3058 nostro
549 2979 657 3056 Ihesu
673 2980 826 3057 Christo.
840 2985 1012 3056 Summus
1028 2989 1150 3055 autem
1167 2979 1353 3057 nobiscum
1366 2980 1638 3056 concertabatur

415 3093 662 3192 Apostolorum
674 3093 856 3192 Princeps.
868 3093 972 3168 Illius
988 3093 1228 3168 inmitatorem
1242 3103 1278 3169 et
1290 3093 1386 3169 sedis
1397 3117 1638 3171 successorem

414 3206 608 3282 babuimus
621 3206 797 3281 fautorem
811 3217 848 3282 et
859 3206 974 3281 divini
989 3208 1206 3282 sacramenti
1217 3208 1389 3306 mysterio
1397 3208 1638 3283 illustrantem

417 3343 478 3418 per
499 3318 639 3394 litteras
663 3319 920 3396 confessionem
949 3319 1050 3396 nobis
1074 3321 1137 3396 illa
1161 3325 1320 3397 Romana
1338 3324 1486 3423 antiqua
1510 3323 1640 3399 civitas

417 3429 557 3520 obtulit,
573 3439 609 3506 et
625 3431 835 3528 dogmatum
852 3431 945 3508 diem
964 3436 1215 3534 avespertinis
1227 3436 1388 3536 partibus
1400 3436 1544 3512 extulit.
1557 3437 1642 3512 Car-

418 3552 456 3738 {a
472 3553 509 3620 et
524 3553 765 3621 atramentum
782 3545 981 3634 videbatur,
997 3556 1034 3622 et
1050 3573 1112 3646 per
1129 3550 1358 3646 Agathonem
1377 3553 1507 3626 Petrus
1523 3549 1641 3648 loque·

441 3666 533 3733 etur.

956 3889 1096 3975 XXXV.

519 4116 762 4192 Conveniente
780 4126 905 4193 sancta
922 4127 958 4192 et
979 4118 1179 4194 universali
1203 4121 1339 4219 synodo
1363 4145 1443 4218 quae
1467 4145 1530 4218 per
1555 4119 1645 4195 divi·

422 4254 506 4304 nam
522 4230 680 4326 gratiam
697 4239 734 4306 et
750 4231 844 4328 piam
861 4230 1082 4307 sanctionem
1100 4233 1354 4332 imperatorum
1368 4233 1597 4308 Constantini
1609 4245 1646 4308 ct

424 4346 583 4441 Hyrenae
600 4345 725 4420 matris
741 4343 820 4420 eius
836 4357 1058 4442 congregata
1076 4355 1131 4422 est
1151 4347 1190 4421 in
1207 4345 1319 4422 Nicea
1339 4345 1438 4424 clara
1460 4346 1645 4445 metropoli

424 4457 704 4537 Bithiuiensium
718 4459 923 4562 provinciae
936 4459 1029 4536 idem
1039 4463 1145 4538 Petro
1159 4459 1447 4536 reverentissimo
1458 4458 1647 4560 Archipre·
