3654 5302
920 423 962 444 -
987 393 1052 456 aso
1077 423 1118 442 -

978 564 1049 648 LV.

499 736 668 814 Gelasius
693 736 905 814 Herelevvrn
929 737 1088 833 Reginae.
1115 735 1185 824 Qui
1215 759 1277 836 pro
1303 735 1403 812 victu
1428 761 1627 836 pauperum

403 855 539 926 Domno
557 851 628 926 lilio
646 875 722 926 mco
740 850 1039 927 excellentissimo
1062 850 1140 946 regi
1164 874 1248 925 cum
1274 850 1364 925 meis
1389 850 1521 926 litteris
1545 877 1627 950 sup-

403 966 564 1064 plicaret,
582 968 728 1040 Petrum
741 964 912 1042 aecclesiae
928 964 1145 1039 defensorem
1163 962 1320 1059 dirigere
1334 963 1529 1062 properavi.
1547 966 1624 1050 Quo

405 1077 571 1154 veniente
590 1077 848 1153 sublimitatem
866 1099 1004 1175 qnoque
1022 1086 1120 1150 tuam
1139 1076 1299 1151 salutare
1316 1099 1387 1150 non
1404 1075 1536 1166 destiti,
1548 1075 1624 1175 plu·

402 1191 533 1265 rimum
560 1190 764 1289 deprecans,
782 1200 823 1266 ut
848 1213 910 1288 pro
926 1200 1056 1264 vostrae
1074 1189 1203 1265 salutis
1220 1199 1257 1265 et
1273 1189 1519 1288 prosperitatis
1535 1214 1624 1285 aug·

404 1303 537 1378 mentis
546 1304 731 1400 egentium
742 1329 870 1380 causas
883 1305 1008 1378 iuvare
1021 1303 1232 1400 dignemini.
1242 1303 1625 1380 Datavnalnartias.

969 1477 1057 1564 tu.

496 1652 664 1728 Gelasins
682 1652 893 1750 QuinigosIo
917 1663 954 1728 ot
975 1651 1211 1729 Constantino
1228 1651 1413 1750 Episcopis
1436 1651 1532 1728 inter
1556 1676 1622 1727 cm

401 1774 489 1841 tera.
507 1764 609 1840 Felix
629 1774 665 1840 et
682 1767 811 1840 Petrus
827 1765 988 1840 eoelesiae
1004 1763 1152 1839 Nolanae
1169 1765 1294 1841 clerici
1311 1764 1571 1840 contumaciter
1587 1783 1625 1840 et

401 1887 525 1953 contra
543 1878 777 1954 constitutum
795 1878 943 1953 rebelles
959 1877 1005 1952 ad
1022 1877 1232 1953 comitatum
1249 1879 1300 1952 fili
1320 1878 1389 1952 mei
1407 1878 1505 1973 regis
1522 1887 1625 1975 puta-

405 2000 538 2066 verunt
554 2015 631 2066 esse
644 1990 1079 2090 properandum,dioentes
1100 1992 1167 2066 sibi
1182 1991 1258 2065 vim
1276 1991 1389 2067 fuisse
1405 2003 1626 2087 generatam,

400 2103 509 2180 tacito
526 2103 718 2180 clericatus
735 2105 858 2180 officio.
876 2108 923 2179 Et
946 2106 1159 2182 auctoritate
1175 2107 1378 2204 promerita,
1394 2116 1518 2182 contra
1535 2105 1625 2181 civi-

401 2216 540 2293 litatem
550 2217 819 2315 redemptissibi
828 2218 999 2308 barbaris,
1010 2219 1294 2319 suprascriptum
1305 2219 1506 2318 episcopum
1516 2245 1624 2293 suum

400 2331 576 2426 gravibus
586 2331 731 2405 iniuriis
743 2341 780 2407 et
792 2332 986 2430 dispendiis
999 2334 1205 2408 affecerunt.
1214 2332 1367 2407 Proinde
1380 2332 1625 2407 necessarium

404 2444 487 2535 suit,
505 2454 547 2519 ut
563 2446 607 2520 ad
624 2445 788 2521 eumdem
809 2447 979 2522 domnum
1000 2446 1115 2520 filium
1133 2470 1251 2521 mcum
1269 2446 1496 2545 supradictus
1513 2445 1625 2520 frater

403 2569 524 2634 noster
538 2562 693 2634 Serenus
707 2561 892 2658 episcopus
904 2559 1118 2636 convolaret.
1128 2561 1350 2657 Ostensaque
1363 2559 1487 2634 fraude
1500 2583 1626 2634 secun-

401 2673 488 2746 dum
513 2671 770 2747 beatitudinem
795 2683 994 2771 temporum
1019 2698 1165 2749 suorum
1192 2673 1248 2746 vir
1273 2671 1624 2771 praecellentissimus

404 2785 502 2860 filius
519 2811 621 2861 meus
638 2785 877 2862 Theodericus
896 2813 968 2878 ren,
985 2788 1029 2862 ad
1050 2797 1211 2862 nostrum
1229 2796 1459 2861 contumaces
1475 2785 1624 2860 clericos

404 2899 544 2976 remisit
559 2922 719 2976 examen.
736 2904 785 2978 Et
801 2911 939 2978 eaetera.

955 3065 1063 3150 nvn.

497 3238 668 3336 Pelagius
681 3239 831 3315 Iohanni
849 3239 969 3317 comiti
983 3237 1195 3316 Patrimonii
1206 3237 1451 3336 Anagnostico
1462 3239 1557 3314 inter
1570 3263 1626 3314 ce

402 3362 489 3428 tera.
508 3353 820 3430 Clementissimus
837 3355 1002 3455 princeps
1018 3352 1249 3450 generalibus
1266 3353 1409 3449 legibus
1426 3353 1625 3443 constituit,

401 3464 466 3540 illa
483 3491 586 3542 sacra
605 3467 889 3566 uniuscuiusque
907 3468 1142 3566 supplicantis
1167 3467 1339 3543 desiderio
1355 3492 1524 3544 concessa
1539 3494 1627 3568 prae·

402 3578 536 3669 valere,
550 3591 586 3656 ct
606 3580 750 3656 effectui
769 3581 979 3680 mancipari,
997 3605 1074 3679 quae
1087 3607 1170 3658 cum
1183 3581 1273 3655 iuris
1289 3591 1325 3656 et
1341 3581 1466 3678 legum
1485 3583 1623 3656 ratione

400 3695 625 3768 concordant.
642 3697 695 3770 Ea
721 3709 804 3772 vero
822 3719 901 3793 quae
918 3695 1133 3794 subrepticie
1150 3693 1209 3768 vel
1226 3693 1327 3768 falsis
1344 3693 1509 3792 precibus
1525 3694 1627 3769 forsi-

402 3817 464 3881 tan
481 3807 732 3908 impetrantur,
750 3810 891 3884 nullum
909 3809 1195 3910 supplicantibus
1212 3807 1307 3884 ferre
1326 3807 1533 3885 remedium.

950 3975 1075 4060 LVIII.

503 4149 704 4246 Gregorius
717 4150 894 4226 Mauricio
907 4147 1126 4247 Imperatori.
1139 4150 1187 4223 Iu·
1198 4147 1331 4223 divinis
1347 4147 1497 4246 eloquiis
1514 4173 1631 4225 sacer-

401 4263 500 4338 dotes
517 4261 708 4361 aliquando
732 4263 793 4354 dii,
812 4264 1004 4362 aliquando
1028 4262 1151 4358 angeli
1176 4271 1361 4337 vocantur.
1378 4265 1472 4336 Nam
1499 4273 1535 4338 et
1564 4287 1628 4362 per

402 4381 554 4476 Moysen
567 4377 609 4453 de
626 4400 666 4453 eo
683 4379 745 4476 qui
762 4379 808 4453 ad
824 4379 1067 4453 iuramentum
1086 4377 1313 4453 deducendus
1329 4385 1384 4451 est
1399 4376 1543 4451 dicitur.
1556 4383 1629 4476 Ap

403 4490 497 4594 plica
515 4489 618 4568 illum
640 4492 685 4571 ad
710 4493 791 4571 deos
817 4493 985 4572 videlicet
1008 4491 1052 4572 ad
1077 4491 1288 4570 sacerdotes.
1304 4494 1352 4568 Et
1377 4515 1523 4566 rursum
1540 4491 1628 4568 scri·
