3582 5288
905 390 1077 478 -9o4-

898 639 1087 726 oxxvnt

474 873 659 972 Nyoolaus
675 872 871 970 Episcopus
888 871 983 947 clero
1000 881 1036 948 et
1052 869 1145 969 plebi
1162 871 1336 961 Nocensis
1352 869 1522 944 ecclesia.
1535 871 1602 944 Ec·

378 987 488 1062 clesia
512 987 589 1062 ideo
612 987 869 1062 catholicorum
894 983 1066 1073 collectio,
1091 984 1261 1082 quomodo
1286 983 1364 1058 sine
1390 981 1605 1079 Apostolicre

380 1101 483 1176 Sedis
498 1101 710 1176 instituetur
727 1111 831 1188 nutu,
848 1100 1019 1198 quomodo
1035 1099 1136 1172 iuxta
1154 1122 1255 1172 sacra
1272 1097 1426 1185 decreta,
1443 1121 1510 1171 nec
1527 1097 1602 1194 ipse

378 1213 507 1288 debent
530 1213 664 1312 absque
689 1215 922 1312 preceptione
951 1217 1056 1311 Papae
1085 1212 1231 1287 basilice
1261 1211 1400 1286 noviter
1429 1210 1602 1300 construi,

379 1353 459 1426 quae
484 1328 560 1426 ipsa
585 1327 842 1404 catholicorum
869 1329 965 1402 intra
991 1336 1104 1402 semet
1132 1325 1300 1428 amplecti
1331 1335 1478 1400 caterva
1505 1324 1603 1398 diuo·

379 1451 540 1516 scuntur.

889 1663 1097 1746 GXllllllll.

476 1895 662 1994 Nycolaus
681 1896 876 1994 Episcopus
895 1919 1022 1969 servus
1039 1917 1224 1970 servorum
1238 1897 1315 1983 Dei,
1328 1894 1487 1993 piissimo
1505 1905 1541 1970 et
1553 1893 1605 1968 di·

382 2011 577 2085 lectissimo
591 2009 663 2083 filio
676 2009 849 2084 Michahli
863 2034 884 2082 a
897 2012 1136 2110 Deoprotecto
1148 2033 1287 2108 semper
1300 2014 1477 2104 Augusto.
1496 2011 1604 2082 Nunc

381 2133 503 2197 autem
521 2122 644 2196 divina
660 2121 893 2219 inspiratione
911 2144 981 2195 nen
999 2146 1063 2196 nos
1079 2123 1227 2220 pigebit,
1243 2148 1310 2198 neo
1327 2122 1428 2198 nobis
1445 2121 1604 2220 impossi-

380 2235 450 2311 bile
476 2235 546 2311 erit
570 2236 751 2310 ostendere
776 2235 887 2324 vobis,
912 2235 943 2309 si
968 2245 1089 2311 tamen
1113 2237 1236 2312 audire
1262 2237 1384 2312 velitis
1407 2259 1478 2311 non
1503 2258 1603 2333 posse

380 2375 596 2448 quemquam
615 2350 682 2424 rite
699 2349 744 2424 ab
761 2349 818 2422 his
834 2350 896 2447 qui
914 2349 1093 2424 inferioris
1110 2350 1301 2446 dignitatis
1318 2350 1377 2424 vel
1394 2349 1528 2424 ordinis
1550 2349 1603 2422 iu·

379 2464 569 2540 dioialibus
583 2463 746 2540 submitti
761 2464 1042 2539 diffinitionibus.
1057 2464 1240 2562 Siquidem
1250 2475 1407 2562 tempore
1416 2462 1604 2538 Diocletia-

379 2581 416 2654 ni
434 2591 470 2654 et
495 2579 703 2654 Maximiani
731 2587 990 2677 Augustorum.
1015 2577 1248 2654 Marcellinus
1273 2577 1470 2676 Episcopus
1494 2575 1603 2652 Urbis

378 2693 498 2768 Romae
515 2694 576 2792 qui
595 2703 713 2792 postea
730 2693 887 2790 insignis
905 2699 1045 2791 martyr
1063 2691 1210 2772 effeetus
1226 2703 1281 2768 est
1296 2692 1382 2768 adeo
1397 2689 1602 2789 compulsus

378 2817 432 2882 est
449 2833 470 2880 a
488 2807 641 2905 paganis
658 2816 699 2880 ut
715 2805 891 2905 templum
910 2829 1030 2881 eorum
1048 2805 1237 2900 ingressus
1253 2830 1369 2902 grana
1385 2805 1479 2880 turis
1496 2826 1603 2901 super

382 2945 516 3016 prunas
534 2927 687 3017 poneret.
706 2919 820 2995 Cuius
838 2920 888 2995 rei
905 2921 1026 3015 gratia
1042 2919 1192 2996 collecto
1204 2943 1473 2998 numerosorum
1487 2919 1603 2994 eonci-

378 3032 426 3106 lio
450 3031 694 3131 episcoporum
720 3043 756 3109 et
781 3033 1011 3131 inquisitione
1035 3035 1142 3123 facta,
1166 3034 1233 3110 hoo
1259 3034 1353 3110 idem
1378 3034 1544 3109 Pontifex
1564 3056 1601 3107 se

377 3146 496 3243 egisse
514 3147 698 3222 confessus
715 3158 779 3222 est.
796 3146 930 3221 Nullus
946 3157 1067 3222 tamen
1081 3169 1202 3222 eorum
1216 3147 1372 3245 proferre
1384 3145 1598 3222 sententiam

378 3285 489 3334 ausus
506 3269 561 3335 est
578 3260 662 3334 dum
681 3260 714 3336 ei
731 3283 854 3335 omues
871 3260 1055 3358 sepissime
1077 3259 1274 3358 perhibent.
1300 3263 1375 3335 Tuo
1399 3284 1458 3336 ore
1482 3259 1600 3333 iudica

378 3397 524 3447 causam
542 3383 642 3448 tuam
660 3396 731 3447 non
753 3384 873 3448 nostro
894 3374 1035 3450 iudicio.
1060 3378 1161 3450 Item.
1186 3375 1267 3450 Noli
1294 3376 1398 3451 aiunt
1421 3375 1460 3448 in
1482 3383 1601 3448 nostro

378 3485 522 3575 iudicio,
539 3487 600 3561 sed
617 3485 747 3582 collige
765 3487 803 3560 in
821 3486 903 3560 sinu
923 3496 985 3561 tuo
997 3511 1145 3563 causam
1164 3498 1275 3563 tuam.
1293 3491 1339 3563 Et
1357 3496 1491 3562 rursus.
1509 3487 1601 3574 Quia

378 3623 422 3673 ex
438 3607 474 3674 te
492 3598 663 3697 inquiunt
676 3599 927 3675 iustificaberis
939 3610 1004 3675 aut
1016 3625 1060 3676 ex
1071 3623 1130 3675 ore
1143 3612 1206 3677 tuo
1218 3600 1542 3699 condempnaberis.
1555 3603 1601 3673 Et

378 3709 509 3784 iterum
526 3709 662 3786 dicunt.
680 3711 801 3786 Prima
819 3712 922 3787 sedes
938 3735 1009 3786 non
1026 3713 1244 3790 iudicabitur
1260 3741 1282 3789 a
1298 3738 1485 3814 quoquam.
1510 3717 1600 3790 Item

378 3822 416 3895 in
432 3823 565 3900 eadem.
583 3824 653 3900 Sed
669 3835 705 3900 et
718 3851 801 3902 oum
815 3826 960 3924 quidam
972 3837 1129 3924 tempore
1147 3827 1299 3924 quodam
1316 3838 1441 3902 eontra
1453 3827 1598 3902 Xistum

378 3937 512 4031 Papam
529 3945 765 4033 temptassent
782 3938 943 4035 quoedam
961 3960 1032 4012 uon
1050 3939 1131 4014 boni
1157 3941 1311 4014 rumoris
1335 3940 1474 4016 obicere
1500 3948 1536 4014 et
1561 3939 1598 4010 in

377 4047 527 4122 concilio
544 4049 604 4124 oui
622 4049 902 4124 Valentinianus
920 4055 1111 4147 Augustus
1128 4051 1301 4127 intererat
1326 4053 1462 4128 dietum
1488 4051 1600 4125 fuisse

377 4182 448 4234 non
457 4158 566 4236 licere
574 4161 767 4237 adversum
777 4163 987 4238 Pontificem
997 4164 1331 4253 sentientiamdare‚
1340 4164 1497 4240 surrexit
1506 4163 1600 4239 idem

379 4273 541 4369 protinus
558 4274 750 4375 imperator
767 4286 805 4352 et
823 4276 860 4350 in
878 4277 1026 4352 arbitrio
1043 4276 1181 4374 praefati
1201 4277 1385 4352 Pontificis
1401 4276 1529 4352 tribuit
1549 4277 1601 4350 iu·

377 4385 496 4462 dicare
513 4387 689 4464 iudicium
708 4417 825 4464 suum.
843 4394 890 4466 Et
906 4391 1029 4465 nullus
1046 4391 1260 4466 Pontificum
1279 4391 1458 4465 minorum
1476 4389 1536 4464 vel
1549 4390 1601 4463 in-

379 4496 549 4572 seriorum
566 4500 711 4574 urbium
729 4503 902 4578 subactus
920 4502 1064 4580 iudiciis
1081 4503 1277 4578 invenitur.
1294 4507 1385 4579 Item
1410 4503 1448 4576 in
1469 4503 1601 4579 eedem.
