3654 5302
946 400 1144 478 ..382-

429 529 633 621 cognoscat.
651 524 699 598 Et
724 521 794 597 nisi
812 523 871 599 vel
887 547 929 602 es
943 540 1026 621 ‘quae
1043 515 1087 602 ab
1104 526 1165 602 illo
1181 535 1268 603 sunt
1293 527 1385 603 male
1409 524 1527 604 ublate
1560 524 1666 602 resti·
1784 535 1785 586 f

430 641 552 731 tuerit,
569 640 628 715 vel
644 639 756 734 digna
773 637 969 737 penitentia
986 638 1113 716 illicite
1129 651 1210 717 scta
1234 641 1428 733 defleverit,
1443 668 1466 716 e
1490 642 1665 718 sacratis·
1784 629 1785 640 ¹

426 755 517 831 simo
534 778 678 852 corpore
700 778 743 828 oc
769 751 950 848 sanguine
968 753 1034 828 Dei
1060 762 1097 828 et
1113 754 1256 830 Domini
1273 755 1518 854 Redemptoris
1543 756 1661 830 nostri

431 868 538 945 lhesu
558 867 695 945 Christi
719 867 860 943 alienus
876 865 949 962 fiat,
965 875 1073 966 atque
1089 865 1127 942 in
1145 875 1277 945 sterno
1300 869 1465 944 examine
1482 869 1662 946 districts

424 982 554 1058 ultioni
571 979 767 1057 subiaceat.

1006 1121 1077 1209 Lx.

522 1325 722 1421 Gregorius
740 1323 985 1399 Constantine
1003 1327 1180 1420 Augustae
1198 1331 1275 1422 post
1300 1321 1414 1399 mults
1438 1322 1520 1398 eliu.
1546 1327 1598 1401 Ει
1624 1324 1655 1398 si

426 1441 806 1541 Episcoporumcansae
815 1437 902 1510 mihi
916 1435 1185 1512 commissorum
1195 1436 1289 1534 apud
1298 1437 1476 1536 piissimos
1488 1437 1654 1510 dominos

425 1555 578 1628 aliorum
604 1550 799 1651 patrocinio
823 1551 1070 1649 disponuntur,
1094 1549 1222 1624 infelix
1246 1573 1313 1646 ego
1338 1551 1376 1624 in
1400 1551 1555 1626 ecclesia
1582 1551 1654 1625 ista

426 1667 512 1766 quid
524 1666 641 1742 facio?
654 1664 721 1738 Sed
734 1673 776 1737 ut
792 1663 945 1762 episcopi
961 1665 1028 1739 mei
1044 1689 1099 1739 me
1112 1665 1320 1762 despiciunt,
1334 1674 1370 1740 ot
1387 1675 1511 1740 contra
1526 1690 1586 1740 me
1603 1689 1655 1739 re·

427 1779 571 1877 fugium
589 1779 633 1852 ud
651 1775 830 1852 seculares
847 1775 983 1852 iudices
999 1776 1139 1866 abeunt,
1161 1777 1393 1874 omnipotenti
1418 1781 1490 1853 Deo
1506 1780 1651 1874 gratias

426 1915 507 1989 ago,
531 1890 687 1990 peccetis
704 1888 794 1964 meis
813 1889 953 1986 deputo,
976 1887 1043 1965 hoc
1060 1899 1181 1966 tamen
1205 1889 1363 1966 breviter
1379 1913 1540 1987 suggero
1565 1892 1651 1989 quia

425 2001 692 2104 aliquantulum
712 2011 866 2101 expecto,
883 2013 919 2077 et
936 2003 965 2076 si
983 2004 1028 2077 ad
1045 2028 1101 2078 me
1125 2003 1250 2079 venire
1273 2003 1465 2096 distulerit,
1483 2029 1651 2081 exercere

428 2119 470 2193 iu
489 2143 528 2197 eo
545 2117 803 2194 districtionem
821 2117 1029 2193 canonicam
1047 2116 1249 2193 nullomodo
1266 2117 1419 2193 cessabo.

993 2283 1081 2368 LXI.

389 2509 392 2514 ,
522 2456 721 2554 Gregorius
737 2453 950 2530 Brunihilde
975 2455 1124 2550 Reginus
1141 2459 1373 2547 Francorum,
1390 2456 1485 2531 inter
1506 2466 1647 2532 caeters.

427 2572 465 2646 Si
484 2594 572 2670 quos
590 2570 705 2666 igitur
726 2567 911 2657 violentos,
928 2569 959 2642 si
980 2591 1068 2666 quos
1091 2567 1282 2658 adulteros,
1299 2568 1329 2641 si
1348 2592 1435 2666 quos
1457 2569 1566 2656 fures,
1584 2567 1642 2643 vel

425 2685 509 2760 aliis
526 2684 647 2784 pravis
664 2683 804 2758 actibus
822 2682 965 2757 studere
986 2680 1215 2777 cognoscitis
1235 2682 1350 2755 Deum
1367 2681 1511 2756 deorum
1528 2705 1642 2757 corre·

425 2799 544 2897 ptione
562 2797 704 2896 placare
721 2794 898 2884 festinate,
915 2804 957 2870 ut
974 2819 1036 2894 per
1053 2817 1116 2870 vos
1129 2792 1314 2889 flagellum
1328 2795 1542 2892 perfidarum
1557 2818 1645 2890 gen·

424 2913 516 2987 tium
541 2911 633 3009 quod
654 2917 829 3008 quantum
847 2908 1011 2984 videmus
1031 2906 1076 2981 ed
1093 2907 1291 2983 vindictam
1317 2907 1514 2982 multarum
1532 2909 1644 2982 natio·

425 3049 512 3098 num
532 3023 727 3100 excitatum
746 3031 886 3096 estnon
903 3021 1060 3096 inducat.
1077 3023 1132 3096 Ne
1149 3020 1180 3095 si
1197 3021 1290 3119 quod
1306 3045 1377 3095 non
1398 3021 1578 3096 credimus
1594 3022 1645 3095 di-

425 3139 520 3212 vinae
536 3137 684 3212 ultionis
701 3133 887 3209 iracundia
904 3133 1159 3210 sceleratorum
1176 3134 1285 3209 fucrit
1302 3134 1441 3209 actione
1458 3145 1644 3224 commota,

423 3249 508 3324 belli
526 3249 636 3347 pestis
652 3247 846 3336 interimat,
863 3269 950 3345 quos
966 3245 1215 3344 delinquentes
1230 3247 1276 3320 ed
1293 3245 1520 3321 rectitudinis
1544 3247 1640 3320 viem

425 3361 491 3436 Dei
507 3370 682 3460 praecepts
699 3382 769 3433 non
784 3367 963 3434 revocant.
975 3358 1071 3434 Idem
1086 3359 1124 3433 in
1138 3369 1289 3455 regesto.
1303 3363 1408 3434 Petro
1422 3359 1643 3434 subdiacono

425 3473 640 3572 Campanis.
669 3471 853 3547 Violentus
878 3469 988 3546 laicos
1015 3495 1188 3564 coercere,
1213 3495 1284 3548 non
1309 3481 1434 3549 contra
1458 3473 1560 3570 leges
1584 3497 1643 3550 cos

421 3609 545 3681 agere,
561 3585 623 3661 sed
640 3585 714 3682 legi
732 3584 825 3662 ierrc
841 3584 1051 3661 subsidium.

931 3871 933 3874 Ι
980 3749 1087 3836 unu.

518 3921 716 4020 Gregorius
729 3921 856 3998 Phocus
869 3926 1046 4020 Augusto,
1059 3923 1154 3998 inter
1166 3931 1295 4000 cetera.
1308 3923 1542 3999 Felieissimis
1555 3933 1642 4000 tem·

424 4035 568 4133 poribus
585 4035 716 4110 vestris
734 4035 855 4110 redeat
871 4035 1013 4110 cunctis
1030 4035 1068 4108 in
1086 4034 1192 4110 rebus
1217 4037 1397 4134 perpetuis
1422 4061 1550 4111 secura
1567 4059 1641 4133 pos

423 4148 542 4234 sessio,
559 4157 601 4222 ut
618 4147 695 4222 sine
711 4147 839 4223 timore
856 4147 986 4223 habere
1004 4172 1042 4222 se
1058 4149 1241 4244 gaudeant
1253 4173 1333 4246 quse
1345 4171 1416 4221 non
1429 4157 1516 4222 sunt
1529 4148 1573 4222 ob
1589 4150 1641 4222 eis

422 4259 609 4335 fraudibus
625 4259 810 4359 acquisitu.
829 4261 1055 4336 Reformetur
1072 4261 1143 4333 iam
1161 4259 1319 4356 singulis
1335 4260 1401 4335 sub
1414 4261 1502 4356 iugo
1514 4260 1563 4360 pii
1577 4260 1640 4333 im·

365 4447 367 4452 .
422 4371 513 4472 perii
539 4371 686 4448 libertas
707 4397 784 4462 sus,
809 4371 877 4448 hoc
901 4397 1056 4470 namque
1080 4372 1175 4448 inter
1200 4396 1305 4469 reges
1328 4373 1494 4470 gentium
1520 4383 1557 4448 et
1577 4375 1643 4447 Ro

424 4486 521 4560 moni
541 4485 667 4582 Populi
685 4485 916 4583 imperatores
940 4485 1061 4574 distat,
1077 4485 1169 4583 quod
1186 4509 1291 4582 reges
1314 4486 1482 4582 gentium
1506 4486 1641 4560 domini
