3654 5302
897 365 1095 429 -360-

386 485 482 560 mala
498 485 795 562 tamen-Sodomae
812 483 928 559 noluit
945 483 1069 560 audita
1086 483 1257 573 iudicare,
1269 484 1480 586 priusquam
1495 485 1608 559 mani·

386 593 478 675 desta
494 607 720 694 agnosceret,
736 623 816 697 quoe
834 597 1054 673 dicebantur.
1072 599 1175 674 Unde
1192 598 1252 672 ait.
1270 598 1490 674 Descendam
1507 607 1543 674 et
1555 598 1608 671 vi-

385 713 471 789 debo
488 723 612 787 utrum
629 713 821 789 clamorem
838 712 901 811 qui
919 712 1020 786 verrit
1032 713 1077 787 ad
1092 737 1147 788 me
1160 735 1262 812 opere
1275 713 1544 807 compleverint,
1555 737 1603 786 an

386 851 458 902 non
475 837 517 901 ut
539 827 663 903 sciam.
689 828 805 903 Cuius
829 827 988 924 exemplo
1014 850 1212 915 monemur,
1238 852 1282 902 ne
1300 827 1345 901 ad
1361 827 1606 924 proferendam

388 941 603 1016 sententiam
617 967 773 1040 unquam
789 940 989 1041 precipites
1004 940 1130 1028 simus,
1145 951 1209 1016 ant
1221 946 1354 1016 temere
1366 939 1609 1037 indiligenter-

389 1079 458 1154 que
474 1055 636 1131 discussa
652 1043 791 1156 quoquo
809 1055 909 1132 modo
926 1053 1139 1130 iudicemus.

928 1220 1074 1305 XXXII.

489 1393 680 1472 Vvsebius.
697 1398 751 1472 De
771 1392 927 1470 occultis
951 1392 1068 1470 cordis
1084 1390 1194 1468 alieni
1211 1401 1344 1469 temere
1360 1392 1532 1481 iudicare,
1547 1391 1613 1464 ini·

391 1533 503 1606 quum
512 1514 577 1597 est,
590 1516 627 1582 ot
638 1532 721 1583 eum
734 1505 840 1584 cuius
852 1501 924 1582 non
936 1506 1106 1584 videntur
1120 1531 1225 1607 opera
1238 1507 1308 1582 nisi
1322 1508 1413 1584 bona
1425 1515 1611 1606 peccatum

392 1631 458 1713 est,
474 1645 520 1696 ex
536 1619 739 1720 suspicione
758 1620 1023 1720 reprehendere.

922 1813 1085 1898 XXXIII.

477 2017 519 2069 st
537 2017 651 2071 calisti
671 2017 706 2070 et
723 2015 863 2070 Simachi
880 2017 943 2070 ΡΡ.
963 2019 998 2071 et
1015 2015 1150 2069 Adriani
1169 2015 1336 2071 decretum
1355 2018 1408 2071 est
1425 2016 1526 2070 istud.

491 2186 746 2264 Dilectissimis
762 2186 934 2262 fratribus
952 2186 1132 2263 universis
1145 2187 1329 2287 Episcopis
1346 2213 1408 2287 per
1425 2185 1616 2262 orientales

395 2303 598 2404 provincias
614 2301 830 2378 constitutis.
847 2301 1082 2376 Marcellinus
1099 2303 1296 2401 episcopus.
1313 2308 1394 2378 Non
1410 2303 1497 2380 licet
1508 2303 1618 2400 impe-

397 2418 506 2494 ratori
520 2416 579 2493 vel
591 2417 759 2514 cuiquam
773 2414 992 2514 impietatem
1007 2417 1222 2492 custodienti
1236 2418 1371 2516 aliquid
1388 2427 1511 2492 contra
1527 2415 1616 2490 divi·
1692 2442 1696 2453 ·

396 2531 522 2607 nitetis
538 2529 705 2605 mandata
722 2553 948 2627 presumere,
966 2555 1032 2606 nec
1057 2529 1251 2628 quicquam
1276 2531 1369 2630 quod
1394 2529 1614 2626 evangelicis

396 2645 682 2745 propheticisque
695 2669 740 2721 ac
758 2643 959 2742 apostolicis
985 2643 1123 2740 regulis
1148 2643 1269 2718 obviat
1293 2668 1412 2740 agere.
1437 2644 1615 2718 Iniustum

397 2761 493 2834 enim
512 2757 698 2846 iudicium,
710 2765 746 2831 et
758 2755 917 2830 definitio
934 2756 1069 2830 iniusta
1085 2756 1346 2856 cuiuscumque
1364 2757 1540 2856 Episcopi,
1556 2755 1615 2831 vel

399 2871 497 2968 regis
507 2880 617 2958 metu,
626 2869 1014 2945 veliussuaiudicibus
1027 2871 1200 2956 ordinata,
1212 2897 1284 2947 non
1297 2872 1426 2948 valeat.
1435 2875 1510 2947 Nec
1520 2871 1616 2969 quic·

399 3011 507 3084 quam
524 2983 616 3082 quod
633 2993 756 3059 contra
774 2983 994 3078 evangelicae
1011 2993 1075 3059 eut
1091 2983 1304 3084 propheticae
1329 2993 1393 3058 aut
1417 2983 1616 3082 apostolica

399 3097 558 3174 doctrine
573 3095 866 3172 constitutionem
885 3096 961 3170 sive
978 3106 1184 3172 sanctorum
1198 3107 1341 3195 patrum
1358 3107 1480 3173 actum
1498 3096 1617 3184 fuerit,

401 3213 519 3290 stabit.
535 3211 691 3309 thuod
707 3210 752 3285 ab
769 3207 972 3286 infidelibus
997 3219 1061 3286 aut
1085 3210 1254 3286 hereticis
1278 3211 1417 3286 factum
1443 3210 1553 3286 fuerit
1584 3234 1617 3283 o

401 3326 523 3402 mnino
540 3324 749 3402 cassabitur.

919 3467 1100 3552 XXXHII.

497 3667 692 3745 Marcellus
708 3667 893 3766 episcopus
906 3676 1040 3744 sanctae
1052 3665 1237 3744 catholica
1254 3667 1425 3744 acclesiae
1443 3667 1541 3744 urbis
1558 3670 1622 3742 Ro·

404 3781 679 3858 maerMaxentio.
688 3780 777 3856 Boni
790 3780 962 3880 principis
971 3805 1014 3856 ac
1024 3777 1183 3879 religiosi
1196 3792 1251 3858 est
1264 3781 1623 3859 acclesiasconstitu·

403 3908 460 3972 tas
471 3906 579 3995 atque
595 3896 793 3972 conscissas
806 3904 1018 3986 restaurare,
1032 3919 1212 3995 novasque
1229 3896 1430 3987 hedificare,
1443 3906 1479 3973 et
1492 3897 1556 3973 Dei
1570 3922 1624 3970 sa-

404 4011 563 4086 cerdotes
579 4012 750 4084 honorare
767 4019 874 4107 atque
886 4009 990 4084 tueri.
1003 4010 1106 4086 Unde
1119 4013 1269 4086 Sanctus
1287 4010 1472 4108 Apostolos
1488 4034 1626 4086 eorum-

406 4148 474 4222 que
496 4147 718 4198 successores
736 4122 801 4196 sub
819 4123 942 4197 divina
959 4123 1215 4198 contestatione
1233 4123 1440 4223 praecepisse
1458 4121 1626 4219 legimus,

407 4261 478 4312 non
491 4235 617 4312 deb'ere
630 4237 706 4312 fieri
720 4237 994 4336 persecutiones,
1003 4262 1070 4312 nec
1083 4237 1209 4312 inferri
1223 4239 1484 4327 fluctuationes,
1496 4263 1563 4313 nec
1575 4237 1628 4310 in·

409 4351 530 4426 videre
548 4349 792 4426 laborantibus
809 4350 846 4426 iu
863 4350 1040 4428 dominico
1056 4375 1156 4449 agre,
1172 4377 1239 4428 noc
1252 4351 1381 4452 expelli
1394 4351 1519 4430 aterni
1532 4352 1630 4449 regis

410 4466 679 4566 dispensatores.
