<?xml version="1.0" encoding="UTF-8"?>
<!DOCTYPE html PUBLIC "-//W3C//DTD XHTML 1.0 Transitional//EN"
    "http://www.w3.org/TR/xhtml1/DTD/xhtml1-transitional.dtd">
<html xmlns="http://www.w3.org/1999/xhtml" xml:lang="en" lang="en">
 <head>
  <title>
</title>
<meta http-equiv="Content-Type" content="text/html;charset=utf-8" />
  <meta name='ocr-system' content='tesseract 3.04.00' />
  <meta name='ocr-capabilities' content='ocr_page ocr_carea ocr_par ocr_line ocrx_word'/>
</head>
<body>
  <div class='ocr_page' id='page_1' title='image "./deusdeditpresby00martgoog_0058.png"; bbox 0 0 3642 5294; ppageno 0'>
   <div class='ocr_carea' id='block_1_1' title="bbox 585 542 962 668">
    <p class='ocr_par' dir='ltr' id='par_1_1' title="bbox 585 542 962 668">
     <span class='ocr_line' id='line_1_1' title="bbox 585 542 962 668; baseline 0 0"><span class='ocrx_word' id='word_1_1' title='bbox 585 569 588 576; x_wconf 82' lang='lat'>&#39;</span> <span class='ocrx_word' id='word_1_2' title='bbox 660 542 962 668; x_wconf 78' lang='lat' dir='ltr'>HYSlllllllllS</span> 
     </span>
    </p>
   </div>
   <div class='ocr_carea' id='block_1_2' title="bbox 482 813 1266 898">
    <p class='ocr_par' dir='ltr' id='par_1_2' title="bbox 482 797 1266 898">
     <span class='ocr_line' id='line_1_2' title="bbox 482 813 1266 898; baseline 0.006 -4"><span class='ocrx_word' id='word_1_3' title='bbox 482 813 528 894; x_wconf 95' lang='lat' dir='ltr'>lN</span> <span class='ocrx_word' id='word_1_4' title='bbox 563 813 878 896; x_wconf 83' lang='lat' dir='ltr'><strong>PRAEFAIIONE</strong></span> <span class='ocrx_word' id='word_1_5' title='bbox 908 813 1146 898; x_wconf 83' lang='lat' dir='ltr'><strong>CANONUM.</strong></span> <span class='ocrx_word' id='word_1_6' title='bbox 1262 837 1266 842; x_wconf 82' lang='lat'>&#39;</span> 
     </span>
    </p>
   </div>
   <div class='ocr_carea' id='block_1_3' title="bbox 733 1045 893 1078">
    <p class='ocr_par' dir='ltr' id='par_1_3' title="bbox 733 1045 893 1078">
     <span class='ocr_line' id='line_1_3' title="bbox 733 1045 893 1078; baseline 0.013 -2"><span class='ocrx_word' id='word_1_7' title='bbox 733 1045 893 1078; x_wconf 56' lang='lat' dir='ltr'>amu·-</span> 
     </span>
    </p>
   </div>
   <div class='ocr_carea' id='block_1_4' title="bbox 300 1617 1425 1780">
    <p class='ocr_par' dir='ltr' id='par_1_4' title="bbox 300 1617 1425 1780">
     <span class='ocr_line' id='line_1_4' title="bbox 300 1617 1425 1780; baseline 0.006 -30"><span class='ocrx_word' id='word_1_8' title='bbox 300 1617 413 1752; x_wconf 77' lang='lat' dir='ltr'>Scmn</span> <span class='ocrx_word' id='word_1_9' title='bbox 431 1703 551 1752; x_wconf 78' lang='lat' dir='ltr'>aurun</span> <span class='ocrx_word' id='word_1_10' title='bbox 568 1703 631 1754; x_wconf 90' lang='lat' dir='ltr'>vos</span> <span class='ocrx_word' id='word_1_11' title='bbox 649 1633 786 1754; x_wconf 75' lang='lat' dir='ltr'>LXXX</span> <span class='ocrx_word' id='word_1_12' title='bbox 811 1629 1000 1778; x_wconf 68' lang='lat' dir='ltr'>lipiscopos</span> <span class='ocrx_word' id='word_1_13' title='bbox 1017 1682 1079 1779; x_wconf 93' lang='lat' dir='ltr'>qui</span> <span class='ocrx_word' id='word_1_14' title='bbox 1101 1682 1166 1757; x_wconf 93' lang='lat' dir='ltr'>hoc</span> <span class='ocrx_word' id='word_1_15' title='bbox 1187 1706 1275 1780; x_wconf 88' lang='lat' dir='ltr'>opus</span> <span class='ocrx_word' id='word_1_16' title='bbox 1298 1708 1354 1758; x_wconf 87' lang='lat' dir='ltr'>me</span> <span class='ocrx_word' id='word_1_17' title='bbox 1372 1685 1425 1757; x_wconf 90' lang='lat' dir='ltr'>in-</span> 
     </span>
    </p>
   </div>
   <div class='ocr_carea' id='block_1_5' title="bbox 197 1783 1430 4515">
    <p class='ocr_par' dir='ltr' id='par_1_5' title="bbox 199 1783 1429 3493">
     <span class='ocr_line' id='line_1_5' title="bbox 200 1783 1426 1892; baseline 0.003 -26"><span class='ocrx_word' id='word_1_18' title='bbox 200 1791 320 1888; x_wconf 84' lang='lat' dir='ltr'>cipere</span> <span class='ocrx_word' id='word_1_19' title='bbox 345 1801 381 1867; x_wconf 89' lang='lat' dir='ltr'>et</span> <span class='ocrx_word' id='word_1_20' title='bbox 405 1783 575 1889; x_wconf 88' lang='lat' dir='ltr'>perlicere</span> <span class='ocrx_word' id='word_1_21' title='bbox 599 1792 779 1888; x_wconf 84' lang='lat' dir='ltr'>coegistis,</span> <span class='ocrx_word' id='word_1_22' title='bbox 803 1803 838 1866; x_wconf 91' lang='lat' dir='ltr'>et</span> <span class='ocrx_word' id='word_1_23' title='bbox 863 1803 1013 1869; x_wconf 89' lang='lat' dir='ltr'>cunctos</span> <span class='ocrx_word' id='word_1_24' title='bbox 1036 1793 1191 1892; x_wconf 89' lang='lat' dir='ltr'>reliquos</span> <span class='ocrx_word' id='word_1_25' title='bbox 1214 1796 1354 1870; x_wconf 89' lang='lat' dir='ltr'>Domini</span> <span class='ocrx_word' id='word_1_26' title='bbox 1372 1821 1426 1870; x_wconf 90' lang='lat' dir='ltr'>sa-</span> 
     </span>
     <span class='ocr_line' id='line_1_6' title="bbox 200 1907 1426 2006; baseline 0.002 -25"><span class='ocrx_word' id='word_1_27' title='bbox 200 1907 361 1982; x_wconf 88' lang='lat' dir='ltr'>cerdotes</span> <span class='ocrx_word' id='word_1_28' title='bbox 385 1917 532 2004; x_wconf 77' lang='lat' dir='ltr'>oportet,</span> <span class='ocrx_word' id='word_1_29' title='bbox 549 1910 641 2006; x_wconf 87' lang='lat' dir='ltr'>quod</span> <span class='ocrx_word' id='word_1_30' title='bbox 667 1907 770 2006; x_wconf 87' lang='lat' dir='ltr'>plnra</span> <span class='ocrx_word' id='word_1_31' title='bbox 795 1933 903 2006; x_wconf 89' lang='lat' dir='ltr'>quam</span> <span class='ocrx_word' id='word_1_32' title='bbox 928 1907 991 1980; x_wconf 89' lang='lat' dir='ltr'>illa</span> <span class='ocrx_word' id='word_1_33' title='bbox 1018 1911 1090 1982; x_wconf 88' lang='lat' dir='ltr'>XX</span> <span class='ocrx_word' id='word_1_34' title='bbox 1114 1933 1190 2006; x_wconf 88' lang='lat' dir='ltr'>cap.</span> <span class='ocrx_word' id='word_1_35' title='bbox 1215 1933 1308 2005; x_wconf 87' lang='lat' dir='ltr'>quae</span> <span class='ocrx_word' id='word_1_36' title='bbox 1332 1911 1426 2006; x_wconf 90' lang='lat' dir='ltr'>apud</span> 
     </span>
     <span class='ocr_line' id='line_1_7' title="bbox 200 2021 1425 2118; baseline 0.002 -24"><span class='ocrx_word' id='word_1_37' title='bbox 200 2043 266 2096; x_wconf 90' lang='lat' dir='ltr'>nos</span> <span class='ocrx_word' id='word_1_38' title='bbox 277 2021 458 2097; x_wconf 88' lang='lat' dir='ltr'>habentur</span> <span class='ocrx_word' id='word_1_39' title='bbox 469 2023 616 2098; x_wconf 85' lang='lat' dir='ltr'>Nicenae</span> <span class='ocrx_word' id='word_1_40' title='bbox 629 2023 750 2098; x_wconf 89' lang='lat' dir='ltr'>sinodo</span> <span class='ocrx_word' id='word_1_41' title='bbox 763 2021 962 2118; x_wconf 87' lang='lat' dir='ltr'>reperimus</span> <span class='ocrx_word' id='word_1_42' title='bbox 975 2030 1011 2096; x_wconf 88' lang='lat' dir='ltr'>et</span> <span class='ocrx_word' id='word_1_43' title='bbox 1027 2022 1065 2094; x_wconf 92' lang='lat' dir='ltr'>in</span> <span class='ocrx_word' id='word_1_44' title='bbox 1082 2022 1236 2098; x_wconf 83' lang='lat' dir='ltr'>decretis</span> <span class='ocrx_word' id='word_1_45' title='bbox 1253 2021 1337 2098; x_wconf 91' lang='lat' dir='ltr'>Iulii</span> <span class='ocrx_word' id='word_1_46' title='bbox 1357 2026 1425 2097; x_wconf 91' lang='grc' dir='ltr'>ΡΡ.</span> 
     </span>
     <span class='ocr_line' id='line_1_8' title="bbox 200 2133 1428 2234; baseline -0.003 -24"><span class='ocrx_word' id='word_1_47' title='bbox 200 2138 311 2211; x_wconf 87' lang='lat' dir='ltr'><strong>LXX.</strong></span> <span class='ocrx_word' id='word_1_48' title='bbox 328 2161 404 2234; x_wconf 91' lang='lat' dir='ltr'>cap.</span> <span class='ocrx_word' id='word_1_49' title='bbox 428 2136 586 2211; x_wconf 89' lang='lat' dir='ltr'>eiusdem</span> <span class='ocrx_word' id='word_1_50' title='bbox 613 2136 750 2234; x_wconf 79' lang='lat' dir='ltr'>Synndi</span> <span class='ocrx_word' id='word_1_51' title='bbox 774 2159 851 2211; x_wconf 89' lang='lat' dir='ltr'>esse</span> <span class='ocrx_word' id='word_1_52' title='bbox 876 2134 1002 2209; x_wconf 88' lang='lat' dir='ltr'>debere</span> <span class='ocrx_word' id='word_1_53' title='bbox 1028 2133 1195 2230; x_wconf 72' lang='lat' dir='ltr'>legimus.</span> <span class='ocrx_word' id='word_1_54' title='bbox 1213 2138 1329 2222; x_wconf 84' lang='lat' dir='ltr'>Quam</span> <span class='ocrx_word' id='word_1_55' title='bbox 1355 2136 1428 2232; x_wconf 88' lang='lat' dir='ltr'>epi·</span> 
     </span>
     <span class='ocr_line' id='line_1_9' title="bbox 201 2249 1427 2348; baseline 0.001 -25"><span class='ocrx_word' id='word_1_56' title='bbox 201 2250 329 2325; x_wconf 89' lang='lat' dir='ltr'>stolam</span> <span class='ocrx_word' id='word_1_57' title='bbox 358 2252 396 2324; x_wconf 93' lang='lat' dir='ltr'>in</span> <span class='ocrx_word' id='word_1_58' title='bbox 421 2273 486 2324; x_wconf 89' lang='lat' dir='ltr'>sno</span> <span class='ocrx_word' id='word_1_59' title='bbox 510 2249 586 2326; x_wconf 90' lang='lat' dir='ltr'>loco</span> <span class='ocrx_word' id='word_1_60' title='bbox 609 2275 694 2325; x_wconf 92' lang='lat' dir='ltr'>cum</span> <span class='ocrx_word' id='word_1_61' title='bbox 719 2249 849 2325; x_wconf 86' lang='lat' dir='ltr'>ceteris</span> <span class='ocrx_word' id='word_1_62' title='bbox 874 2272 1055 2347; x_wconf 88' lang='lat' dir='ltr'>ponemus.</span> <span class='ocrx_word' id='word_1_63' title='bbox 1080 2252 1173 2322; x_wconf 89' lang='lat' dir='ltr'>Nam</span> <span class='ocrx_word' id='word_1_64' title='bbox 1203 2249 1296 2348; x_wconf 87' lang='lat' dir='ltr'>quod</span> <span class='ocrx_word' id='word_1_65' title='bbox 1321 2250 1427 2347; x_wconf 89' lang='lat' dir='ltr'>plura</span> 
     </span>
     <span class='ocr_line' id='line_1_10' title="bbox 201 2363 1428 2460; baseline 0.001 -24"><span class='ocrx_word' id='word_1_66' title='bbox 201 2387 309 2460; x_wconf 91' lang='lat' dir='ltr'>quam</span> <span class='ocrx_word' id='word_1_67' title='bbox 327 2368 401 2438; x_wconf 87' lang='lat' dir='ltr'>XX</span> <span class='ocrx_word' id='word_1_68' title='bbox 416 2364 534 2460; x_wconf 86' lang='lat' dir='ltr'>capita</span> <span class='ocrx_word' id='word_1_69' title='bbox 551 2364 625 2438; x_wconf 91' lang='lat' dir='ltr'>sint</span> <span class='ocrx_word' id='word_1_70' title='bbox 641 2364 770 2439; x_wconf 92' lang='lat' dir='ltr'>Niceni</span> <span class='ocrx_word' id='word_1_71' title='bbox 789 2363 953 2452; x_wconf 79' lang='lat' dir='ltr'>Concihi,</span> <span class='ocrx_word' id='word_1_72' title='bbox 978 2364 1016 2436; x_wconf 92' lang='lat' dir='ltr'>in</span> <span class='ocrx_word' id='word_1_73' title='bbox 1036 2363 1162 2436; x_wconf 89' lang='lat' dir='ltr'>multis</span> <span class='ocrx_word' id='word_1_74' title='bbox 1186 2363 1428 2450; x_wconf 81' lang='lat' dir='ltr'>inveniuntur</span> 
     </span>
     <span class='ocr_line' id='line_1_11' title="bbox 200 2476 1427 2575; baseline -0.001 -23"><span class='ocrx_word' id='word_1_75' title='bbox 200 2479 298 2554; x_wconf 89' lang='lat' dir='ltr'>locis.</span> <span class='ocrx_word' id='word_1_76' title='bbox 315 2480 487 2575; x_wconf 84' lang='lat' dir='ltr'>Legimus</span> <span class='ocrx_word' id='word_1_77' title='bbox 504 2479 600 2554; x_wconf 88' lang='lat' dir='ltr'>enim</span> <span class='ocrx_word' id='word_1_78' title='bbox 623 2477 661 2550; x_wconf 92' lang='lat' dir='ltr'>in</span> <span class='ocrx_word' id='word_1_79' title='bbox 680 2476 1073 2574; x_wconf 82' lang='lat' dir='ltr'>Constantinopolitano</span> <span class='ocrx_word' id='word_1_80' title='bbox 1094 2476 1255 2552; x_wconf 80' lang='lat' dir='ltr'>Concilio</span> <span class='ocrx_word' id='word_1_81' title='bbox 1272 2477 1333 2553; x_wconf 88' lang='lat' dir='ltr'>ita.</span> <span class='ocrx_word' id='word_1_82' title='bbox 1351 2481 1427 2552; x_wconf 88' lang='lat' dir='ltr'>Ma·</span> 
     </span>
     <span class='ocr_line' id='line_1_12' title="bbox 200 2591 1428 2691; baseline -0.002 -25"><span class='ocrx_word' id='word_1_83' title='bbox 200 2593 372 2668; x_wconf 82' lang='lat' dir='ltr'>nilestum</span> <span class='ocrx_word' id='word_1_84' title='bbox 389 2593 555 2691; x_wconf 90' lang='lat' dir='ltr'>estquod</span> <span class='ocrx_word' id='word_1_85' title='bbox 576 2591 638 2666; x_wconf 88' lang='lat' dir='ltr'>illa</span> <span class='ocrx_word' id='word_1_86' title='bbox 663 2616 742 2689; x_wconf 80' lang='lat' dir='ltr'>quae</span> <span class='ocrx_word' id='word_1_87' title='bbox 764 2600 851 2666; x_wconf 92' lang='lat' dir='ltr'>sunt</span> <span class='ocrx_word' id='word_1_88' title='bbox 871 2615 934 2688; x_wconf 91' lang='lat' dir='ltr'>per</span> <span class='ocrx_word' id='word_1_89' title='bbox 960 2614 1070 2664; x_wconf 84' lang='lat' dir='ltr'>uuum</span> <span class='ocrx_word' id='word_1_90' title='bbox 1087 2615 1266 2690; x_wconf 88' lang='lat' dir='ltr'>quamque</span> <span class='ocrx_word' id='word_1_91' title='bbox 1284 2591 1428 2690; x_wconf 90' lang='lat' dir='ltr'>provin-</span> 
     </span>
     <span class='ocr_line' id='line_1_13' title="bbox 200 2705 1428 2805; baseline -0.002 -23"><span class='ocrx_word' id='word_1_92' title='bbox 200 2708 293 2782; x_wconf 85' lang='lat' dir='ltr'>ciam</span> <span class='ocrx_word' id='word_1_93' title='bbox 312 2705 426 2805; x_wconf 89' lang='lat' dir='ltr'>ipsius</span> <span class='ocrx_word' id='word_1_94' title='bbox 443 2706 636 2804; x_wconf 80' lang='lat' dir='ltr'>provincie</span> <span class='ocrx_word' id='word_1_95' title='bbox 653 2706 800 2781; x_wconf 88' lang='lat' dir='ltr'>sinodus</span> <span class='ocrx_word' id='word_1_96' title='bbox 812 2705 1002 2802; x_wconf 74' lang='lat' dir='ltr'>dispenset,</span> <span class='ocrx_word' id='word_1_97' title='bbox 1020 2705 1116 2779; x_wconf 90' lang='lat' dir='ltr'>sicut</span> <span class='ocrx_word' id='word_1_98' title='bbox 1133 2705 1272 2782; x_wconf 89' lang='lat' dir='ltr'>Niceno</span> <span class='ocrx_word' id='word_1_99' title='bbox 1287 2714 1428 2782; x_wconf 83' lang='lat' dir='ltr'>constat</span> 
     </span>
     <span class='ocr_line' id='line_1_14' title="bbox 201 2819 1428 2919; baseline 0.001 -25"><span class='ocrx_word' id='word_1_100' title='bbox 201 2821 385 2896; x_wconf 86' lang='lat' dir='ltr'>decretum</span> <span class='ocrx_word' id='word_1_101' title='bbox 411 2845 489 2896; x_wconf 89' lang='lat' dir='ltr'>esse</span> <span class='ocrx_word' id='word_1_102' title='bbox 506 2819 668 2896; x_wconf 91' lang='lat' dir='ltr'>concilio.</span> <span class='ocrx_word' id='word_1_103' title='bbox 692 2821 843 2916; x_wconf 86' lang='lat' dir='ltr'>Legitur</span> <span class='ocrx_word' id='word_1_104' title='bbox 868 2820 906 2893; x_wconf 92' lang='lat' dir='ltr'>in</span> <span class='ocrx_word' id='word_1_105' title='bbox 932 2819 1081 2918; x_wconf 90' lang='lat' dir='ltr'>epistola</span> <span class='ocrx_word' id='word_1_106' title='bbox 1099 2821 1300 2897; x_wconf 87' lang='lat' dir='ltr'>Innocentii</span> <span class='ocrx_word' id='word_1_107' title='bbox 1321 2824 1428 2919; x_wconf 82' lang='lat' dir='ltr'>Papae</span> 
     </span>
     <span class='ocr_line' id='line_1_15' title="bbox 201 2935 1429 3034; baseline 0.002 -28"><span class='ocrx_word' id='word_1_108' title='bbox 201 2937 378 3011; x_wconf 88' lang='lat' dir='ltr'>Victricio</span> <span class='ocrx_word' id='word_1_109' title='bbox 396 2937 567 3034; x_wconf 87' lang='lat' dir='ltr'>Episcopo</span> <span class='ocrx_word' id='word_1_110' title='bbox 584 2936 720 3012; x_wconf 91' lang='lat' dir='ltr'>directa</span> <span class='ocrx_word' id='word_1_111' title='bbox 741 2936 802 3009; x_wconf 89' lang='lat' dir='ltr'>ita.</span> <span class='ocrx_word' id='word_1_112' title='bbox 816 2935 855 3008; x_wconf 89' lang='lat' dir='ltr'>Si</span> <span class='ocrx_word' id='word_1_113' title='bbox 873 2959 953 3032; x_wconf 81' lang='lat' dir='ltr'>quae</span> <span class='ocrx_word' id='word_1_114' title='bbox 970 2959 1090 3010; x_wconf 74' lang='lat' dir='ltr'>causae</span> <span class='ocrx_word' id='word_1_115' title='bbox 1105 2937 1165 3011; x_wconf 89' lang='lat' dir='ltr'>vel</span> <span class='ocrx_word' id='word_1_116' title='bbox 1182 2937 1429 3011; x_wconf 86' lang='lat' dir='ltr'>contentiones</span> 
     </span>
     <span class='ocr_line' id='line_1_16' title="bbox 200 3049 1426 3140; baseline -0.001 -17"><span class='ocrx_word' id='word_1_117' title='bbox 200 3051 295 3127; x_wconf 84' lang='lat' dir='ltr'>inter</span> <span class='ocrx_word' id='word_1_118' title='bbox 313 3049 471 3127; x_wconf 83' lang='lat' dir='ltr'>Clericus</span> <span class='ocrx_word' id='word_1_119' title='bbox 488 3061 524 3126; x_wconf 90' lang='lat' dir='ltr'>et</span> <span class='ocrx_word' id='word_1_120' title='bbox 541 3049 662 3140; x_wconf 77' lang='lat' dir='ltr'>laicos,</span> <span class='ocrx_word' id='word_1_121' title='bbox 678 3049 737 3124; x_wconf 91' lang='lat' dir='ltr'>vel</span> <span class='ocrx_word' id='word_1_122' title='bbox 754 3049 849 3124; x_wconf 91' lang='lat' dir='ltr'>inter</span> <span class='ocrx_word' id='word_1_123' title='bbox 866 3049 1025 3124; x_wconf 80' lang='lat' dir='ltr'>Clericos</span> <span class='ocrx_word' id='word_1_124' title='bbox 1037 3058 1113 3123; x_wconf 89' lang='lat' dir='ltr'>tarn</span> <span class='ocrx_word' id='word_1_125' title='bbox 1133 3049 1279 3124; x_wconf 87' lang='lat' dir='ltr'>maioris</span> <span class='ocrx_word' id='word_1_126' title='bbox 1291 3049 1426 3124; x_wconf 89' lang='lat' dir='ltr'>ordinis</span> 
     </span>
     <span class='ocr_line' id='line_1_17' title="bbox 200 3163 1427 3263; baseline 0 -25"><span class='ocrx_word' id='word_1_127' title='bbox 200 3188 309 3262; x_wconf 87' lang='lat' dir='ltr'>qnam</span> <span class='ocrx_word' id='word_1_128' title='bbox 334 3164 444 3239; x_wconf 91' lang='lat' dir='ltr'>ctiam</span> <span class='ocrx_word' id='word_1_129' title='bbox 469 3163 650 3240; x_wconf 85' lang='lat' dir='ltr'>inferi0ris</span> <span class='ocrx_word' id='word_1_130' title='bbox 672 3163 809 3238; x_wconf 84' lang='lat' dir='ltr'>fuerint</span> <span class='ocrx_word' id='word_1_131' title='bbox 833 3175 974 3255; x_wconf 81' lang='lat' dir='ltr'>exortae,</span> <span class='ocrx_word' id='word_1_132' title='bbox 992 3164 1138 3263; x_wconf 80' lang='lat' dir='ltr'>placuit,</span> <span class='ocrx_word' id='word_1_133' title='bbox 1163 3165 1427 3241; x_wconf 86' lang='lat' dir='ltr'>ut&#39;secnndum</span> 
     </span>
     <span class='ocr_line' id='line_1_18' title="bbox 200 3278 1429 3378; baseline -0.002 -24"><span class='ocrx_word' id='word_1_134' title='bbox 200 3280 377 3355; x_wconf 86' lang='lat' dir='ltr'>Niceuam</span> <span class='ocrx_word' id='word_1_135' title='bbox 406 3280 569 3354; x_wconf 88' lang='lat' dir='ltr'>sinodum</span> <span class='ocrx_word' id='word_1_136' title='bbox 600 3278 833 3374; x_wconf 82' lang='lat' dir='ltr'>congregatis</span> <span class='ocrx_word' id='word_1_137' title='bbox 857 3279 1023 3354; x_wconf 88' lang='lat' dir='ltr'>omuibus</span> <span class='ocrx_word' id='word_1_138' title='bbox 1056 3279 1215 3355; x_wconf 87' lang='lat' dir='ltr'>eiusdem</span> <span class='ocrx_word' id='word_1_139' title='bbox 1245 3279 1429 3378; x_wconf 87' lang='lat' dir='ltr'>provincie</span> 
     </span>
     <span class='ocr_line' id='line_1_19' title="bbox 199 3393 824 3493; baseline 0 -25"><span class='ocrx_word' id='word_1_140' title='bbox 199 3393 384 3493; x_wconf 88' lang='lat' dir='ltr'>Episcopis</span> <span class='ocrx_word' id='word_1_141' title='bbox 402 3393 578 3469; x_wconf 90' lang='lat' dir='ltr'>iudicium</span> <span class='ocrx_word' id='word_1_142' title='bbox 595 3393 824 3468; x_wconf 87' lang='lat' dir='ltr'>terminetur.</span> 
     </span>
    </p>

    <p class='ocr_par' dir='ltr' id='par_1_6' title="bbox 197 3504 1430 4515">
     <span class='ocr_line' id='line_1_20' title="bbox 295 3504 1427 3604; baseline 0.002 -24"><span class='ocrx_word' id='word_1_143' title='bbox 295 3509 438 3582; x_wconf 77' lang='lat' dir='ltr'>Sancte</span> <span class='ocrx_word' id='word_1_144' title='bbox 455 3508 562 3581; x_wconf 88' lang='lat' dir='ltr'>etiam</span> <span class='ocrx_word' id='word_1_145' title='bbox 578 3504 757 3588; x_wconf 73' lang='lat' dir='ltr'>memoria</span> <span class='ocrx_word' id='word_1_146' title='bbox 769 3505 988 3604; x_wconf 89' lang='lat' dir='ltr'>Theophilus</span> <span class='ocrx_word' id='word_1_147' title='bbox 1003 3504 1271 3580; x_wconf 85' lang='lat' dir='ltr'>Alexandrinus</span> <span class='ocrx_word' id='word_1_148' title='bbox 1285 3506 1427 3604; x_wconf 79' lang='lat' dir='ltr'>Episco</span> 
     </span>
     <span class='ocr_line' id='line_1_21' title="bbox 200 3618 1427 3720; baseline -0.001 -24"><span class='ocrx_word' id='word_1_149' title='bbox 200 3646 268 3720; x_wconf 92' lang='lat' dir='ltr'>pus</span> <span class='ocrx_word' id='word_1_150' title='bbox 284 3623 325 3695; x_wconf 94' lang='lat' dir='ltr'>in</span> <span class='ocrx_word' id='word_1_151' title='bbox 341 3621 417 3695; x_wconf 89' lang='lat' dir='ltr'>suis</span> <span class='ocrx_word' id='word_1_152' title='bbox 434 3620 592 3718; x_wconf 88' lang='lat' dir='ltr'>epistolis</span> <span class='ocrx_word' id='word_1_153' title='bbox 605 3619 771 3695; x_wconf 91' lang='lat' dir='ltr'>meminit</span> <span class='ocrx_word' id='word_1_154' title='bbox 783 3620 822 3692; x_wconf 92' lang='lat' dir='ltr'>in</span> <span class='ocrx_word' id='word_1_155' title='bbox 836 3618 998 3696; x_wconf 86' lang='lat' dir='ltr'>Concilio</span> <span class='ocrx_word' id='word_1_156' title='bbox 1010 3619 1147 3695; x_wconf 90' lang='lat' dir='ltr'>Niceno</span> <span class='ocrx_word' id='word_1_157' title='bbox 1160 3628 1337 3693; x_wconf 89' lang='lat' dir='ltr'>statutum</span> <span class='ocrx_word' id='word_1_158' title='bbox 1349 3643 1427 3695; x_wconf 86' lang='lat' dir='ltr'>esse</span> 
     </span>
     <span class='ocr_line' id='line_1_22' title="bbox 199 3731 1428 3832; baseline -0.003 -22"><span class='ocrx_word' id='word_1_159' title='bbox 199 3745 241 3810; x_wconf 87' lang='lat' dir='ltr'>nt</span> <span class='ocrx_word' id='word_1_160' title='bbox 252 3736 298 3810; x_wconf 91' lang='lat' dir='ltr'>ab</span> <span class='ocrx_word' id='word_1_161' title='bbox 312 3738 410 3810; x_wconf 91' lang='lat' dir='ltr'><strong>VIII.</strong></span> <span class='ocrx_word' id='word_1_162' title='bbox 427 3735 472 3808; x_wconf 90' lang='lat' dir='ltr'>id.</span> <span class='ocrx_word' id='word_1_163' title='bbox 491 3734 612 3809; x_wconf 88' lang='lat' dir='ltr'>Martii</span> <span class='ocrx_word' id='word_1_164' title='bbox 630 3758 743 3832; x_wconf 87' lang='lat' dir='ltr'>nsque</span> <span class='ocrx_word' id='word_1_165' title='bbox 760 3735 798 3806; x_wconf 95' lang='lat' dir='ltr'>in</span> <span class='ocrx_word' id='word_1_166' title='bbox 816 3733 912 3807; x_wconf 89' lang='lat' dir='ltr'>diem</span> <span class='ocrx_word' id='word_1_167' title='bbox 929 3755 1010 3806; x_wconf 93' lang='lat' dir='ltr'>non.</span> <span class='ocrx_word' id='word_1_168' title='bbox 1028 3731 1177 3830; x_wconf 79' lang='lat' dir='ltr'>Aprilis,</span> <span class='ocrx_word' id='word_1_169' title='bbox 1189 3731 1315 3808; x_wconf 88' lang='lat' dir='ltr'>diebus</span> <span class='ocrx_word' id='word_1_170' title='bbox 1332 3733 1428 3809; x_wconf 90' lang='lat' dir='ltr'>scili·</span> 
     </span>
     <span class='ocr_line' id='line_1_23' title="bbox 198 3845 1428 3946; baseline -0.004 -20"><span class='ocrx_word' id='word_1_171' title='bbox 198 3859 256 3926; x_wconf 88' lang='lat' dir='ltr'>cet</span> <span class='ocrx_word' id='word_1_172' title='bbox 271 3851 445 3924; x_wconf 86' lang='lat' dir='ltr'><strong>XXVIII.</strong></span> <span class='ocrx_word' id='word_1_173' title='bbox 461 3848 734 3946; x_wconf 85' lang='lat' dir='ltr'>qualiscumque</span> <span class='ocrx_word' id='word_1_174' title='bbox 751 3847 838 3921; x_wconf 91' lang='lat' dir='ltr'>luna</span> <span class='ocrx_word' id='word_1_175' title='bbox 854 3855 940 3921; x_wconf 85' lang='lat' dir='ltr'>nata</span> <span class='ocrx_word' id='word_1_176' title='bbox 957 3845 1069 3921; x_wconf 88' lang='lat' dir='ltr'>fuerit</span> <span class='ocrx_word' id='word_1_177' title='bbox 1085 3847 1125 3919; x_wconf 91' lang='lat' dir='ltr'>in</span> <span class='ocrx_word' id='word_1_178' title='bbox 1141 3845 1300 3944; x_wconf 90' lang='lat' dir='ltr'>quolibet</span> <span class='ocrx_word' id='word_1_179' title='bbox 1313 3847 1428 3923; x_wconf 88' lang='lat' dir='ltr'>medio</span> 
     </span>
     <span class='ocr_line' id='line_1_24' title="bbox 198 3957 1429 4062; baseline -0.003 -24"><span class='ocrx_word' id='word_1_180' title='bbox 198 3963 314 4062; x_wconf 89' lang='lat' dir='ltr'>spatio</span> <span class='ocrx_word' id='word_1_181' title='bbox 330 3960 492 4059; x_wconf 88' lang='lat' dir='ltr'>prohibet</span> <span class='ocrx_word' id='word_1_182' title='bbox 508 3962 628 4037; x_wconf 82' lang='lat' dir='ltr'>fucere</span> <span class='ocrx_word' id='word_1_183' title='bbox 645 3961 792 4034; x_wconf 92' lang='lat' dir='ltr'>initium</span> <span class='ocrx_word' id='word_1_184' title='bbox 809 3957 916 4058; x_wconf 90' lang='lat' dir='ltr'>primi</span> <span class='ocrx_word' id='word_1_185' title='bbox 934 3959 1078 4034; x_wconf 89' lang='lat' dir='ltr'>mensis.</span> <span class='ocrx_word' id='word_1_186' title='bbox 1095 3961 1212 4034; x_wconf 89' lang='lat' dir='ltr'><strong>XIIII.</strong></span> <span class='ocrx_word' id='word_1_187' title='bbox 1229 3984 1314 4034; x_wconf 88' lang='lat' dir='ltr'>vero</span> <span class='ocrx_word' id='word_1_188' title='bbox 1331 3960 1429 4051; x_wconf 87' lang='lat' dir='ltr'>luna,</span> 
     </span>
     <span class='ocr_line' id='line_1_25' title="bbox 198 4073 1430 4172; baseline -0.003 -20"><span class='ocrx_word' id='word_1_189' title='bbox 198 4079 326 4152; x_wconf 87' lang='lat' dir='ltr'><strong>aXII.</strong></span> <span class='ocrx_word' id='word_1_190' title='bbox 343 4074 417 4150; x_wconf 87' lang='lat' dir='ltr'>kal.</span> <span class='ocrx_word' id='word_1_191' title='bbox 447 4074 583 4172; x_wconf 87' lang='lat' dir='ltr'>Aprilis</span> <span class='ocrx_word' id='word_1_192' title='bbox 613 4099 727 4172; x_wconf 88' lang='lat' dir='ltr'>usque</span> <span class='ocrx_word' id='word_1_193' title='bbox 757 4073 796 4147; x_wconf 92' lang='lat' dir='ltr'>iu</span> <span class='ocrx_word' id='word_1_194' title='bbox 820 4077 938 4148; x_wconf 87' lang='lat' dir='ltr'><strong>XIIII.</strong></span> <span class='ocrx_word' id='word_1_195' title='bbox 954 4073 1027 4148; x_wconf 83' lang='lat' dir='ltr'>kal.</span> <span class='ocrx_word' id='word_1_196' title='bbox 1052 4074 1164 4164; x_wconf 78' lang='lat' dir='ltr'>Maii,</span> <span class='ocrx_word' id='word_1_197' title='bbox 1189 4074 1352 4150; x_wconf 85' lang='lat' dir='ltr'>sollerter</span> <span class='ocrx_word' id='word_1_198' title='bbox 1376 4075 1430 4148; x_wconf 94' lang='lat' dir='ltr'>in-</span> 
     </span>
     <span class='ocr_line' id='line_1_26' title="bbox 197 4187 1430 4288; baseline 0 -24"><span class='ocrx_word' id='word_1_199' title='bbox 197 4189 304 4288; x_wconf 77' lang='lat' dir='ltr'>quiri,</span> <span class='ocrx_word' id='word_1_200' title='bbox 328 4189 437 4264; x_wconf 90' lang='lat' dir='ltr'>etiam</span> <span class='ocrx_word' id='word_1_201' title='bbox 462 4187 492 4260; x_wconf 89' lang='lat' dir='ltr'>si</span> <span class='ocrx_word' id='word_1_202' title='bbox 511 4187 567 4263; x_wconf 89' lang='lat' dir='ltr'>die</span> <span class='ocrx_word' id='word_1_203' title='bbox 585 4187 811 4262; x_wconf 85' lang='lat' dir='ltr'>sabbatorum</span> <span class='ocrx_word' id='word_1_204' title='bbox 829 4187 1007 4278; x_wconf 82' lang='lat' dir='ltr'>inciderit,</span> <span class='ocrx_word' id='word_1_205' title='bbox 1032 4189 1266 4286; x_wconf 87' lang='lat' dir='ltr'>consequenti</span> <span class='ocrx_word' id='word_1_206' title='bbox 1291 4189 1348 4264; x_wconf 88' lang='lat' dir='ltr'>die</span> <span class='ocrx_word' id='word_1_207' title='bbox 1372 4189 1430 4264; x_wconf 89' lang='lat' dir='ltr'>do-</span> 
     </span>
     <span class='ocr_line' id='line_1_27' title="bbox 198 4300 1429 4400; baseline -0.001 -23"><span class='ocrx_word' id='word_1_208' title='bbox 198 4303 340 4394; x_wconf 84' lang='lat' dir='ltr'>minico,</span> <span class='ocrx_word' id='word_1_209' title='bbox 356 4303 449 4379; x_wconf 80' lang='lat' dir='ltr'>idest</span> <span class='ocrx_word' id='word_1_210' title='bbox 465 4303 552 4376; x_wconf 89' lang='lat' dir='ltr'>luna</span> <span class='ocrx_word' id='word_1_211' title='bbox 568 4304 650 4378; x_wconf 89' lang='lat' dir='ltr'>XV.</span> <span class='ocrx_word' id='word_1_212' title='bbox 668 4300 808 4377; x_wconf 88' lang='lat' dir='ltr'>Pascha</span> <span class='ocrx_word' id='word_1_213' title='bbox 833 4301 1010 4378; x_wconf 85' lang='lat' dir='ltr'>celebrari</span> <span class='ocrx_word' id='word_1_214' title='bbox 1030 4303 1256 4400; x_wconf 87' lang='lat' dir='ltr'>conscripsit.</span> <span class='ocrx_word' id='word_1_215' title='bbox 1268 4305 1316 4377; x_wconf 82' lang='lat' dir='ltr'>Et</span> <span class='ocrx_word' id='word_1_216' title='bbox 1328 4303 1357 4376; x_wconf 90' lang='lat' dir='ltr'>si</span> <span class='ocrx_word' id='word_1_217' title='bbox 1371 4303 1429 4378; x_wconf 91' lang='lat' dir='ltr'>die</span> 
     </span>
     <span class='ocr_line' id='line_1_28' title="bbox 197 4414 1430 4515; baseline 0.001 -25"><span class='ocrx_word' id='word_1_218' title='bbox 197 4417 382 4492; x_wconf 82' lang='lat' dir='ltr'>Dominica</span> <span class='ocrx_word' id='word_1_219' title='bbox 405 4416 494 4490; x_wconf 90' lang='lat' dir='ltr'>luna</span> <span class='ocrx_word' id='word_1_220' title='bbox 515 4417 632 4491; x_wconf 86' lang='lat' dir='ltr'><strong>XIIII.</strong></span> <span class='ocrx_word' id='word_1_221' title='bbox 656 4414 816 4490; x_wconf 90' lang='lat' dir='ltr'>eiusdem</span> <span class='ocrx_word' id='word_1_222' title='bbox 844 4415 987 4506; x_wconf 86' lang='lat' dir='ltr'>mensis,</span> <span class='ocrx_word' id='word_1_223' title='bbox 1008 4416 1102 4491; x_wconf 87' lang='lat' dir='ltr'>idest</span> <span class='ocrx_word' id='word_1_224' title='bbox 1122 4416 1229 4515; x_wconf 91' lang='lat' dir='ltr'>primi</span> <span class='ocrx_word' id='word_1_225' title='bbox 1255 4417 1430 4508; x_wconf 82' lang='lat' dir='ltr'>evenerit,</span> 
     </span>
    </p>
   </div>
   <div class='ocr_carea' id='block_1_6' title="bbox 199 4528 1431 4706">
    <p class='ocr_par' dir='ltr' id='par_1_7' title="bbox 199 4528 1431 4706">
     <span class='ocr_line' id='line_1_29' title="bbox 199 4528 1431 4627; baseline 0.002 -26"><span class='ocrx_word' id='word_1_226' title='bbox 199 4529 274 4627; x_wconf 89' lang='lat' dir='ltr'>ipsa</span> <span class='ocrx_word' id='word_1_227' title='bbox 290 4529 502 4604; x_wconf 88' lang='lat' dir='ltr'>transmissa</span> <span class='ocrx_word' id='word_1_228' title='bbox 520 4528 558 4602; x_wconf 93' lang='lat' dir='ltr'>in</span> <span class='ocrx_word' id='word_1_229' title='bbox 577 4528 692 4602; x_wconf 86' lang='lat' dir='ltr'>altera</span> <span class='ocrx_word' id='word_1_230' title='bbox 705 4528 762 4602; x_wconf 86' lang='lat' dir='ltr'>die</span> <span class='ocrx_word' id='word_1_231' title='bbox 777 4529 964 4606; x_wconf 90' lang='lat' dir='ltr'>Dominica</span> <span class='ocrx_word' id='word_1_232' title='bbox 978 4529 1116 4605; x_wconf 86' lang='lat' dir='ltr'>Pascha</span> <span class='ocrx_word' id='word_1_233' title='bbox 1130 4529 1208 4605; x_wconf 90' lang='lat' dir='ltr'>sine</span> <span class='ocrx_word' id='word_1_234' title='bbox 1221 4529 1327 4605; x_wconf 93' lang='lat' dir='ltr'>dubio</span> <span class='ocrx_word' id='word_1_235' title='bbox 1340 4530 1431 4606; x_wconf 91' lang='lat' dir='ltr'>cele·</span> 
     </span>
     <span class='ocr_line' id='line_1_30' title="bbox 1282 4635 1356 4706; baseline 0 -52"><span class='ocrx_word' id='word_1_236' title='bbox 1282 4653 1299 4706; x_wconf 59' lang='lat'><strong>3</strong></span> <span class='ocrx_word' id='word_1_237' title='bbox 1348 4635 1356 4654; x_wconf 90' lang='lat'><strong>.</strong></span> 
     </span>
    </p>
   </div>
   <div class='ocr_carea' id='block_1_7' title="bbox 0 0 1826 5294">
    <p class='ocr_par' dir='ltr' id='par_1_8' title="bbox 0 0 1826 5294">
     <span class='ocr_line' id='line_1_31' title="bbox 0 0 1826 5294; baseline 0 0"><span class='ocrx_word' id='word_1_238' title='bbox 0 0 1826 5294; x_wconf 95' lang='lat' dir='ltr'> </span> 
     </span>
    </p>
   </div>
  </div>
 </body>
</html>
