3638 5294
732 400 864 467 -477
891 437 933 453 -

221 529 307 596 terae
323 542 463 619 quoque
479 517 646 619 quamvis
658 520 702 595 ad
716 522 856 598 casdem
874 523 1055 602 aecclesias
1067 523 1128 601 vel
1141 523 1355 600 monasteria
1368 546 1446 620 per·

224 634 375 725 tinaant,
388 644 489 710 extra
502 634 758 710 inmunitatem
776 660 864 712 esse.
879 640 1069 736 Propterea
1081 637 1248 712 volumus
1264 647 1371 734 atque
1387 635 1445 711 de-

221 748 415 838 cernimus,
428 757 604 824 utcmnes
616 749 836 845 intelligant,
846 773 916 825 non
931 751 1045 826 solum
1059 753 1217 826 claustra
1230 749 1445 839 monasterii,
1505 837 1507 842 Ι

221 861 469 951 vclaacclesiae,
479 863 745 960 atqueaedificia
758 864 992 941 ecclesiarum
1007 867 1073 942 sub
1086 865 1314 941 inmunitatis
1328 865 1447 940 defen·

223 976 322 1052 sicne
336 977 541 1066 consistere,
551 1001 677 1051 varum
690 979 799 1053 etiarn
810 979 941 1070 domos,
954 981 1072 1072 villas,
1081 990 1250 1078 septaque
1263 978 1446 1066 villarum,
1560 1057 1565 1066 ,

223 1100 259 1166 ct
272 1089 463 1188 piscatoria
477 1115 587 1164 manu
600 1091 706 1180 facta,
719 1101 756 1166 et
768 1093 939 1191 quicquid
951 1094 1056 1169 fossis
1068 1103 1133 1168 aut
1145 1092 1298 1192 sepibus,
1311 1091 1371 1165 vel
1383 1091 1446 1165 ali-

222 1225 291 1300 quo
307 1202 484 1279 clausura
500 1227 633 1300 genere
651 1203 897 1302 praecingitur,
915 1206 1035 1281 eodem
1052 1204 1282 1280 inmunitatis
1298 1203 1444 1278 nomine

222 1316 409 1404 contineri,
425 1327 461 1392 et
478 1317 648 1415 quicquid
665 1317 775 1390 huius
794 1317 1017 1393 munimenta
1038 1319 1211 1393 adversus
1236 1316 1444 1391 earumdem

223 1429 469 1519 ecclesiarum,
482 1430 541 1504 vel
556 1430 849 1505 monasteriorum
864 1431 1079 1528 pertinentia
1096 1456 1118 1504 a
1131 1429 1288 1528 quolibet
1304 1427 1447 1503 homine

224 1542 374 1618 nocendi
390 1541 449 1616 vel
467 1542 637 1616 damnum
657 1541 794 1617 serendi
809 1553 1141 1644 causa,spontanea
1158 1543 1343 1617 voluntate
1356 1563 1450 1615 com·

224 1655 392 1744 mittitur,
404 1655 441 1728 in
456 1655 520 1731 hoc
533 1655 627 1730 facto
643 1655 872 1730 inmunitatis
885 1657 966 1732 iura
982 1657 1098 1732 fracta
1111 1655 1326 1730 iudicentur.
1345 1651 1446 1740 Quod

224 1767 370 1842 veroin
386 1767 499 1863 agris,
516 1767 575 1842 vel
592 1768 739 1865 campis,
764 1793 807 1843 ac
832 1771 935 1846 silvis
961 1795 1040 1869 quoe
1065 1769 1142 1844 sine
1167 1764 1447 1842 laborationibus

224 1889 312 1954 sunt
327 1889 363 1954 et
378 1879 581 1956 nullomodo
598 1881 797 1957 munitione
814 1884 1026 1979 cinguntur,
1043 1906 1131 1958 casu
1144 1881 1241 1955 sicut
1257 1878 1347 1953 solet
1359 1875 1447 1966 fieri,

224 2013 247 2063 a
260 1990 478 2089 quibuslibet
486 1991 689 2068 hominibus
697 1993 840 2092 aliquod
853 1995 1025 2068 damnum
1038 1993 1174 2068 factum
1189 1991 1312 2081 fuerit,
1324 2013 1448 2087 quarn-

177 2098 180 2108 ’
227 2104 284 2178 vis
301 2103 394 2180 idem
412 2128 513 2201 ager,
525 2105 584 2181 vel
596 2130 755 2204 campus,
768 2105 827 2182 vel
840 2106 932 2180 silva
946 2106 990 2181 ab
1003 2105 1190 2181 ecclesiam
1204 2104 1262 2180 vel
1276 2110 1450 2177 monaste-

226 2216 321 2290 rium
339 2227 555 2317 praeceptum
573 2218 803 2295 inmunitatis
819 2219 986 2294 habentia
1003 2214 1304 2317 pertineantnon
1325 2224 1449 2290 tamen

226 2328 264 2401 in
282 2327 349 2404 hoc
361 2329 560 2406 inmunitas
577 2331 691 2406 fracta
707 2331 923 2407 vindicanda
942 2341 1006 2406 est.
1023 2331 1174 2428 Ideoque
1186 2351 1261 2416 non
1279 2328 1342 2402 Dc
1367 2325 1448 2401 soli·

227 2441 352 2515 dorum
369 2442 632 2538 compositione,
656 2443 717 2517 sed
734 2445 931 2519 secundum
949 2443 1067 2540 legem
1085 2467 1165 2541 quae
1182 2443 1221 2516 in
1240 2441 1361 2516 eodem
1373 2439 1450 2520 loco

228 2565 383 2644 tenetur,
396 2555 429 2629 is
442 2555 650 2632 multandus
667 2565 731 2646 cst,
744 2556 805 2654 qui
824 2556 1033 2632 scandalum
1050 2555 1110 2631 vel
1122 2555 1316 2652 dampnum
1330 2552 1369 2624 in
1382 2550 1447 2626 tali

226 2667 303 2743 loco
320 2668 447 2744 fecisse
465 2668 654 2745 convictus
670 2669 791 2743 fuerit.

733 2834 850 2919 CLIII.
878 2832 956 2932 (sic)

554 2995 603 3045 Ex
621 2993 752 3060 leglbus
772 2995 964 3047 Francorum
982 2994 1121 3056 Regum.

325 3127 364 3201 Si
380 3127 461 3224 quis
479 3128 650 3225 Episcopo
666 3128 823 3226 aliquam
841 3125 1011 3200 iniuriam
1029 3134 1094 3199 aut
1111 3123 1284 3198 iniustam
1301 3124 1451 3200 dehono

230 3241 402 3316 rationem
419 3239 556 3329 fecerit,
569 3241 611 3316 de
631 3239 707 3314 vita
724 3248 968 3338 componatur,
981 3248 1018 3314 et
1030 3237 1149 3312 omnia
1163 3261 1242 3335 quae
1255 3235 1384 3311 habere
1398 3237 1451 3309 vi·

229 3379 292 3428 sus
316 3353 436 3440 fuerit,
462 3351 622 3440 ecclesiae
647 3353 707 3427 cui
733 3363 859 3448 praeest
883 3351 1074 3440 socientur,
1099 3361 1135 3426 et
1160 3338 1261 3424 nobis
1286 3350 1325 3422 in
1342 3350 1450 3448 triplo

230 3467 371 3541 bannus
387 3475 518 3566 noster,
535 3464 626 3539 idest
643 3467 707 3540 LX
723 3465 851 3540 solidos
869 3464 1104 3560 persolvatur,
1116 3475 1180 3538 aut
1195 3463 1270 3561 ipse
1287 3462 1326 3537 in
1339 3462 1453 3538 servi·

231 3580 281 3654 tio
298 3578 356 3652 vcl
374 3578 459 3653 fisco
476 3587 596 3653 nostro
612 3578 816 3652 serviturus
832 3600 971 3673 semper
988 3577 1155 3664 societur,
1173 3599 1286 3673 usque
1307 3600 1346 3650 se
1364 3574 1453 3650 redi·

234 3715 330 3766 merc
343 3690 382 3765 in
395 3689 502 3788 triplo
514 3689 615 3764 iuxta
628 3689 880 3785 uuerigeldum
898 3714 1006 3763 suum
1023 3687 1187 3789 potuerit.
1204 3691 1338 3762 Sancta
1355 3687 1453 3762 enim

232 3801 393 3877 eccclesia
407 3801 445 3875 in
457 3799 697 3878 sacerdotibus
710 3809 860 3890 constat,
878 3801 1010 3876 iccirco
1028 3825 1162 3898 magna
1180 3824 1280 3898 poena
1297 3799 1454 3896 pletendi

232 3923 328 4001 sunt,
345 3913 408 4010 qui
425 3912 620 4009 Episcopis,
635 3910 873 4010 Presbyteris,
887 3913 1056 3988 Diaconis
1073 3912 1243 3988 iniuriam
1258 3911 1319 3985 vel
1330 3921 1454 3986 contu·

234 4027 377 4101 meliam
394 4026 555 4100 fecerint.
571 4029 666 4098 Nam
679 4025 852 4100 detractio
869 4049 991 4100 eorum
1008 4024 1054 4098 ad
1076 4023 1262 4128 Christum
1288 4024 1455 4120 pertinet.

233 4139 352 4234 Igitur
369 4139 520 4234 sanguis
536 4137 661 4213 effusio
677 4138 714 4211 in
732 4137 894 4214 ecclesia
914 4139 1020 4242 facta,
1037 4162 1121 4212 cum
1140 4137 1245 4225 fuste,
1261 4136 1292 4210 si
1309 4135 1456 4236 presby·

235 4261 289 4325 ter
301 4250 421 4341 fuerit,
434 4251 472 4324 in
485 4249 592 4348 triplo
605 4260 845 4347 componatur.
859 4254 937 4327 Due
954 4274 1038 4326 vero
1051 4259 1172 4351 partes
1186 4249 1298 4326 eidem
1312 4249 1457 4347 presby·

232 4374 318 4451 tcro,
335 4365 401 4436 ΙΙΙ·
421 4362 590 4438 eccclesia
607 4363 778 4459 prolrcdo,
794 4374 832 4439 et
847 4365 994 4461 insuper
1012 4362 1153 4438 bannus
1171 4371 1300 4438 noster.
1324 4361 1457 4436 Simili·

233 4485 287 4552 ter
312 4475 355 4551 de
379 4474 527 4550 diacono
552 4471 654 4548 iuxta
678 4474 967 4572 compositionem
993 4472 1082 4563 eius,
1107 4483 1144 4548 ot
1160 4472 1203 4549 dc
1227 4470 1455 4562 subdiacone,
