3654 5302
897 401 1093 465 -426-

384 513 538 589 Christo.
555 520 668 604 Quem
687 516 845 592 convicit
861 517 986 592 beatus
1009 520 1115 616 Papa,
1139 527 1176 592 ct
1200 512 1425 614 glorificatus
1441 528 1497 620 est
1511 521 1556 596 ab
1573 544 1611 594 o·

385 628 538 702 mnibus.
555 631 658 703 Tunc
672 629 896 704 lastinianus
913 639 1103 726 Augustus
1115 631 1248 727 gaudio
1262 631 1429 730 repletae,
1442 633 1611 708 humilia·

383 740 438 814 uit
454 766 492 815 se
512 740 722 839 Apostolicae
744 741 826 817 Sedi
846 753 882 817 et
898 743 1061 818 adoravit
1076 743 1321 819 beatissimum
1338 747 1480 842 Papam.
1495 749 1540 819 ut
1552 769 1606 820 se-

381 864 534 950 gregato
552 854 722 929 Anthimo
738 879 759 926 a
777 856 1025 932 communione
1043 867 1079 932 et
1095 857 1197 954 pulso
1215 856 1253 930 in
1276 857 1392 946 exilio,
1409 883 1454 933 ex
1479 869 1609 956 rogatu

382 967 542 1062 Augusti
560 967 784 1042 consecravit
801 968 839 1040 in
853 967 928 1044 loco
942 969 1020 1044 cius
1034 972 1202 1044 Mennam
1217 970 1458 1045 venerabilem
1476 971 1609 1046 virum.

381 1081 422 1152 In
441 1080 571 1154 eodem.
584 1079 807 1154 lastinianus
820 1082 1000 1156 secundus
1012 1087 1220 1180 Imperator,
1235 1083 1296 1181 qui
1311 1084 1487 1182 quondam
1502 1108 1610 1182 spuo

380 1192 464 1266 dum
478 1219 500 1266 a
513 1195 582 1267 IIII
595 1193 809 1290 patriarchis
818 1205 854 1270 et
863 1220 985 1271 eorum
999 1196 1238 1292 suffraganeis
1251 1197 1466 1273 celebratam
1477 1208 1513 1272 et
1524 1197 1608 1272 sub·

382 1303 564 1401 scriptam,
580 1305 624 1379 ad
642 1305 933 1382 subscribendam
951 1310 989 1383 in
1007 1309 1121 1408 primo
1134 1309 1209 1384 loco
1222 1310 1329 1406 priori
1341 1310 1470 1405 Sergio
1483 1313 1609 1385 Roma-

381 1439 426 1490 no
444 1416 619 1506 Pontifici,
638 1425 678 1492 ut
695 1427 773 1514 poto
790 1419 949 1494 omnium
968 1422 1191 1497 sacerdotum
1210 1421 1318 1520 capiti
1336 1423 1526 1513 direxerat,
1543 1449 1607 1522 per

381 1556 488 1628 quem
499 1531 611 1606 eidem
622 1535 862 1630 propterquod
873 1535 1029 1632 praefatae
1043 1535 1177 1632 synodo
1190 1535 1233 1608 ob
1245 1535 1407 1632 quaedam
1421 1533 1458 1608 in
1473 1559 1607 1610 cacon-

380 1643 492 1717 traria
510 1647 676 1720 Romana
694 1645 863 1720 aeclesia
880 1647 1015 1721 inserta
1034 1647 1202 1743 capitulo,
1220 1647 1429 1723 nullatenus
1453 1649 1608 1724 subscri-

380 1755 463 1832 bere
481 1755 606 1844 voluit,
624 1757 749 1832 multis
768 1759 879 1832 modis
897 1759 1026 1834 insidia
1050 1761 1260 1849 tetenderat,
1285 1785 1368 1835 cum
1395 1763 1545 1836 Leonem
1570 1770 1608 1836 et

380 1867 587 1964 Tyberim,
605 1868 665 1966 qui
684 1891 724 1943 eo
736 1869 885 1966 expulso
898 1870 1020 1945 divino
1034 1881 1126 1947 nutu
1140 1872 1218 1946 eius
1231 1872 1420 1970 imperium
1436 1873 1504 1947 sibi
1517 1875 1605 1946 arri·

379 1991 531 2080 puerant
547 2004 666 2056 coram
692 1983 819 2080 populo
844 1983 1059 2080 iugulassor,
1076 1984 1159 2061 ilico
1184 1997 1225 2059 ut
1241 1984 1433 2084 imperium
1460 1975 1619 2083 recepit,¹

378 2120 440 2193 per
456 2095 544 2169 duos
561 2095 799 2194 metropolitas
817 2097 996 2196 episcopos
1022 2097 1209 2194 epistolam
1235 2122 1337 2171 suam
1360 2099 1431 2172 VII
1455 2097 1603 2172 Iohanni

379 2211 484 2306 Papae
493 2208 631 2299 direxit,
642 2209 677 2282 in
688 2234 758 2307 qua
773 2210 925 2285 eundem
938 2210 1148 2285 adhortatus
1161 2220 1215 2285 est
1227 2211 1456 2300 coniurand0,
1470 2220 1511 2285 ut
1523 2237 1602 2308 apo-

380 2322 514 2398 stolicae
530 2323 699 2399 aeclesia
716 2324 909 2399 concilium
927 2334 1149 2422 aggregaret
1166 2332 1202 2398 ct
1215 2348 1364 2421 quaeque
1378 2323 1411 2398 ei
1425 2324 1503 2397 visa
1516 2324 1602 2398 fuis·

379 2445 469 2524 sent,
486 2446 669 2526 statueret,
687 2461 765 2535 quae
782 2437 932 2512 adverse
951 2437 1157 2512 rennuendo
1174 2445 1343 2511 cessaret.

944 2603 1050 2686 oxu.

359 2797 362 2805 ·
473 2773 730 2849 Constantinus
748 2773 892 2848 natione
910 2779 1028 2873 Syrus
1040 2775 1229 2870 ingressus
1242 2781 1297 2847 est
1311 2773 1601 2870 Constantinopo

378 2885 453 2975 lim,
466 2889 526 2960 cui
542 2891 646 2962 aVII
661 2888 828 2962 milliario
842 2887 982 2962 obviam
997 2887 1098 2962 venit
1111 2885 1289 2984 Tyberius
1302 2883 1492 2981 imperator
1505 2885 1600 2960 filius

376 3001 569 3074 Iustiniani
589 3003 758 3097 Augusti,
775 3026 859 3076 cum
877 3001 1040 3099 patriciis
1057 3011 1092 3076 et
1110 3000 1205 3074 omni
1223 2998 1403 3097 syncletu‚
1420 3009 1456 3074 et
1479 2999 1600 3098 Cyrus

376 3113 587 3188 Patriarcha
604 3138 686 3189 cum
704 3115 799 3190 clero
817 3125 853 3190 et
867 3113 1097 3190 multitudine
1112 3111 1242 3210 populi,
1255 3133 1377 3184 omncs
1390 3111 1552 3186 laetantes
1565 3121 1601 3186 et

376 3227 470 3302 diem
488 3228 617 3302 festum
636 3237 795 3324 agentes
815 3228 980 3303 Pontifex
996 3251 1080 3301 vero
1099 3236 1135 3301 ct
1153 3225 1232 3300 eius
1249 3223 1369 3298 clerus
1381 3233 1418 3298 et
1430 3225 1600 3321 primates

376 3367 458 3416 cum
479 3339 667 3416 sellaribus
684 3341 941 3438 imperialibus,
960 3351 996 3416 et
1013 3338 1125 3415 frenis
1143 3337 1300 3412 inaurati
1318 3336 1481 3412 simulet
1506 3362 1601 3438 map-

375 3453 470 3551 pulis
487 3453 642 3550 ingressi
661 3464 747 3528 sunt
763 3455 960 3530 civitatem.
974 3458 1021 3528 Et
1033 3452 1247 3551 apostolicus
1266 3450 1430 3525 Pontifex
1442 3477 1526 3527 cum
1542 3477 1601 3527 oe·

375 3565 536 3642 melauco
554 3577 595 3642 ut
620 3566 745 3641 solitus
767 3577 822 3657 est
839 3570 958 3642 ltomae
976 3568 1170 3665 procedere.
1188 3570 1229 3640 In
1248 3565 1304 3640 die
1322 3576 1443 3639 autem
1469 3589 1539 3663 qua
1560 3591 1600 3641 se

374 3680 529 3756 invicem
544 3681 713 3755 viderunt
725 3680 948 3755 lastinianus
963 3687 1153 3775 Augustus
1168 3677 1498 3757 Christianissimus
1515 3703 1598 3754 cum

375 3816 486 3888 regno
503 3792 540 3865 iu
554 3793 668 3890 capite
682 3817 758 3868 sese
773 3793 967 3891 prostravit
980 3795 1084 3891 pedes
1097 3793 1298 3882 obsculans,
1312 3791 1487 3882 Pontiferr,
1499 3791 1596 3866 dein·

374 3907 416 3982 de
434 3907 472 3980 in
489 3905 655 4004 amplexu
673 3916 797 3982 mutuo
814 3917 1071 3998 conuenerunt,
1087 3919 1124 3983 et
1140 3907 1236 3984 facta
1252 3918 1307 3984 cst
1320 3907 1445 3983 laetitia
1463 3930 1597 4003 magna

377 4021 415 4094 in
435 4020 572 4118 populo

930 4163 1052 4248 exul.

470 4363 673 4462 Stephanus
686 4362 829 4436 natione
842 4363 1328 4438 RomanusannoDominicre
1338 4361 1595 4436 incarnationis

292 4475 294 4480 ’
372 4475 530 4552 DOCLII
546 4475 660 4550 habiit
676 4475 720 4550 od
737 4474 1076 4552 excellentissimum
1103 4501 1226 4576 regem
1251 4479 1469 4552 Francorum
1502 4473 1598 4577 Pipi·
