3618 5316
927 363 1123 430 -290-

979 538 1051 622 GV.

511 707 684 806 Pelagius
701 709 824 786 Boetio
841 711 1013 788 Praefeeto
1030 735 1085 810 pp.
1103 711 1286 802 Africano,
1303 712 1398 789 inter
1414 721 1553 788 caetera.
1571 715 1639 788 Ro

412 845 519 896 mana
543 822 603 898 cui
629 825 703 898 Deo
726 834 872 900 auctore
897 825 1130 922 praesidemus
1155 827 1307 904 ecelesia
1332 838 1410 928 post
1425 828 1636 904 continuam

411 937 519 1011 XXV
537 946 572 1012 et
598 960 638 1012 eo
658 937 816 1038 amplius
832 961 1007 1013 annorum
1027 943 1263 1017 vastationem
1281 943 1448 1020 bellicam
1467 942 1505 1016 in
1522 943 1637 1018 italiae

412 1050 619 1146 regionibus
643 1052 878 1142 accidentem,
899 1063 936 1127 et
965 1078 1054 1153 pene
1075 1054 1193 1132 adbuc
1216 1055 1362 1132 minime
1382 1056 1639 1148 discedentem,

410 1189 482 1239 uon
507 1165 652 1242 aliunde
681 1167 751 1241 nisi
777 1167 820 1242 de
838 1166 1042 1264 peregrinis
1059 1168 1190 1243 insulis
1206 1178 1271 1244 aut
1292 1170 1381 1248 locis
1402 1170 1533 1247 clerico
1549 1197 1638 1270 pau-

411 1278 555 1376 peribus
581 1281 655 1380 qui,
672 1290 708 1356 ct
732 1281 763 1355 si
788 1305 859 1356 non
877 1281 1060 1357 sufficiens
1077 1282 1136 1358 uel
1154 1283 1329 1381 exignum
1354 1293 1474 1360 tamen
1499 1284 1637 1383 stipen-

410 1391 510 1468 dium
528 1395 770 1494 consequitur.

974 1541 1063 1626 cvl.

509 1739 681 1837 Pelagius
699 1740 927 1817 Armentario
947 1740 1121 1836 magistro
1139 1740 1297 1815 militum
1316 1741 1412 1815 inter
1429 1751 1555 1817 cetera.
1567 1745 1635 1816 Po

410 1863 486 1930 stea
503 1878 609 1952 quam
628 1855 789 1931 ecclesiae
814 1855 905 1946 iura,
922 1857 1216 1931 documentorum
1243 1877 1383 1953 quoque
1409 1853 1635 1930 interceden-

409 1967 502 2042 tium
520 1968 656 2044 fuerint
673 1970 889 2046 auctoritate
907 1971 1060 2060 firmata,
1076 1969 1285 2045 nullatenus
1297 1968 1342 2042 ab
1355 1967 1413 2042 his
1426 1968 1632 2043 discedendi
1771 2009 1772 2044 1

409 2079 559 2158 liberam
577 2085 737 2182 pontifex
754 2085 812 2162 vel
830 2085 860 2160 si
879 2083 968 2160 velit
985 2082 1215 2183 permittatur
1232 2079 1365 2156 habere
1382 2080 1577 2157 licentiam.

967 2251 1073 2335 ovll.

505 2424 678 2521 Pelagius
696 2423 904 2500 Eleutherio
925 2423 1097 2522 episcopo.
1116 2422 1295 2498 Maximus
1320 2423 1491 2498 diaconus
1509 2423 1632 2500 mecle-

410 2535 472 2610 siae
489 2536 690 2613 dilectionis
714 2548 787 2613 tue
815 2537 916 2613 nobis
941 2536 1139 2633 suggessit,
1157 2537 1194 2609 in
1220 2535 1330 2611 fundo
1349 2536 1411 2636 qui
1429 2538 1631 2635 appellatur
1772 2583 1773 2588 ,

409 2649 602 2725 Pancellus
618 2650 811 2726 oratorium
829 2675 867 2725 se
885 2672 947 2747 pro
973 2675 1039 2723 sua
1064 2649 1250 2725 devotione
1275 2649 1457 2741 fundasse,
1475 2651 1564 2748 quod
1590 2652 1630 2726 in

409 2761 541 2838 honore
554 2761 665 2838 beatae
679 2763 865 2839 Gentianae
883 2763 1056 2859 martyris
1074 2762 1250 2838 desiderat
1267 2787 1485 2838 consecrare.
1495 2767 1541 2838 Et
1553 2763 1630 2839 ideo

409 2875 520 2952 frater
537 2877 727 2953 karissime
752 2878 783 2951 si
810 2877 846 2950 in
873 2887 936 2952 tua
952 2877 1084 2952 diocesi
1103 2884 1296 2952 memorata
1314 2877 1534 2951 constructio
1550 2877 1628 2951 iure

409 2989 584 3080 consistit,
598 2999 634 3066 et
648 2990 790 3064 nullum
805 3014 934 3090 corpus
948 2990 1078 3066 ibidem
1096 2999 1234 3065 constat
1246 2987 1449 3079 humatum,
1462 2999 1628 3090 percepta
1773 3065 1774 3098 ἒ

408 3104 509 3202 prius
526 3103 713 3182 donatione
730 3104 909 3201 legitima,
926 3105 1016 3180 idest
1033 3103 1250 3204 possessione
1267 3102 1319 3178 ill.
1337 3113 1372 3178 et
1389 3101 1440 3178 ill.
1460 3112 1628 3201 praestan-

410 3225 462 3292 tes
477 3217 639 3293 liberosa
657 3217 839 3294 fiscalibus
856 3217 974 3293 titulis
991 3217 1120 3292 solidos
1137 3225 1190 3292 tot
1202 3215 1386 3314 gestisque
1404 3215 1628 3313 municipali-

408 3328 475 3405 bus
500 3331 678 3428 allegatis,
695 3331 907 3431 predictum
937 3328 1131 3406 oratorium
1161 3328 1295 3427 absque
1325 3327 1445 3402 missis
1473 3327 1626 3425 publicis

408 3441 653 3542 sollempniter
677 3443 912 3522 consecrabis.
929 3447 985 3520 Ita
1005 3453 1125 3520 tamen
1145 3450 1186 3516 ut
1202 3441 1239 3514 in
1257 3439 1377 3516 eodem
1395 3439 1472 3515 loco
1488 3465 1556 3516 nec
1572 3440 1625 3514 su·

408 3557 502 3632 turis
518 3558 736 3657 temporibus
751 3558 1004 3658 baptisterium
1030 3565 1272 3646 construatur,
1288 3579 1356 3630 nec
1374 3555 1623 3653 presbyterum

408 3671 606 3746 constituas
620 3671 937 3748 Cardinalem.Sed
955 3673 1121 3771 quotiens
1138 3669 1248 3744 misse
1265 3667 1334 3743 sibi
1352 3667 1428 3742 beri
1447 3668 1537 3743 forte
1555 3693 1625 3741 ma·

409 3783 529 3876 luerit,
538 3811 559 3859 a
568 3785 757 3862 dilectione
769 3795 833 3861 tua
847 3787 1099 3885 presbyterum
1112 3784 1255 3859 noverit
1268 3783 1533 3882 postulandum,
1542 3806 1626 3881 que-

409 3896 508 3972 tinus
537 3897 650 3974 nichil
678 3898 751 3974 tale
775 3923 796 3972 a
822 3899 978 3998 quolibet
1002 3897 1073 3975 elio
1095 3899 1276 3976 sacerdote
1295 3897 1479 3973 ullatenus
1496 3921 1625 3996 praesu·

409 4018 540 4084 matur.
895 4019 899 4026 '

956 4157 1081 4242 ovlfl.

506 4353 678 4450 Pelagius
693 4353 834 4430 Asterie
851 4353 1023 4453 episcopo.
1037 4355 1244 4430 Vindimius
1258 4354 1376 4430 Abbas
1394 4353 1549 4454 petitorii
1567 4375 1626 4428 no-

408 4467 463 4542 bis
476 4467 719 4546 insinuatione
732 4469 932 4565 suggessit,
945 4469 1038 4567 quod
1051 4468 1196 4544 haberet
1211 4469 1247 4542 in
1261 4467 1426 4560 subditis,
1436 4469 1537 4545 iuxta
1552 4493 1626 4542 mu·
