3582 5288
878 351 1051 422 ...72-

363 489 508 577 tequam
526 477 703 553 sententia
720 470 807 553 hinc
824 477 965 552 finitiva
984 480 1158 576 procedat.
1175 482 1267 552 Nam
1289 479 1319 552 si
1338 477 1519 556 seculares
1543 482 1582 554 in

363 591 517 690 publicis
542 591 697 681 iudiciis,
715 590 845 667 libellis
869 600 1024 666 utuntur
1040 591 1294 690 appellatoriis,
1314 601 1447 691 quanto
1464 593 1584 690 magis

363 706 605 781 sacerdotibus
622 705 699 781 haec
716 706 838 781 eadem
855 729 965 801 agere
982 705 1069 780 licet
1084 705 1146 804 qui
1164 730 1271 804 super
1287 706 1368 781 illos
1393 716 1490 796 sunt,
1507 707 1583 806 qui·

363 820 500 920 busque
524 819 661 895 dictum
686 833 749 896 ast.
773 824 852 917 Ego
876 818 949 893 dixi
973 818 1022 892 dii
1045 819 1141 896 estis.
1163 820 1271 894 Idem.
1292 817 1362 906 Qui
1386 829 1510 917 sponte
1539 821 1584 896 ad

364 937 559 1008 Romanam
578 933 703 1009 Sedom
722 931 943 1008 conveniunt
967 933 1143 1030 Episcopi,
1163 933 1297 1032 absque
1322 933 1398 1007 ulla
1422 935 1583 1009 custodia

365 1047 424 1124 vel
443 1046 809 1122 excommunicatione
826 1045 885 1121 vel
902 1045 1152 1144 dampnatione
1169 1045 1278 1122 libera
1292 1046 1344 1122 ire
1361 1049 1584 1124 concedatur.

908 1285 1052 1368 LXlllll.

460 1507 635 1578 Eussarvs
651 1502 896 1610 dilectissimis
920 1503 1093 1578 fratribus
1119 1503 1297 1579 universis
1314 1503 1498 1603 Episcopis
1523 1531 1586 1604 per

365 1617 598 1715 Campaniam
612 1625 649 1690 et
662 1616 839 1692 Tusciam.
848 1619 882 1691 N
883 1640 927 1692 on
941 1625 1056 1714 potest
1068 1616 1211 1691 Domini
1225 1618 1346 1692 Nostri
1360 1620 1584 1716 praetermitti

364 1731 542 1808 sententia
558 1727 721 1819 dicentis,
739 1733 793 1804 Tu
811 1756 850 1806 es
866 1734 997 1806 Petrus
1017 1740 1053 1805 et
1075 1755 1182 1828 super·
1207 1729 1301 1806 hanc
1318 1741 1454 1829 petram
1480 1741 1516 1807 et
1533 1759 1586 1809 re·

366 1847 473 1945 liqua.
503 1849 549 1920 Et
578 1844 654 1920 haec
679 1870 758 1943 quae
788 1846 882 1922 dicta
912 1855 999 1919 sunt
1029 1869 1147 1920 rerum
1176 1845 1369 1944 probantur
1393 1845 1585 1922 affectibus.

366 1961 458 2048 Quia
475 1959 514 2032 in
533 1959 621 2034 Sede
640 1959 843 2058 Apostolica
868 1983 1006 2058 semper
1031 1969 1086 2034 cst
1110 1969 1209 2035 cantra
1236 1959 1414 2034 maculam
1441 1971 1585 2035 servata

366 2075 504 2172 religio.

894 2313 1055 2394 bllllllll.

456 2531 679 2608 Melchiades
696 2530 938 2607 dilectissimis
955 2529 1126 2604 fratribus
1148 2529 1327 2604 universis
1346 2529 1587 2628 Yspaniarum

365 2646 558 2744 Episcopis.
568 2647 759 2744 Episcopus
768 2644 878 2719 nolite
888 2643 1057 2731 iudicare,
1066 2643 1176 2719 nolite
1185 2643 1444 2741 condempnare
1453 2643 1585 2742 absque

364 2758 474 2833 huius
492 2760 592 2835 Sedis
608 2759 830 2835 auctoritate.
848 2755 996 2846 Quodsi
1022 2756 1179 2832 feceritis
1204 2755 1308 2829 irrita
1332 2765 1440 2830 erunt
1465 2765 1586 2830 vestra

364 2872 499 2974 iudicia
527 2885 564 2947 et
588 2898 651 2948 vos
676 2870 1011 2958 condemnabimini,
1028 2869 1093 2945 hoc
1118 2869 1216 2944 enim
1242 2869 1475 2966 privilegium
1501 2869 1587 2944 huic

364 2996 498 3062 sanctae
515 2987 598 3062 Sedi
615 3012 636 3058 a
654 2987 873 3084 temporibus
890 2982 1139 3084 Apostolorum
1157 2993 1334 3057 statutum
1360 2993 1414 3058 cst
1439 2981 1587 3072 servari,

364 3100 456 3199 quod
472 3100 615 3176 illesum
635 3111 755 3175 manet
773 3125 884 3198 usque
902 3101 940 3173 in
958 3097 1143 3173 odiernum
1170 3096 1274 3173 diem.
1292 3100 1338 3170 Et
1363 3104 1441 3193 post
1462 3119 1588 3193 pauca.

365 3215 441 3288 Hoc
458 3213 691 3310 privilegium
708 3213 811 3289 beato
827 3213 1014 3309 clavigero
1031 3214 1137 3286 Petro
1154 3237 1220 3286 sua
1240 3211 1320 3287 vice
1338 3209 1512 3285 Dominus
1536 3233 1590 3284 so·

365 3325 543 3401 lurumodo
559 3327 747 3402 commisit.
765 3327 865 3414 Quod
882 3327 960 3403 eius
989 3327 1083 3400 iuste
1109 3327 1390 3424 praerogativum
1414 3324 1589 3401 successit

236 3479 238 3485 v
365 3439 440 3515 sedi
456 3439 590 3514 futuris
606 3440 879 3516 hereditandum
897 3449 1005 3538 atque
1021 3442 1216 3516 wnendum
1233 3439 1462 3539 temporibus.

916 3677 1041 3762 LXXV.

388 3988 390 3994 ,
437 3967 439 3973 ,
461 3897 635 3974 Silvester
650 3903 746 3996 Papa
763 3899 801 3972 in
820 3897 981 3974 Concilio
995 3897 1229 3973 CCLXXVII
1242 3897 1506 3996 Episcoporum.
1520 3899 1590 3972 Ne·

366 4035 435 4108 que
464 4010 600 4086 Praesul
626 4037 790 4086 summus
814 4037 836 4085 a
863 4034 1041 4110 quoquam
1068 4012 1258 4088 iudicetur.
1284 4011 1470 4100 Quoniam,
1494 4012 1592 4088 sicut

366 4119 540 4221 scriptum
559 4133 700 4200 estnon
718 4135 772 4201 est
789 4124 989 4223 discipulus
1006 4151 1114 4225 supra
1131 4125 1358 4223 Magistrum.
