3654 5302
732 419 931 485 -435n

219 539 412 616 secundam
430 541 687 641 correptionem
705 541 837 634 devita,
854 542 972 618 sciens
990 543 1074 642 quia
1086 567 1282 643 perversus
1298 551 1364 636 est,
1379 543 1445 620 hu·

220 647 373 728 iusmodi
390 664 426 730 et
438 665 572 752 peccat,
585 665 621 731 et
638 665 726 730 esta
740 657 927 754 semetipso
940 656 1139 731 damnatus.
1153 660 1199 731 Et
1212 657 1318 731 infra.
1331 656 1445 730 Nulla

221 791 305 842 cum
325 768 428 844 malis
445 769 611 844 convivia
628 770 687 844 vel
705 768 880 868 colloquia
902 769 1132 858 misceantur,
1157 768 1342 868 simusque
1368 781 1443 843 tam

220 882 265 956 ab
282 881 334 958 eis
350 884 516 982 separati,
533 907 640 983 qnam
658 883 713 957 illi
732 893 817 958 sunt
834 883 878 958 de
895 883 1047 968 ecclesia
1065 883 1219 981 profugi.
1236 883 1330 971 Quia
1355 883 1444 959 scri·

223 1004 324 1093 ptum
342 1007 406 1072 est.
420 997 592 1072 sianum
611 997 808 1074 aecclesiam
823 997 1089 1095 contempserit,
1107 996 1154 1070 sit
1166 996 1232 1071 tibi
1247 995 1342 1072 siout
1354 997 1445 1071 etni-

222 1133 287 1184 ous
299 1120 336 1184 et
349 1110 571 1208 publicanus.
584 1114 631 1186 Et
643 1110 769 1186 beatus
786 1109 988 1206 Apostolus,
1001 1133 1071 1185 non
1087 1119 1371 1198 monettantum,
1382 1111 1444 1186 sed

221 1221 321 1297 iubet
336 1235 378 1298 ut
394 1223 561 1298 atalibus
575 1224 771 1299 recedatur.
785 1223 992 1322 Recipimus
1004 1223 1123 1322 inquit
1136 1224 1236 1299 vobis
1250 1225 1287 1298 in
1300 1225 1443 1299 nomine

223 1336 364 1410 Domini
374 1337 486 1411 nostri
496 1339 578 1411 Iesu
589 1333 726 1412 Christi
735 1347 777 1410 ut
786 1337 959 1412 recedatis
968 1336 1012 1411 ab
1021 1336 1366 1412 omnibnsfratribus
1376 1361 1449 1409 arn-

222 1445 433 1523 bulantibus
448 1449 657 1537 inordinate,
674 1457 709 1522 et
726 1474 796 1525 non
810 1451 1006 1525 secundum
1021 1450 1248 1526 traditionem
1262 1475 1370 1549 quam
1388 1475 1445 1525 ao-

223 1571 396 1657 ceperunt
416 1587 438 1634 a
459 1561 569 1636 nobis.
586 1560 698 1637 Nulla
714 1562 867 1638 societas
885 1563 967 1639 fidei
989 1572 1025 1637 ot
1050 1565 1195 1661 perfidie
1219 1574 1334 1665 potest
1357 1587 1445 1638 esse.

100 1707 103 1712 Α
223 1673 316 1760 Quia
326 1675 456 1750 unitati
466 1676 589 1774 etpaoi
600 1676 677 1752 eius
686 1676 856 1751 inimicus
869 1687 934 1767 est,
946 1677 1174 1753 adversarius
1188 1677 1322 1753 Christi
1333 1686 1396 1752 est.
1406 1677 1445 1752 Si

222 1813 304 1876 cum
323 1790 488 1887 precibus
505 1801 541 1867 et
557 1790 863 1868 satisfactionibus
880 1791 1044 1878 veniunt,
1061 1790 1264 1864 audiantur.
1278 1789 1316 1863 Si
1336 1789 1444 1863 male·

223 1901 318 1976 diota
336 1912 372 1977 et
389 1903 504 1978 minas
521 1904 696 2001 ingerunt
713 1913 936 2002 respuantur.
950 1906 1039 1978 Item
1057 1903 1095 1976 in
1109 1902 1181 1976 alia
1192 1901 1340 2000 epistola
1353 1901 1445 1976 eius·

225 2015 304 2091 dem
322 2017 366 2091 ad
384 2016 548 2095 eumdem
566 2020 608 2095 de
625 2020 830 2118 episcopatu
847 2016 934 2092 eius.
952 2015 1132 2091 Gravitati
1150 2025 1280 2090 nostrae
1299 2013 1447 2111 negavi-

222 2155 304 2204 mus
320 2133 512 2208 oonvenire
529 2143 571 2209 ut
587 2133 717 2230 collegi
736 2131 848 2207 nostri
865 2133 937 2204 iam
955 2130 1081 2205 delecti
1099 2140 1134 2205 et
1151 2131 1304 2204 ordinati
1323 2139 1359 2204 et
1371 2129 1447 2202 lau·
1467 2175 1470 2182 -

221 2240 329 2315 dabili
349 2243 543 2318 multorum
557 2245 733 2320 sententia
746 2243 973 2344 comprobati,
987 2243 1157 2319 ventilari
1170 2244 1266 2318 ultra
1277 2243 1446 2318 honorem

223 2355 395 2432 maledica
413 2359 660 2434 aemulantium
679 2383 766 2435 voce
782 2370 995 2458 pateremur.
1013 2358 1112 2434 Idem
1129 2357 1174 2432 ad
1188 2356 1446 2432 Antonianum.

221 2470 322 2555 Quod
339 2494 424 2546 vero
440 2472 603 2570 quadam
620 2472 663 2547 de
680 2497 719 2548 eo
736 2471 924 2548 inhonesta
937 2481 973 2547 et
988 2471 1148 2567 maligna
1161 2471 1353 2560 iactantur,
1367 2469 1447 2544 nolo

221 2583 373 2674 mireris,
386 2609 470 2659 eum
488 2586 582 2660 scias
595 2610 735 2684 semper
751 2587 818 2661 hoo
831 2609 919 2685 opus
932 2609 1008 2660 esse
1021 2583 1176 2683 dyaboli,
1190 2593 1232 2658 ut
1244 2579 1366 2658 servos
1380 2583 1446 2658 Dei

221 2697 405 2774 mendacio
421 2697 565 2786 laceret,
582 2709 618 2774 et
634 2699 860 2798 opinionibus
878 2697 978 2772 falsis
995 2697 1190 2794 gloriosum
1209 2721 1338 2772 nomen
1355 2696 1455 2770 infa-¹

222 2821 305 2899 met,
322 2821 433 2911 utque
450 2811 677 2888 conscientiae
690 2839 765 2887 suae
777 2812 858 2888 luce
872 2811 1086 2900 clarescunt,
1100 2809 1229 2885 alienis
1242 2809 1444 2884 rumoribus

220 2925 454 3000 sordidentur.
471 2926 568 3000 Idem
583 2925 620 2999 in
635 2925 782 3022 epistola
799 2926 844 2999 ad
858 2925 1056 2999 Maximum
1071 2924 1333 3022 presbyterum.
1349 2926 1443 2998 Nam

222 3047 258 3112 et
279 3038 479 3114 sundentur
501 3039 579 3138 (sio)
596 3039 633 3114 in
659 3040 821 3116 aeoolesia
838 3063 915 3114 esse
933 3037 1083 3126 zizania,
1100 3060 1171 3112 non
1192 3045 1313 3112 tamen
1339 3037 1447 3134 impe·

221 3148 288 3222 diri
306 3149 445 3239 debent,
462 3160 526 3226 aut
543 3151 641 3238 fides,
657 3161 721 3227 aut
742 3152 874 3228 caritas
899 3162 1031 3241 nostra,
1053 3161 1094 3226 ut
1111 3150 1278 3250 quoniam
1303 3149 1443 3223 zizania

221 3285 298 3336 esse
315 3261 353 3335 in
371 3261 522 3338 ecclesia
539 3261 733 3354 cernimus,
749 3264 818 3362 ipsi
836 3266 879 3341 de
904 3265 1067 3340 aecclesia
1092 3264 1310 3339 recedamus.
1334 3261 1447 3338 Nobis

221 3375 465 3450 tantummodo
482 3375 717 3451 laborandum
735 3387 800 3465 est,
819 3388 860 3452 ut
873 3378 1096 3452 frumentum
1111 3401 1188 3452 esse
1201 3376 1390 3474 possimus,
1406 3385 1448 3449 ut

221 3513 305 3564 cum
327 3490 460 3587 ceperit
477 3489 701 3564 frumentum
723 3489 892 3565 dominici
915 3489 1052 3566 horreis
1076 3490 1185 3580 credi,
1206 3489 1367 3564 fructum
1385 3511 1448 3587 pro

221 3625 325 3700 opere
341 3613 460 3678 nostro
477 3611 513 3677 et
529 3603 648 3678 labore
665 3603 859 3700 capiamus.
876 3604 1067 3702 Apostolus
1084 3603 1123 3677 in
1140 3603 1289 3702 'epistola
1307 3628 1373 3677 sua
1396 3601 1447 3676 di·
1536 3695 1538 3700 Ι

223 3717 282 3791 cit.
295 3719 337 3790 In
350 3715 451 3791 domo
467 3725 588 3792 autem
602 3741 673 3792 non
687 3717 802 3791 solum
816 3726 902 3792 sunt
916 3742 1002 3791 vasa
1016 3741 1125 3792 aurea
1138 3726 1175 3792 et
1187 3725 1371 3812 argentea,
1385 3716 1447 3792 sed

221 3841 258 3904 et
274 3829 397 3926 lignea
413 3840 449 3906 et
465 3830 601 3905 fictilia.
619 3833 666 3904 Et
682 3830 843 3927 quaedam
856 3831 1000 3929 quidem
1012 3831 1372 3929 honorata,quaedam
1385 3857 1448 3905 au·

203 3950 294 4017 ,tem
310 3941 529 4017 inhonorata.
541 3945 615 4018 Nos
627 3965 768 4040 operam
782 3943 908 4018 demus
921 3955 958 4020 et
965 3953 1142 4042 quantum
1155 3966 1344 4041 possumus
1356 3942 1449 4018 labo·

223 4079 354 4144 remus
372 4065 413 4130 ut
430 4081 495 4130 vas
511 4081 662 4131 aureum
679 4055 738 4130 vel
755 4068 969 4152 argenteum
986 4058 1109 4133 simus.
1127 4058 1306 4134 Caeterum
1320 4058 1447 4134 fictilia

221 4194 309 4243 vasa
326 4169 554 4266 confringere
573 4169 720 4244 Domino
737 4168 801 4242 soli
818 4180 1028 4246 conoessum
1046 4179 1112 4260 est,
1128 4169 1189 4245 cui
1203 4178 1239 4246 et
1256 4169 1362 4266 virga
1379 4171 1448 4245 for-

221 4307 282 4357 rea
297 4283 381 4357 data
397 4292 461 4357 est.
482 4286 570 4357 Esse
591 4281 702 4355 maior
719 4304 789 4356 non
808 4291 923 4380 potest
940 4280 1090 4356 Domino
1107 4305 1245 4355 servus.
1257 4283 1335 4356 Nec
1352 4283 1448 4378 quis-

221 4419 328 4493 quam
342 4395 409 4470 sibi
423 4395 516 4493 quod
531 4397 637 4469 Pater
650 4393 741 4468 Filio
754 4393 881 4468 tribuit
894 4393 1071 4482 vendicet,
1084 4403 1126 4468 ut
1138 4417 1176 4468 so
1185 4402 1287 4490 putet
1306 4403 1347 4468 ut
1363 4418 1448 4469 area

219 4509 466 4585 ventilandam
479 4519 516 4585 et
536 4507 775 4607 purgandam,
787 4507 981 4605 pelamiam
996 4506 1075 4606 (oio)
1088 4506 1182 4582 ferre
1200 4531 1238 4582 se
1256 4529 1368 4604 posse,
1384 4518 1450 4581 aut
