3618 5316
924 354 1123 420 -280-

412 475 615 567 ostendunt,
632 498 711 574 quae
727 499 816 576 pene
827 474 1010 552 habentur
1027 475 1212 574 incognite
1232 499 1312 575 qum
1329 474 1438 552 etiam
1451 473 1542 550 illud
1554 500 1634 552 san·

413 592 527 679 aiunt,
536 598 578 665 ut
590 587 777 664 vilissimis
789 589 941 666 testibus
953 589 1030 665 sine
1043 589 1214 689 corporali
1227 588 1447 666 discussione
1458 588 1554 665 oredi
1563 614 1635 666 non

414 704 548 780 debeat.
564 703 665 792 Quod
684 713 805 779 autem
830 703 974 794 dicitur,
991 705 1083 803 quod
1107 703 1221 780 nichil
1246 702 1389 802 scriptis
1413 702 1540 778 dnbuit
1556 702 1636 802 (sie)

414 815 576 892 iudicari.
592 819 686 893 Nam
703 816 752 890 ibi
769 816 864 895 inter
880 817 952 890 alia
969 816 1184 917 praeoipitnr,
1201 824 1243 890 ut
1259 815 1435 906 sententia
1452 840 1532 914 quaa
1556 816 1636 892 sine

414 929 545 1032 scripto
561 931 658 1007 dieta
673 930 794 1022 fuerit,
811 955 878 1008 neo
894 954 1023 1008 nomen
1040 929 1227 1004 sententioe
1243 927 1374 1004 habere
1396 937 1587 1004 mereatur.

923 1157 1128 1242 LXXXVII.

501 1387 554 1460 -In
570 1383 715 1460 nomine
732 1382 873 1459 Domini
891 1383 957 1460 Dei
974 1383 1097 1459 nostri.
1114 1381 1184 1459 Oui
1203 1381 1360 1458 officium
1377 1382 1574 1478 cognitoris
1586 1383 1639 1457 in·

416 1496 595 1594 iungitur,
612 1496 663 1570 ita
680 1521 718 1571 se
735 1520 825 1595 pura
841 1505 949 1594 atque
966 1494 1179 1572 intemerata
1196 1495 1415 1572 conscientia
1432 1496 1537 1574 debet
1552 1496 1590 1570 in
1603 1520 1638 1572 o-

419 1611 563 1686 mnibus
579 1610 757 1702 exhibere,
774 1620 815 1684 ut
832 1635 876 1686 ex
891 1609 949 1684 his
966 1633 1046 1708 quae
1062 1607 1144 1683 aliis
1169 1608 1342 1698 iudicant,
1365 1609 1440 1707 ipse
1465 1609 1639 1686 ultionem

418 1723 543 1800 aeterni
560 1723 739 1799 examinis
755 1746 825 1798 non
839 1723 1012 1798 incurrat.
1025 1724 1118 1796 Dum
1132 1722 1248 1818 igitur
1261 1746 1306 1797 ex
1317 1722 1544 1820 deputatione
1560 1723 1641 1800 bea·

417 1835 548 1912 tissimi
565 1846 673 1934 atque
689 1835 873 1936 apostolici
890 1835 1019 1910 Domni
1033 1836 1102 1912 mei
1115 1838 1219 1934 Papae
1232 1836 1411 1932 Gregorii,
1427 1860 1496 1933 ego
1513 1837 1639 1912 lohan-

417 1973 482 2026 nes
499 1949 662 2025 defensor
679 1949 772 2025 inter
789 1949 999 2024 Ianuarium
1017 1949 1221 2048 episcopum
1247 1949 1408 2026 civitatis
1432 1949 1641 2026 Malachita·

418 2089 486 2156 nae,
503 2073 612 2163 atque
626 2063 721 2138 inter
733 2062 787 2136 ill.
798 2073 834 2139 et
846 2063 897 2138 ill.
910 2062 1101 2160 Episcopos
1113 2061 1277 2158 cognitor
1289 2063 1510 2154 resedissem,
1523 2087 1643 2139 neces·

417 2203 456 2255 se
472 2176 582 2252 habui
598 2201 744 2252 oausam
765 2176 924 2275 praedicti
941 2175 1102 2250 Ianuarii
1119 2175 1262 2251 interna
1275 2175 1509 2274 inquisitione
1523 2177 1642 2252 dison-

418 2299 549 2384 tere,et
560 2315 582 2363 a
594 2289 756 2388 partibus
769 2289 950 2365 subtiliter
963 2313 1111 2388 querere
1123 2289 1324 2378 veritatem,
1340 2315 1388 2364 an
1405 2289 1501 2364 sicut
1518 2287 1641 2388 petitio

417 2407 496 2484 eius
513 2402 682 2493 continet,
698 2402 920 2478 transmissis
937 2401 1079 2478 clericis
1099 2428 1120 2476 a
1138 2402 1345 2479 memoratis
1362 2403 1546 2502 episcopis,
1563 2429 1637 2478 una

419 2542 502 2594 oum
519 2515 723 2592 hominibus
740 2513 886 2612 gloriosi
904 2513 1094 2606 comitioli,
1110 2515 1152 2592 de
1170 2515 1322 2593 eeclesia
1339 2516 1448 2592 luerit
1463 2517 1640 2593 violenter
1777 2595 1778 2610 ,

418 2631 630 2708 abstractus.
646 2629 715 2718 Qui
734 2630 818 2704 dum
837 2627 952 2703 multa
968 2640 1091 2706 eontra
1109 2654 1146 2705 se
1163 2631 1321 2706 invicem
1346 2629 1443 2706 siout
1466 2639 1571 2727 gesta
1591 2641 1642 2707 te-

423 2753 567 2820 stantur
591 2741 781 2832 obicerent,
801 2742 847 2816 ad
863 2741 1102 2818 conclusionis
1127 2753 1278 2842 utreque
1302 2753 1422 2843 partes
1446 2744 1640 2820 terminum

423 2867 676 2960 pervenerunt,
688 2865 849 2954 petentes
862 2882 919 2932 me
932 2857 974 2932 de
987 2856 1125 2954 agnitis
1138 2856 1298 2932 iudicare
1312 2855 1448 2932 debere.
1462 2857 1564 2932 Unde
1576 2856 1641 2931 sol-

419 2971 519 3047 licite
535 2994 615 3068 quae
631 2979 712 3045 aeta
729 2979 815 3043 sunt
832 2967 1007 3066 relegens,
1024 2980 1061 3046 et
1085 2969 1276 3044 veritatem
1301 2968 1468 3066 diligenti
1493 2969 1642 3045 investi·

419 3085 565 3183 gatione
582 3082 803 3182 perquirens,
819 3082 955 3175 nullam
969 3083 1007 3156 in
1020 3083 1200 3158 antedicto
1212 3082 1378 3157 Ianuario
1391 3083 1546 3180 culpam,
1559 3106 1638 3180 quae
1778 3117 1779 3158 ῑ

420 3197 527 3274 exilio
543 3197 604 3273 vel
619 3196 834 3295 depositione
852 3195 973 3294 puniri
990 3197 1102 3292 digna
1119 3221 1196 3272 esse
1213 3196 1274 3272 sod
1292 3197 1410 3292 magis
1427 3197 1582 3272 eiectum
1600 3197 1639 3270 il·

422 3311 498 3386 lum
517 3311 560 3387 de
578 3309 739 3385 aecolesia
756 3309 971 3386 deviolenter
988 3309 1122 3386 inveni.
1140 3313 1186 3384 Et
1203 3334 1420 3408 quamquam
1437 3309 1639 3385 huiusmodi

420 3423 659 3500 temeritatem
672 3422 798 3520 legum
808 3447 960 3498 censura
973 3423 1174 3498 districtius
1187 3425 1305 3515 feriat,
1313 3447 1379 3520 ogo
1388 3433 1510 3499 tamen
1519 3425 1640 3522 legum

420 3539 583 3634 vigorem
600 3536 810 3614 sacerdotali
828 3537 1066 3612 moderatione
1083 3545 1286 3634 temperans
1312 3536 1439 3612 mediis
1463 3562 1642 3613 sacrosan·

420 3651 490 3728 otis
507 3649 707 3746 evangeliis
724 3650 854 3748 quibus
871 3650 1105 3749 praesentibus
1130 3650 1174 3724 ab
1198 3649 1302 3724 initio
1325 3649 1364 3723 in
1388 3649 1455 3725 hoo
1479 3651 1641 3747 cognitor

423 3764 537 3841 resedi
553 3764 697 3855 iudicio,
715 3788 755 3840 ea
774 3788 843 3863 qne
860 3775 984 3840 eontra
1001 3789 1083 3839 eum
1098 3773 1233 3839 statuta
1246 3773 1342 3853 sunt,
1355 3763 1440 3840 licet
1451 3765 1552 3840 nullo
1564 3766 1641 3840 iuro

353 3885 356 3892 '
421 3887 626 3968 teneantur,
643 3902 709 3954 neo
726 3878 882 3954 alieuius
899 3878 1069 3954 momenti
1086 3878 1161 3953 sint
1176 3877 1319 3953 infirma
1342 3887 1463 3953 tamen
1488 3888 1525 3954 et
1542 3877 1642 3954 iuxta

420 4015 499 4067 esse
515 3990 715 4088 pronuntio.
734 3996 851 4090 Atque
868 4003 1080 4068 memoratos
1093 3993 1143 4068 ill.
1156 4001 1193 4068 ot
1205 3993 1256 4066 ill.
1269 3993 1458 4091 episcopos,
1471 3995 1534 4092 qui
1551 4007 1640 4094 post·

423 4104 536 4202 posita
546 4103 753 4178 sacerdotali
768 4104 1061 4196 consideratione,
1075 4106 1112 4179 in
1126 4106 1248 4180 fratris
1261 4106 1317 4180 sui
1333 4106 1640 4207 preiudicioatque
1778 4155 1779 4194 1

422 4217 649 4292 damnatione
666 4217 799 4294 iniusto
816 4228 853 4293 et
868 4229 992 4294 contra
1014 4219 1079 4294 Dei
1105 4219 1269 4294 timorem
1292 4220 1425 4294 versati
1450 4231 1538 4296 sunt
1562 4245 1641 4298 con·
1778 4255 1779 4260 ¹

423 4329 606 4429 dampnas,
623 4329 661 4403 in
679 4331 892 4407 monasterio
909 4330 1128 4430 recipiendos
1144 4331 1189 4406 ad
1214 4331 1390 4427 agendam
1407 4333 1639 4430 penitentiam
1778 4403 1779 4410 ,

425 4453 544 4522 statuo
560 4452 668 4546 atque
684 4445 843 4540 decerno.
861 4445 968 4524 Illum
986 4469 1071 4521 vero
1088 4446 1148 4549 qni
1167 4446 1283 4524 locum
1300 4445 1473 4526 antedicti
1495 4448 1641 4526 sanctis
1778 4465 1779 4478 ¹
