3638 5294
738 407 779 426 -
803 376 867 441 471
894 411 936 428 -

749 527 917 614 OXLIIII.

470 705 686 758 valentiniani
705 704 881 760 Theodosii
898 705 1051 760 Archadii
1068 718 1141 772 cap.
1160 709 1195 760 L.

321 838 501 913 Continuo
517 839 598 935 lege
615 839 797 914 sancimus
818 851 860 915 ut
883 841 1008 916 nullus
1026 842 1290 943 Episcoporum,
1310 843 1369 920 vel
1389 866 1445 918 eo·

226 975 306 1024 rum
336 951 399 1048 qui
429 951 600 1026 acclesiae
620 953 895 1028 necessitatibus
919 955 1107 1029 servimini
1130 957 1175 1030 ad
1203 955 1338 1031 iudicia
1366 956 1443 1031 sive

225 1063 483 1139 ordinariorum
501 1064 674 1139 iudicium
692 1067 955 1164 protrahantur,
971 1067 1105 1143 habent
1124 1068 1180 1140 illi
1197 1092 1280 1144 suos
1295 1069 1443 1160 iudices,

226 1199 292 1250 neo
309 1176 501 1276 quicquam
517 1175 575 1251 his
592 1177 746 1275 publicis
763 1201 1053 1256 commonacum
1071 1181 1223 1279 legibus.

770 1341 900 1428 oliv.

337 1491 387 1541 Ex
406 1492 436 1542 11
459 1491 543 1544 libro
560 1489 779 1544 institutorum
798 1491 1005 1557 imperatoris
1024 1493 1190 1548 Iustiniani
1208 1505 1280 1560 cap.
1300 1495 1334 1544 L.

319 1624 468 1699 Nullius
484 1635 605 1700 autem
622 1633 708 1699 sunt
725 1651 780 1700 100
793 1651 894 1702 00010
906 1637 941 1702 01
955 1628 1121 1724 religiose
1137 1639 1173 1703 01
1185 1639 1328 1704 0011010.
1342 1629 1442 1716 Quod

223 1739 319 1814 enim
332 1739 447 1814 divini
464 1739 555 1844 iuris
573 1749 637 1828 est,
654 1739 691 1815 id
707 1739 847 1814 nullius
863 1740 902 1814 in
919 1741 1021 1814 bonis
1034 1751 1097 1817 est.
1113 1745 1232 1817 Sacra
1248 1751 1346 1830 sunt,
1362 1766 1442 1839 quae

228 1851 295 1927 rite
309 1861 345 1926 ct
358 1876 418 1948 per
432 1855 617 1950 pontifices
630 1855 702 1928 Deo
719 1865 924 1930 consecrata
941 1865 1035 1929 sunt.
1054 1855 1178 1931 Veluti
1194 1858 1277 1931 edos
1293 1880 1393 1931 sacre
1406 1865 1443 1930 et

223 1964 324 2054 dona,
341 1989 421 2063 quae
438 1965 505 2041 rite
522 1967 567 2041 ad
585 1967 823 2042 ministerium
841 1967 907 2040 Dei
931 1967 1093 2042 dedicata
1110 1978 1205 2042 sunt.
1222 1972 1309 2055 ouae
1333 1968 1442 2042 etiam

225 2099 288 2174 por
304 2088 462 2153 nostram
480 2079 771 2154 constitutionem
788 2079 939 2154 alienari
956 2091 992 2155 et
1016 2079 1169 2176 obligari
1195 2080 1442 2178 prohibuimus

227 2202 374 2290 excepta
393 2193 632 2293 redemptione
650 2194 885 2290 captivorum.
899 2194 938 2267 Si
956 2191 1037 2292 quis
1053 2218 1138 2269 vero
1150 2195 1363 2270 auctoritato
1380 2219 1446 2268 sna

227 2305 330 2402 quasi
347 2331 488 2382 sacrum
508 2306 576 2380 sibi
593 2306 830 2397 constituerit,
847 2333 991 2382 sacrum
1004 2331 1075 2382 non
1088 2319 1153 2397 est,
1165 2308 1227 2383 sed
1244 2309 1442 2406 profanum.

222 2421 338 2494 Locus
355 2429 476 2494 autem
494 2420 532 2493 in
551 2444 620 2518 quo
637 2445 738 2496 sacre
754 2421 836 2496 edes
852 2421 1015 2495 edificate
1033 2431 1127 2495 sunt.
1145 2423 1286 2496 Sanctae
1303 2444 1442 2518 quoque

224 2555 281 2607 100
293 2533 407 2608 veluti
422 2533 516 2606 muri
530 2543 567 2608 et
582 2543 690 2632 porte,
701 2533 955 2630 quodammodo
968 2532 1082 2608 divini
1095 2532 1185 2606 iuris
1201 2542 1299 2622 sunt,
1311 2543 1348 2607 et
1364 2533 1441 2606 ideo

224 2643 361 2719 nullius
379 2645 417 2718 in
434 2645 535 2722 bonis
548 2655 643 2720 sunt.
652 2647 732 2721 Ideo
745 2656 865 2720 autem
883 2669 1004 2720 muros
1021 2655 1163 2720 00110100
1179 2645 1344 2736 dicimus
1357 2646 1442 2744 quia

223 2780 314 2854 pena
323 2758 451 2856 capitis
460 2758 655 2834 constituta
664 2759 712 2833 sit
721 2759 760 2832 in
769 2781 828 2834 eos
841 2759 903 2856 qui
913 2759 1049 2857 aliquid
1058 2758 1096 2832 in
1106 2781 1209 2834 muro
1217 2758 1440 2857 deliquerint.

758 2923 907 3010 olivi.

445 3071 494 3120 Ex
513 3070 527 3120 1
544 3069 600 3123 lib.
621 3081 693 3135 cap.
713 3069 826 3122 Karoii
845 3069 879 3121 et
895 3070 981 3156 unici
998 3068 1211 3134 imperatoris.

319 3209 509 3282 Sacrorum
527 3229 704 3281 canonum
722 3228 791 3281 non
809 3205 941 3300 ignari,
958 3205 1055 3279 utin
1073 3204 1139 3280 Dei
1157 3205 1299 3282 nomine
1316 3215 1442 3282 sancta

224 3317 376 3396 00010010
394 3341 459 3392 suo
475 3317 622 3393 liberius
644 3319 799 3416 potiatur
823 3317 965 3407 honore,
981 3343 1168 3395 assensum
1185 3319 1300 3394 ordini
1321 3323 1443 3397 aeccle·

224 3434 369 3510 siastioo
386 3433 594 3532 praebemus,
614 3442 654 3506 ut
678 3431 818 3508 scilicet
835 3432 999 3530 Episcopi
1017 3455 1078 3530 per
1095 3431 1303 3507 electionem
1320 3433 1443 3509 clerici

224 3558 259 3625 01
280 3549 411 3647 populi,
432 3547 628 3622 secundum
654 3555 790 3622 statuta
813 3570 990 3621 canonum
1008 3545 1051 3621 de
1069 3546 1209 3643 propria
1233 3545 1374 3637 diocesi,
1391 3572 1442 3622 10·

223 3672 318 3737 mota
343 3685 574 3760 personarum
600 3670 636 3736 01
660 3685 851 3735 munerum
876 3659 1091 3757 acceptione,
1107 3659 1150 3733 ob
1175 3659 1250 3734 vite
1277 3660 1444 3734 meritum

224 3785 260 3852 01
277 3776 460 3874 sapientia
476 3776 606 3854 donum
626 3774 822 3872 eligantur,
834 3781 876 3848 ut
892 3773 1051 3873 exemplo
1067 3782 1103 3849 et
1119 3772 1225 3850 verbo
1242 3773 1309 3848 sibi
1326 3773 1443 3850 subie-

225 3889 294 3966 ctis
311 3913 424 3988 usque
442 3912 583 3988 quaque
599 3889 762 3988 prodesse
778 3887 933 3963 valeant.
1153 3882 1154 3885 '

750 4053 916 4138 oxivss.

688 4207 771 4260 item
790 4219 832 4260 ex
850 4205 975 4259 eodem.

275 4397 277 4401 -
317 4339 410 4430 Quia
426 4341 527 4417 iuxta
544 4351 748 4418 sanctorum
769 4351 913 4442 patrum
938 4339 1166 4417 traditionem
1191 4341 1359 4416 novimus
1385 4367 1442 4418 100

223 4453 394 4530 acclesiae
411 4463 493 4530 vota
512 4455 671 4532 fidelium
688 4479 777 4548 esse,
789 4465 826 4531 et
842 4454 957 4553 pretia
975 4465 1214 4554 peccatorum,
1225 4466 1262 4532 et
1278 4457 1444 4556 patrimo
