<?xml version="1.0" encoding="UTF-8"?>
<!DOCTYPE html PUBLIC "-//W3C//DTD XHTML 1.0 Transitional//EN"
    "http://www.w3.org/TR/xhtml1/DTD/xhtml1-transitional.dtd">
<html xmlns="http://www.w3.org/1999/xhtml" xml:lang="en" lang="en">
 <head>
  <title>
</title>
<meta http-equiv="Content-Type" content="text/html;charset=utf-8" />
  <meta name='ocr-system' content='tesseract 3.04.00' />
  <meta name='ocr-capabilities' content='ocr_page ocr_carea ocr_par ocr_line ocrx_word'/>
</head>
<body>
  <div class='ocr_page' id='page_1' title='image "./deusdeditpresby00martgoog_0338.png"; bbox 0 0 3618 5316; ppageno 0'>
   <div class='ocr_carea' id='block_1_1' title="bbox 716 417 914 480">
    <p class='ocr_par' dir='ltr' id='par_1_1' title="bbox 716 417 914 480">
     <span class='ocr_line' id='line_1_1' title="bbox 716 417 914 480; baseline -0.01 0"><span class='ocrx_word' id='word_1_1' title='bbox 716 417 914 480; x_wconf 81' lang='lat'><strong>-313-</strong></span> 
     </span>
    </p>
   </div>
   <div class='ocr_carea' id='block_1_2' title="bbox 155 529 1424 860">
    <p class='ocr_par' dir='ltr' id='par_1_2' title="bbox 155 529 1424 860">
     <span class='ocr_line' id='line_1_2' title="bbox 205 529 1424 634; baseline 0.002 -24"><span class='ocrx_word' id='word_1_2' title='bbox 205 533 325 632; x_wconf 88' lang='lat' dir='ltr'>pserit,</span> <span class='ocrx_word' id='word_1_3' title='bbox 341 543 379 610; x_wconf 89' lang='lat' dir='ltr'>et</span> <span class='ocrx_word' id='word_1_4' title='bbox 394 533 457 632; x_wconf 92' lang='lat' dir='ltr'>qui</span> <span class='ocrx_word' id='word_1_5' title='bbox 473 534 534 609; x_wconf 88' lang='lat' dir='ltr'>dat</span> <span class='ocrx_word' id='word_1_6' title='bbox 550 543 587 610; x_wconf 88' lang='lat' dir='ltr'>et</span> <span class='ocrx_word' id='word_1_7' title='bbox 602 533 665 634; x_wconf 92' lang='lat' dir='ltr'>qui</span> <span class='ocrx_word' id='word_1_8' title='bbox 682 533 810 632; x_wconf 85' lang='lat' dir='ltr'>recipit</span> <span class='ocrx_word' id='word_1_9' title='bbox 825 529 960 610; x_wconf 89' lang='lat' dir='ltr'>eisdem</span> <span class='ocrx_word' id='word_1_10' title='bbox 978 536 1185 613; x_wconf 82' lang='lat' dir='ltr'>constitutis</span> <span class='ocrx_word' id='word_1_11' title='bbox 1197 535 1424 634; x_wconf 79' lang='lat' dir='ltr'><strong>percellatur.</strong></span> 
     </span>
     <span class='ocr_line' id='line_1_3' title="bbox 155 646 1424 746; baseline 0.006 -28"><span class='ocrx_word' id='word_1_12' title='bbox 155 736 162 746; x_wconf 18' lang='grc' dir='ltr'>ἢ</span> <span class='ocrx_word' id='word_1_13' title='bbox 204 647 304 734; x_wconf 87' lang='lat' dir='ltr'>Quod</span> <span class='ocrx_word' id='word_1_14' title='bbox 322 646 352 720; x_wconf 88' lang='lat' dir='ltr'>si</span> <span class='ocrx_word' id='word_1_15' title='bbox 371 673 485 746; x_wconf 90' lang='lat' dir='ltr'>neque</span> <span class='ocrx_word' id='word_1_16' title='bbox 501 647 554 723; x_wconf 91' lang='lat' dir='ltr'>sic</span> <span class='ocrx_word' id='word_1_17' title='bbox 571 647 774 737; x_wconf 85' lang='lat' dir='ltr'>correxerit,</span> <span class='ocrx_word' id='word_1_18' title='bbox 791 649 996 725; x_wconf 67' lang='lat' dir='ltr'>auctoritati</span> <span class='ocrx_word' id='word_1_19' title='bbox 1019 659 1056 726; x_wconf 84' lang='lat' dir='ltr'>et</span> <span class='ocrx_word' id='word_1_20' title='bbox 1072 650 1205 728; x_wconf 88' lang='lat' dir='ltr'>iudicio</span> <span class='ocrx_word' id='word_1_21' title='bbox 1221 660 1354 727; x_wconf 85' lang='lat' dir='ltr'>sanctae</span> <span class='ocrx_word' id='word_1_22' title='bbox 1372 677 1424 726; x_wconf 89' lang='lat' dir='ltr'>se·</span> 
     </span>
     <span class='ocr_line' id='line_1_4' title="bbox 204 759 995 860; baseline 0.003 -26"><span class='ocrx_word' id='word_1_23' title='bbox 204 759 259 834; x_wconf 92' lang='lat' dir='ltr'>dis</span> <span class='ocrx_word' id='word_1_24' title='bbox 275 761 476 860; x_wconf 76' lang='lat' dir='ltr'>apostolica</span> <span class='ocrx_word' id='word_1_25' title='bbox 495 761 605 837; x_wconf 90' lang='lat' dir='ltr'>modis</span> <span class='ocrx_word' id='word_1_26' title='bbox 622 761 787 838; x_wconf 89' lang='lat' dir='ltr'>omnibns</span> <span class='ocrx_word' id='word_1_27' title='bbox 804 760 995 838; x_wconf 89' lang='lat' dir='ltr'>subiaceat.</span> 
     </span>
    </p>
   </div>
   <div class='ocr_carea' id='block_1_3' title="bbox 710 961 913 1048">
    <p class='ocr_par' dir='ltr' id='par_1_3' title="bbox 710 961 913 1048">
     <span class='ocr_line' id='line_1_5' title="bbox 710 961 913 1048; baseline 0 0"><span class='ocrx_word' id='word_1_28' title='bbox 710 961 913 1048; x_wconf 75' lang='lat' dir='ltr'>exuvffll.</span> 
     </span>
    </p>
   </div>
   <div class='ocr_carea' id='block_1_4' title="bbox 614 1166 1008 1234">
    <p class='ocr_par' dir='ltr' id='par_1_4' title="bbox 614 1166 1008 1234">
     <span class='ocr_line' id='line_1_6' title="bbox 614 1166 1008 1234; baseline -0.005 -12"><span class='ocrx_word' id='word_1_29' title='bbox 614 1171 664 1222; x_wconf 77' lang='lat' dir='ltr'>Ex</span> <span class='ocrx_word' id='word_1_30' title='bbox 675 1177 808 1221; x_wconf 85' lang='lat' dir='ltr'>romano</span> <span class='ocrx_word' id='word_1_31' title='bbox 821 1166 1008 1234; x_wconf 81' lang='lat' dir='ltr'>pontificali.</span> 
     </span>
    </p>
   </div>
   <div class='ocr_carea' id='block_1_5' title="bbox 195 1329 1422 4624">
    <p class='ocr_par' dir='ltr' id='par_1_5' title="bbox 195 1329 1422 4624">
     <span class='ocr_line' id='line_1_7' title="bbox 302 1329 1422 1430; baseline 0.001 -26"><span class='ocrx_word' id='word_1_32' title='bbox 302 1329 484 1406; x_wconf 84' lang='lat' dir='ltr'>Adrianus</span> <span class='ocrx_word' id='word_1_33' title='bbox 501 1333 597 1429; x_wconf 90' lang='lat' dir='ltr'>Papa</span> <span class='ocrx_word' id='word_1_34' title='bbox 613 1329 769 1429; x_wconf 78' lang='lat' dir='ltr'>optinuit</span> <span class='ocrx_word' id='word_1_35' title='bbox 790 1353 811 1401; x_wconf 92' lang='lat' dir='ltr'>a</span> <span class='ocrx_word' id='word_1_36' title='bbox 829 1329 955 1405; x_wconf 84' lang='lat' dir='ltr'>Oarolo</span> <span class='ocrx_word' id='word_1_37' title='bbox 972 1353 1058 1426; x_wconf 84' lang='lat' dir='ltr'>rege</span> <span class='ocrx_word' id='word_1_38' title='bbox 1071 1331 1301 1421; x_wconf 86' lang='lat' dir='ltr'>Francorum,</span> <span class='ocrx_word' id='word_1_39' title='bbox 1314 1343 1350 1407; x_wconf 90' lang='lat' dir='ltr'>et</span> <span class='ocrx_word' id='word_1_40' title='bbox 1364 1357 1422 1430; x_wconf 91' lang='lat' dir='ltr'>pa·</span> 
     </span>
     <span class='ocr_line' id='line_1_8' title="bbox 209 1442 1421 1542; baseline 0.003 -26"><span class='ocrx_word' id='word_1_41' title='bbox 209 1442 312 1519; x_wconf 90' lang='lat' dir='ltr'>tricie</span> <span class='ocrx_word' id='word_1_42' title='bbox 329 1446 579 1533; x_wconf 89' lang='lat' dir='ltr'>Romanorum,</span> <span class='ocrx_word' id='word_1_43' title='bbox 596 1453 637 1518; x_wconf 94' lang='lat' dir='ltr'>ut</span> <span class='ocrx_word' id='word_1_44' title='bbox 658 1444 925 1542; x_wconf 87' lang='lat' dir='ltr'>promissionem</span> <span class='ocrx_word' id='word_1_45' title='bbox 943 1445 1040 1519; x_wconf 92' lang='lat' dir='ltr'>illam</span> <span class='ocrx_word' id='word_1_46' title='bbox 1059 1469 1166 1542; x_wconf 89' lang='lat' dir='ltr'>qnam</span> <span class='ocrx_word' id='word_1_47' title='bbox 1184 1445 1263 1520; x_wconf 89' lang='lat' dir='ltr'>eius</span> <span class='ocrx_word' id='word_1_48' title='bbox 1279 1447 1421 1542; x_wconf 84' lang='lat' dir='ltr'>genitor</span> 
     </span>
     <span class='ocr_line' id='line_1_9' title="bbox 204 1557 1420 1659; baseline 0.002 -28"><span class='ocrx_word' id='word_1_49' title='bbox 204 1558 354 1656; x_wconf 87' lang='lat' dir='ltr'>Pipinus</span> <span class='ocrx_word' id='word_1_50' title='bbox 372 1558 549 1656; x_wconf 90' lang='lat' dir='ltr'>quondam</span> <span class='ocrx_word' id='word_1_51' title='bbox 566 1561 652 1648; x_wconf 82' lang='lat' dir='ltr'>Rex,</span> <span class='ocrx_word' id='word_1_52' title='bbox 664 1567 701 1634; x_wconf 89' lang='lat' dir='ltr'>et</span> <span class='ocrx_word' id='word_1_53' title='bbox 713 1559 788 1657; x_wconf 92' lang='lat' dir='ltr'>ipse</span> <span class='ocrx_word' id='word_1_54' title='bbox 801 1557 1152 1659; x_wconf 77' lang='lat' dir='ltr'>praecellentissimus</span> <span class='ocrx_word' id='word_1_55' title='bbox 1170 1559 1320 1635; x_wconf 85' lang='lat' dir='ltr'>Carolus</span> <span class='ocrx_word' id='word_1_56' title='bbox 1337 1585 1420 1636; x_wconf 92' lang='lat' dir='ltr'>cum</span> 
     </span>
     <span class='ocr_line' id='line_1_10' title="bbox 201 1671 1417 1771; baseline 0.002 -25"><span class='ocrx_word' id='word_1_57' title='bbox 201 1695 266 1746; x_wconf 88' lang='lat' dir='ltr'>suo</span> <span class='ocrx_word' id='word_1_58' title='bbox 294 1695 466 1768; x_wconf 83' lang='lat' dir='ltr'>germano</span> <span class='ocrx_word' id='word_1_59' title='bbox 483 1671 719 1748; x_wconf 71' lang='lat' dir='ltr'>carlomanno</span> <span class='ocrx_word' id='word_1_60' title='bbox 744 1687 852 1771; x_wconf 87' lang='lat' dir='ltr'>atque</span> <span class='ocrx_word' id='word_1_61' title='bbox 880 1672 1045 1747; x_wconf 89' lang='lat' dir='ltr'>omnibus</span> <span class='ocrx_word' id='word_1_62' title='bbox 1073 1672 1253 1748; x_wconf 87' lang='lat' dir='ltr'>iudicibus</span> <span class='ocrx_word' id='word_1_63' title='bbox 1269 1675 1417 1749; x_wconf 83' lang='lat' dir='ltr'>Franco</span> 
     </span>
     <span class='ocr_line' id='line_1_11' title="bbox 203 1785 1420 1875; baseline 0.002 -15"><span class='ocrx_word' id='word_1_64' title='bbox 203 1812 295 1875; x_wconf 90' lang='lat' dir='ltr'>rum,</span> <span class='ocrx_word' id='word_1_65' title='bbox 312 1785 472 1860; x_wconf 82' lang='lat' dir='ltr'>fecerant</span> <span class='ocrx_word' id='word_1_66' title='bbox 495 1785 596 1861; x_wconf 83' lang='lat' dir='ltr'>beato</span> <span class='ocrx_word' id='word_1_67' title='bbox 613 1789 718 1861; x_wconf 89' lang='lat' dir='ltr'>Petro</span> <span class='ocrx_word' id='word_1_68' title='bbox 743 1795 780 1861; x_wconf 90' lang='lat' dir='ltr'>et</span> <span class='ocrx_word' id='word_1_69' title='bbox 808 1786 887 1862; x_wconf 89' lang='lat' dir='ltr'>eius</span> <span class='ocrx_word' id='word_1_70' title='bbox 903 1786 1050 1860; x_wconf 91' lang='lat' dir='ltr'>Vicario</span> <span class='ocrx_word' id='word_1_71' title='bbox 1078 1796 1212 1862; x_wconf 79' lang='lat' dir='ltr'>sanctae</span> <span class='ocrx_word' id='word_1_72' title='bbox 1241 1788 1420 1862; x_wconf 78' lang='lat' dir='ltr'>memoriae</span> 
     </span>
     <span class='ocr_line' id='line_1_12' title="bbox 202 1899 1421 1999; baseline 0.002 -25"><span class='ocrx_word' id='word_1_73' title='bbox 202 1900 328 1975; x_wconf 90' lang='lat' dir='ltr'>domno</span> <span class='ocrx_word' id='word_1_74' title='bbox 348 1899 529 1997; x_wconf 85' lang='lat' dir='ltr'>Stephano</span> <span class='ocrx_word' id='word_1_75' title='bbox 545 1899 678 1973; x_wconf 90' lang='lat' dir='ltr'>iuniori</span> <span class='ocrx_word' id='word_1_76' title='bbox 695 1902 811 1998; x_wconf 75' lang='lat' dir='ltr'>Papae,</span> <span class='ocrx_word' id='word_1_77' title='bbox 824 1900 964 1998; x_wconf 92' lang='lat' dir='ltr'>quando</span> <span class='ocrx_word' id='word_1_78' title='bbox 978 1899 1168 1974; x_wconf 87' lang='lat' dir='ltr'>Franciam</span> <span class='ocrx_word' id='word_1_79' title='bbox 1187 1903 1342 1998; x_wconf 85' lang='lat' dir='ltr'>perrexit</span> <span class='ocrx_word' id='word_1_80' title='bbox 1359 1925 1421 1999; x_wconf 89' lang='lat' dir='ltr'>pro</span> 
     </span>
     <span class='ocr_line' id='line_1_13' title="bbox 206 2011 1420 2090; baseline -0.001 -1"><span class='ocrx_word' id='word_1_81' title='bbox 206 2013 441 2090; x_wconf 84' lang='lat' dir='ltr'>concedendis</span> <span class='ocrx_word' id='word_1_82' title='bbox 465 2011 618 2087; x_wconf 82' lang='lat' dir='ltr'>diversis</span> <span class='ocrx_word' id='word_1_83' title='bbox 646 2011 855 2087; x_wconf 88' lang='lat' dir='ltr'>civitatibus</span> <span class='ocrx_word' id='word_1_84' title='bbox 884 2039 927 2090; x_wconf 84' lang='lat' dir='ltr'>ac</span> <span class='ocrx_word' id='word_1_85' title='bbox 956 2014 1144 2089; x_wconf 85' lang='lat' dir='ltr'>territoriis</span> <span class='ocrx_word' id='word_1_86' title='bbox 1177 2014 1283 2088; x_wconf 90' lang='lat' dir='ltr'>istius</span> <span class='ocrx_word' id='word_1_87' title='bbox 1307 2015 1420 2090; x_wconf 77' lang='lat' dir='ltr'>Italiae</span> 
     </span>
     <span class='ocr_line' id='line_1_14' title="bbox 204 2125 1421 2225; baseline 0 -25"><span class='ocrx_word' id='word_1_88' title='bbox 204 2125 407 2225; x_wconf 81' lang='lat' dir='ltr'>provinciae,</span> <span class='ocrx_word' id='word_1_89' title='bbox 428 2135 464 2201; x_wconf 91' lang='lat' dir='ltr'>et</span> <span class='ocrx_word' id='word_1_90' title='bbox 481 2125 729 2201; x_wconf 89' lang='lat' dir='ltr'>contradendis</span> <span class='ocrx_word' id='word_1_91' title='bbox 753 2126 854 2201; x_wconf 91' lang='lat' dir='ltr'>beato</span> <span class='ocrx_word' id='word_1_92' title='bbox 879 2127 984 2200; x_wconf 92' lang='lat' dir='ltr'>Petro</span> <span class='ocrx_word' id='word_1_93' title='bbox 1007 2127 1156 2224; x_wconf 89' lang='lat' dir='ltr'>eiusque</span> <span class='ocrx_word' id='word_1_94' title='bbox 1180 2126 1344 2202; x_wconf 87' lang='lat' dir='ltr'>omnibus</span> <span class='ocrx_word' id='word_1_95' title='bbox 1368 2127 1421 2200; x_wconf 83' lang='lat' dir='ltr'>ui·</span> 
     </span>
     <span class='ocr_line' id='line_1_15' title="bbox 202 2238 1420 2340; baseline -0.002 -24"><span class='ocrx_word' id='word_1_96' title='bbox 202 2240 311 2316; x_wconf 86' lang='lat' dir='ltr'>cariis</span> <span class='ocrx_word' id='word_1_97' title='bbox 324 2239 586 2340; x_wconf 87' lang='lat' dir='ltr'>imperpetuum</span> <span class='ocrx_word' id='word_1_98' title='bbox 604 2238 833 2337; x_wconf 88' lang='lat' dir='ltr'>possidendis,</span> <span class='ocrx_word' id='word_1_99' title='bbox 844 2239 1055 2340; x_wconf 89' lang='lat' dir='ltr'>adimpleret</span> <span class='ocrx_word' id='word_1_100' title='bbox 1071 2239 1108 2312; x_wconf 91' lang='lat' dir='ltr'>in</span> <span class='ocrx_word' id='word_1_101' title='bbox 1126 2240 1300 2315; x_wconf 90' lang='lat' dir='ltr'>omnibus.</span> <span class='ocrx_word' id='word_1_102' title='bbox 1314 2240 1420 2316; x_wconf 84' lang='lat' dir='ltr'>Cum·</span> 
     </span>
     <span class='ocr_line' id='line_1_16' title="bbox 203 2351 1420 2452; baseline -0.002 -24"><span class='ocrx_word' id='word_1_103' title='bbox 203 2379 273 2452; x_wconf 93' lang='lat' dir='ltr'>que</span> <span class='ocrx_word' id='word_1_104' title='bbox 303 2353 415 2452; x_wconf 87' lang='lat' dir='ltr'>ipsam</span> <span class='ocrx_word' id='word_1_105' title='bbox 444 2351 711 2452; x_wconf 88' lang='lat' dir='ltr'>promissionem</span> <span class='ocrx_word' id='word_1_106' title='bbox 737 2377 817 2451; x_wconf 84' lang='lat' dir='ltr'>quae</span> <span class='ocrx_word' id='word_1_107' title='bbox 834 2352 996 2428; x_wconf 74' lang='lat' dir='ltr'>Francia</span> <span class='ocrx_word' id='word_1_108' title='bbox 1020 2352 1058 2427; x_wconf 92' lang='lat' dir='ltr'>in</span> <span class='ocrx_word' id='word_1_109' title='bbox 1083 2353 1159 2428; x_wconf 87' lang='lat' dir='ltr'>loco</span> <span class='ocrx_word' id='word_1_110' title='bbox 1183 2354 1246 2452; x_wconf 92' lang='lat' dir='ltr'>qui</span> <span class='ocrx_word' id='word_1_111' title='bbox 1272 2362 1420 2429; x_wconf 88' lang='lat' dir='ltr'>vocatur</span> 
     </span>
     <span class='ocr_line' id='line_1_17' title="bbox 204 2463 1421 2564; baseline -0.002 -21"><span class='ocrx_word' id='word_1_112' title='bbox 204 2466 410 2543; x_wconf 81' lang='lat' dir='ltr'>Carisiaeus</span> <span class='ocrx_word' id='word_1_113' title='bbox 427 2467 523 2543; x_wconf 82' lang='lat' dir='ltr'>iacta</span> <span class='ocrx_word' id='word_1_114' title='bbox 540 2475 594 2541; x_wconf 90' lang='lat' dir='ltr'>est</span> <span class='ocrx_word' id='word_1_115' title='bbox 611 2465 677 2541; x_wconf 92' lang='lat' dir='ltr'>sibi</span> <span class='ocrx_word' id='word_1_116' title='bbox 696 2463 809 2561; x_wconf 83' lang='lat' dir='ltr'>relegi</span> <span class='ocrx_word' id='word_1_117' title='bbox 831 2464 985 2554; x_wconf 87' lang='lat' dir='ltr'>fecisset,</span> <span class='ocrx_word' id='word_1_118' title='bbox 1002 2465 1296 2564; x_wconf 84' lang='lat' dir='ltr'>complacuerunt</span> <span class='ocrx_word' id='word_1_119' title='bbox 1312 2465 1368 2540; x_wconf 92' lang='lat' dir='ltr'>illi</span> <span class='ocrx_word' id='word_1_120' title='bbox 1384 2475 1421 2541; x_wconf 92' lang='lat' dir='ltr'>et</span> 
     </span>
     <span class='ocr_line' id='line_1_18' title="bbox 201 2579 1420 2680; baseline 0.002 -26"><span class='ocrx_word' id='word_1_121' title='bbox 201 2580 380 2656; x_wconf 87' lang='lat' dir='ltr'>iudicibus</span> <span class='ocrx_word' id='word_1_122' title='bbox 401 2580 479 2656; x_wconf 88' lang='lat' dir='ltr'>eius</span> <span class='ocrx_word' id='word_1_123' title='bbox 503 2580 623 2654; x_wconf 87' lang='lat' dir='ltr'>omnia</span> <span class='ocrx_word' id='word_1_124' title='bbox 649 2605 728 2679; x_wconf 85' lang='lat' dir='ltr'>quae</span> <span class='ocrx_word' id='word_1_125' title='bbox 757 2579 889 2656; x_wconf 91' lang='lat' dir='ltr'>ibidem</span> <span class='ocrx_word' id='word_1_126' title='bbox 919 2589 1022 2656; x_wconf 86' lang='lat' dir='ltr'>orant</span> <span class='ocrx_word' id='word_1_127' title='bbox 1049 2605 1203 2672; x_wconf 81' lang='lat' dir='ltr'>annexa,</span> <span class='ocrx_word' id='word_1_128' title='bbox 1219 2591 1255 2656; x_wconf 90' lang='lat' dir='ltr'>et</span> <span class='ocrx_word' id='word_1_129' title='bbox 1278 2581 1420 2680; x_wconf 89' lang='lat' dir='ltr'>propria</span> 
     </span>
     <span class='ocr_line' id='line_1_19' title="bbox 202 2693 1420 2794; baseline 0.002 -26"><span class='ocrx_word' id='word_1_130' title='bbox 202 2695 398 2786; x_wconf 89' lang='lat' dir='ltr'>voluntate,</span> <span class='ocrx_word' id='word_1_131' title='bbox 413 2697 504 2772; x_wconf 88' lang='lat' dir='ltr'>bono</span> <span class='ocrx_word' id='word_1_132' title='bbox 527 2721 571 2772; x_wconf 91' lang='lat' dir='ltr'>ac</span> <span class='ocrx_word' id='word_1_133' title='bbox 596 2695 721 2771; x_wconf 87' lang='lat' dir='ltr'>libenti</span> <span class='ocrx_word' id='word_1_134' title='bbox 739 2695 859 2768; x_wconf 88' lang='lat' dir='ltr'>animo</span> <span class='ocrx_word' id='word_1_135' title='bbox 876 2693 984 2768; x_wconf 90' lang='lat' dir='ltr'>aliam</span> <span class='ocrx_word' id='word_1_136' title='bbox 1003 2693 1203 2770; x_wconf 88' lang='lat' dir='ltr'>donationis</span> <span class='ocrx_word' id='word_1_137' title='bbox 1220 2695 1420 2794; x_wconf 89' lang='lat' dir='ltr'>promissio-</span> 
     </span>
     <span class='ocr_line' id='line_1_20' title="bbox 203 2807 1420 2907; baseline 0 -23"><span class='ocrx_word' id='word_1_138' title='bbox 203 2833 285 2885; x_wconf 90' lang='lat' dir='ltr'>nem</span> <span class='ocrx_word' id='word_1_139' title='bbox 298 2809 343 2884; x_wconf 88' lang='lat' dir='ltr'>ad</span> <span class='ocrx_word' id='word_1_140' title='bbox 355 2809 469 2885; x_wconf 85' lang='lat' dir='ltr'>instar</span> <span class='ocrx_word' id='word_1_141' title='bbox 481 2809 681 2899; x_wconf 89' lang='lat' dir='ltr'>anterioris,</span> <span class='ocrx_word' id='word_1_142' title='bbox 694 2808 770 2907; x_wconf 91' lang='lat' dir='ltr'>ipse</span> <span class='ocrx_word' id='word_1_143' title='bbox 786 2807 991 2882; x_wconf 88' lang='lat' dir='ltr'>antedictus</span> <span class='ocrx_word' id='word_1_144' title='bbox 1008 2807 1371 2907; x_wconf 74' lang='lat' dir='ltr'>precellentissimus,</span> <span class='ocrx_word' id='word_1_145' title='bbox 1383 2818 1420 2884; x_wconf 93' lang='lat' dir='ltr'>et</span> 
     </span>
     <span class='ocr_line' id='line_1_21' title="bbox 200 2917 1418 3012; baseline -0.001 -15"><span class='ocrx_word' id='word_1_146' title='bbox 200 2947 325 3000; x_wconf 88' lang='lat' dir='ltr'>revera</span> <span class='ocrx_word' id='word_1_147' title='bbox 343 2923 666 2998; x_wconf 86' lang='lat' dir='ltr'>christianissimus</span> <span class='ocrx_word' id='word_1_148' title='bbox 679 2920 828 2998; x_wconf 79' lang='lat' dir='ltr'>Carolus</span> <span class='ocrx_word' id='word_1_149' title='bbox 843 2923 1062 2997; x_wconf 88' lang='lat' dir='ltr'>Francorum</span> <span class='ocrx_word' id='word_1_150' title='bbox 1081 2947 1144 3000; x_wconf 88' lang='lat' dir='ltr'>rex</span> <span class='ocrx_word' id='word_1_151' title='bbox 1158 2917 1288 2997; x_wconf 87' lang='lat' dir='ltr'>ascribi</span> <span class='ocrx_word' id='word_1_152' title='bbox 1302 2922 1418 3012; x_wconf 89' lang='lat' dir='ltr'>iussit,</span> 
     </span>
     <span class='ocr_line' id='line_1_22' title="bbox 199 3035 1417 3135; baseline -0.003 -21"><span class='ocrx_word' id='word_1_153' title='bbox 199 3048 235 3114; x_wconf 89' lang='lat' dir='ltr'>et</span> <span class='ocrx_word' id='word_1_154' title='bbox 252 3061 314 3135; x_wconf 87' lang='lat' dir='ltr'>per</span> <span class='ocrx_word' id='word_1_155' title='bbox 330 3035 520 3111; x_wconf 89' lang='lat' dir='ltr'>Etherinm</span> <span class='ocrx_word' id='word_1_156' title='bbox 543 3035 752 3132; x_wconf 80' lang='lat' dir='ltr'>religiosum</span> <span class='ocrx_word' id='word_1_157' title='bbox 771 3058 813 3110; x_wconf 92' lang='lat' dir='ltr'>ac</span> <span class='ocrx_word' id='word_1_158' title='bbox 831 3036 1149 3132; x_wconf 91' lang='lat' dir='ltr'>prudentissimum</span> <span class='ocrx_word' id='word_1_159' title='bbox 1167 3035 1417 3134; x_wconf 87' lang='lat' dir='ltr'>cappellanum</span> 
     </span>
     <span class='ocr_line' id='line_1_23' title="bbox 201 3147 1418 3240; baseline -0.003 -14"><span class='ocrx_word' id='word_1_160' title='bbox 201 3161 237 3226; x_wconf 93' lang='lat' dir='ltr'>et</span> <span class='ocrx_word' id='word_1_161' title='bbox 252 3151 432 3226; x_wconf 88' lang='lat' dir='ltr'>notarium</span> <span class='ocrx_word' id='word_1_162' title='bbox 446 3175 564 3240; x_wconf 89' lang='lat' dir='ltr'>suum,</span> <span class='ocrx_word' id='word_1_163' title='bbox 576 3149 638 3224; x_wconf 87' lang='lat' dir='ltr'>ubi</span> <span class='ocrx_word' id='word_1_164' title='bbox 652 3147 829 3225; x_wconf 89' lang='lat' dir='ltr'>concessit</span> <span class='ocrx_word' id='word_1_165' title='bbox 846 3151 987 3226; x_wconf 88' lang='lat' dir='ltr'>easdem</span> <span class='ocrx_word' id='word_1_166' title='bbox 1006 3151 1173 3228; x_wconf 89' lang='lat' dir='ltr'>civitates</span> <span class='ocrx_word' id='word_1_167' title='bbox 1190 3159 1226 3226; x_wconf 91' lang='lat' dir='ltr'>et</span> <span class='ocrx_word' id='word_1_168' title='bbox 1239 3151 1418 3225; x_wconf 86' lang='lat' dir='ltr'>territoria</span> 
     </span>
     <span class='ocr_line' id='line_1_24' title="bbox 198 3262 1416 3363; baseline -0.002 -24"><span class='ocrx_word' id='word_1_169' title='bbox 198 3263 300 3340; x_wconf 88' lang='lat' dir='ltr'>beato</span> <span class='ocrx_word' id='word_1_170' title='bbox 327 3269 442 3354; x_wconf 90' lang='lat' dir='ltr'>Petro,</span> <span class='ocrx_word' id='word_1_171' title='bbox 467 3287 597 3363; x_wconf 83' lang='lat' dir='ltr'>easque</span> <span class='ocrx_word' id='word_1_172' title='bbox 628 3263 808 3362; x_wconf 86' lang='lat' dir='ltr'>praephato</span> <span class='ocrx_word' id='word_1_173' title='bbox 839 3262 1003 3339; x_wconf 87' lang='lat' dir='ltr'>Pontifici</span> <span class='ocrx_word' id='word_1_174' title='bbox 1034 3263 1195 3340; x_wconf 90' lang='lat' dir='ltr'>contradi</span> <span class='ocrx_word' id='word_1_175' title='bbox 1220 3263 1416 3361; x_wconf 90' lang='lat' dir='ltr'>spopondit,</span> 
     </span>
     <span class='ocr_line' id='line_1_25' title="bbox 197 3373 1416 3476; baseline -0.001 -26"><span class='ocrx_word' id='word_1_176' title='bbox 197 3401 259 3476; x_wconf 91' lang='lat' dir='ltr'>per</span> <span class='ocrx_word' id='word_1_177' title='bbox 275 3377 503 3474; x_wconf 87' lang='lat' dir='ltr'>designatum</span> <span class='ocrx_word' id='word_1_178' title='bbox 521 3376 709 3452; x_wconf 87' lang='lat' dir='ltr'>confinivit</span> <span class='ocrx_word' id='word_1_179' title='bbox 725 3377 821 3455; x_wconf 92' lang='lat' dir='ltr'>sicut</span> <span class='ocrx_word' id='word_1_180' title='bbox 834 3373 872 3450; x_wconf 92' lang='lat' dir='ltr'>in</span> <span class='ocrx_word' id='word_1_181' title='bbox 890 3377 1012 3453; x_wconf 87' lang='lat' dir='ltr'>eadem</span> <span class='ocrx_word' id='word_1_182' title='bbox 1030 3377 1216 3452; x_wconf 89' lang='lat' dir='ltr'>donatione</span> <span class='ocrx_word' id='word_1_183' title='bbox 1234 3376 1416 3451; x_wconf 89' lang='lat' dir='ltr'>continere</span> 
     </span>
     <span class='ocr_line' id='line_1_26' title="bbox 199 3488 1418 3578; baseline -0.002 -13"><span class='ocrx_word' id='word_1_184' title='bbox 199 3500 431 3578; x_wconf 87' lang='lat' dir='ltr'>monstratur,</span> <span class='ocrx_word' id='word_1_185' title='bbox 446 3491 531 3566; x_wconf 92' lang='lat' dir='ltr'>inde</span> <span class='ocrx_word' id='word_1_186' title='bbox 542 3491 668 3564; x_wconf 89' lang='lat' dir='ltr'>Alunii</span> <span class='ocrx_word' id='word_1_187' title='bbox 686 3515 768 3566; x_wconf 90' lang='lat' dir='ltr'>cum</span> <span class='ocrx_word' id='word_1_188' title='bbox 787 3491 908 3566; x_wconf 87' lang='lat' dir='ltr'>insula</span> <span class='ocrx_word' id='word_1_189' title='bbox 926 3489 1082 3576; x_wconf 83' lang='lat' dir='ltr'>Corsica,</span> <span class='ocrx_word' id='word_1_190' title='bbox 1098 3489 1226 3564; x_wconf 91' lang='lat' dir='ltr'>deinde</span> <span class='ocrx_word' id='word_1_191' title='bbox 1242 3489 1281 3562; x_wconf 92' lang='lat' dir='ltr'>in</span> <span class='ocrx_word' id='word_1_192' title='bbox 1295 3488 1418 3562; x_wconf 88' lang='lat' dir='ltr'>Suria·</span> 
     </span>
     <span class='ocr_line' id='line_1_27' title="bbox 197 3601 1416 3696; baseline 0 -20"><span class='ocrx_word' id='word_1_193' title='bbox 197 3627 254 3693; x_wconf 86' lang='lat' dir='ltr'>no,</span> <span class='ocrx_word' id='word_1_194' title='bbox 271 3603 396 3680; x_wconf 88' lang='lat' dir='ltr'>deinde</span> <span class='ocrx_word' id='word_1_195' title='bbox 413 3604 463 3677; x_wconf 55' lang='lat' dir='ltr'>&#39;in</span> <span class='ocrx_word' id='word_1_196' title='bbox 494 3614 613 3680; x_wconf 90' lang='lat' dir='ltr'>monte</span> <span class='ocrx_word' id='word_1_197' title='bbox 640 3603 814 3696; x_wconf 89' lang='lat' dir='ltr'>Bardone,</span> <span class='ocrx_word' id='word_1_198' title='bbox 831 3603 957 3680; x_wconf 89' lang='lat' dir='ltr'>deinde</span> <span class='ocrx_word' id='word_1_199' title='bbox 986 3604 1025 3678; x_wconf 89' lang='lat' dir='ltr'>in</span> <span class='ocrx_word' id='word_1_200' title='bbox 1042 3607 1207 3693; x_wconf 86' lang='lat' dir='ltr'>Vereet0,</span> <span class='ocrx_word' id='word_1_201' title='bbox 1223 3601 1349 3677; x_wconf 91' lang='lat' dir='ltr'>deinde</span> <span class='ocrx_word' id='word_1_202' title='bbox 1377 3603 1416 3676; x_wconf 92' lang='lat' dir='ltr'>in</span> 
     </span>
     <span class='ocr_line' id='line_1_28' title="bbox 197 3717 1418 3815; baseline 0 -23"><span class='ocrx_word' id='word_1_203' title='bbox 197 3719 338 3806; x_wconf 89' lang='lat' dir='ltr'>Parma,</span> <span class='ocrx_word' id='word_1_204' title='bbox 356 3717 481 3793; x_wconf 88' lang='lat' dir='ltr'>deinde</span> <span class='ocrx_word' id='word_1_205' title='bbox 506 3719 544 3792; x_wconf 93' lang='lat' dir='ltr'>in</span> <span class='ocrx_word' id='word_1_206' title='bbox 562 3717 675 3814; x_wconf 85' lang='lat' dir='ltr'>Regio</span> <span class='ocrx_word' id='word_1_207' title='bbox 701 3727 737 3794; x_wconf 93' lang='lat' dir='ltr'>et</span> <span class='ocrx_word' id='word_1_208' title='bbox 765 3718 892 3794; x_wconf 88' lang='lat' dir='ltr'>exinde</span> <span class='ocrx_word' id='word_1_209' title='bbox 922 3717 961 3790; x_wconf 90' lang='lat' dir='ltr'>in</span> <span class='ocrx_word' id='word_1_210' title='bbox 982 3720 1143 3808; x_wconf 80' lang='lat' dir='ltr'>Mantua,</span> <span class='ocrx_word' id='word_1_211' title='bbox 1160 3725 1269 3815; x_wconf 88' lang='lat' dir='ltr'>atque</span> <span class='ocrx_word' id='word_1_212' title='bbox 1297 3725 1418 3792; x_wconf 87' lang='lat' dir='ltr'>monta</span> 
     </span>
     <span class='ocr_line' id='line_1_29' title="bbox 197 3830 1418 3930; baseline 0 -24"><span class='ocrx_word' id='word_1_213' title='bbox 197 3831 327 3907; x_wconf 89' lang='lat' dir='ltr'>Silicis.</span> <span class='ocrx_word' id='word_1_214' title='bbox 344 3832 531 3930; x_wconf 87' lang='lat' dir='ltr'>Simulque</span> <span class='ocrx_word' id='word_1_215' title='bbox 548 3841 584 3908; x_wconf 90' lang='lat' dir='ltr'>et</span> <span class='ocrx_word' id='word_1_216' title='bbox 601 3833 812 3908; x_wconf 89' lang='lat' dir='ltr'>universum</span> <span class='ocrx_word' id='word_1_217' title='bbox 830 3830 1063 3906; x_wconf 85' lang='lat' dir='ltr'>exarchatum</span> <span class='ocrx_word' id='word_1_218' title='bbox 1077 3830 1355 3920; x_wconf 78' lang='lat' dir='ltr'>Rauennatium,</span> <span class='ocrx_word' id='word_1_219' title='bbox 1372 3832 1418 3906; x_wconf 87' lang='lat' dir='ltr'>si·</span> 
     </span>
     <span class='ocr_line' id='line_1_30' title="bbox 196 3943 1419 4045; baseline -0.002 -25"><span class='ocrx_word' id='word_1_220' title='bbox 196 3955 259 4020; x_wconf 90' lang='lat' dir='ltr'>cut</span> <span class='ocrx_word' id='word_1_221' title='bbox 275 3944 477 4043; x_wconf 87' lang='lat' dir='ltr'>antiquitus</span> <span class='ocrx_word' id='word_1_222' title='bbox 493 3955 583 4036; x_wconf 88' lang='lat' dir='ltr'>erat,</span> <span class='ocrx_word' id='word_1_223' title='bbox 599 3957 708 4045; x_wconf 89' lang='lat' dir='ltr'>atque</span> <span class='ocrx_word' id='word_1_224' title='bbox 727 3944 931 4044; x_wconf 86' lang='lat' dir='ltr'>provincias</span> <span class='ocrx_word' id='word_1_225' title='bbox 956 3945 1149 4019; x_wconf 79' lang='lat' dir='ltr'>Vocatium</span> <span class='ocrx_word' id='word_1_226' title='bbox 1175 3953 1212 4020; x_wconf 88' lang='lat' dir='ltr'>et</span> <span class='ocrx_word' id='word_1_227' title='bbox 1232 3943 1419 4035; x_wconf 86' lang='lat' dir='ltr'>Histriam,</span> 
     </span>
     <span class='ocr_line' id='line_1_31' title="bbox 197 4057 1418 4158; baseline 0 -26"><span class='ocrx_word' id='word_1_228' title='bbox 197 4083 265 4135; x_wconf 91' lang='lat' dir='ltr'>nec</span> <span class='ocrx_word' id='word_1_229' title='bbox 278 4082 348 4134; x_wconf 89' lang='lat' dir='ltr'>non</span> <span class='ocrx_word' id='word_1_230' title='bbox 361 4069 397 4136; x_wconf 90' lang='lat' dir='ltr'>et</span> <span class='ocrx_word' id='word_1_231' title='bbox 410 4068 583 4135; x_wconf 89' lang='lat' dir='ltr'>cunctum</span> <span class='ocrx_word' id='word_1_232' title='bbox 598 4061 779 4136; x_wconf 91' lang='lat' dir='ltr'>Ducatum</span> <span class='ocrx_word' id='word_1_233' title='bbox 794 4057 1016 4158; x_wconf 88' lang='lat' dir='ltr'>Spoletinum</span> <span class='ocrx_word' id='word_1_234' title='bbox 1031 4082 1094 4138; x_wconf 85' lang='lat' dir='ltr'>seu</span> <span class='ocrx_word' id='word_1_235' title='bbox 1111 4061 1418 4134; x_wconf 87' lang='lat' dir='ltr'>Beneventanum.</span> 
     </span>
     <span class='ocr_line' id='line_1_32' title="bbox 196 4172 1418 4273; baseline -0.001 -27"><span class='ocrx_word' id='word_1_236' title='bbox 196 4172 377 4270; x_wconf 87' lang='lat' dir='ltr'>Factaque</span> <span class='ocrx_word' id='word_1_237' title='bbox 399 4173 518 4249; x_wconf 90' lang='lat' dir='ltr'>eadem</span> <span class='ocrx_word' id='word_1_238' title='bbox 545 4173 743 4264; x_wconf 87' lang='lat' dir='ltr'>donatione,</span> <span class='ocrx_word' id='word_1_239' title='bbox 767 4181 804 4249; x_wconf 92' lang='lat' dir='ltr'>et</span> <span class='ocrx_word' id='word_1_240' title='bbox 828 4173 968 4273; x_wconf 87' lang='lat' dir='ltr'>propria</span> <span class='ocrx_word' id='word_1_241' title='bbox 985 4197 1051 4248; x_wconf 90' lang='lat' dir='ltr'>sua</span> <span class='ocrx_word' id='word_1_242' title='bbox 1079 4197 1189 4247; x_wconf 91' lang='lat' dir='ltr'>manu</span> <span class='ocrx_word' id='word_1_243' title='bbox 1214 4172 1288 4272; x_wconf 90' lang='lat' dir='ltr'>ipse</span> <span class='ocrx_word' id='word_1_244' title='bbox 1314 4172 1418 4249; x_wconf 81' lang='lat' dir='ltr'>Chri-</span> 
     </span>
     <span class='ocr_line' id='line_1_33' title="bbox 196 4285 1417 4386; baseline 0.004 -29"><span class='ocrx_word' id='word_1_245' title='bbox 196 4285 440 4359; x_wconf 87' lang='lat' dir='ltr'>stianissimus</span> <span class='ocrx_word' id='word_1_246' title='bbox 457 4289 674 4360; x_wconf 89' lang='lat' dir='ltr'>Francorum</span> <span class='ocrx_word' id='word_1_247' title='bbox 696 4289 771 4360; x_wconf 86' lang='lat' dir='ltr'>Rex</span> <span class='ocrx_word' id='word_1_248' title='bbox 787 4311 865 4361; x_wconf 90' lang='lat' dir='ltr'>eam</span> <span class='ocrx_word' id='word_1_249' title='bbox 884 4287 1125 4378; x_wconf 86' lang='lat' dir='ltr'>corroborans,</span> <span class='ocrx_word' id='word_1_250' title='bbox 1142 4287 1328 4361; x_wconf 90' lang='lat' dir='ltr'>universos</span> <span class='ocrx_word' id='word_1_251' title='bbox 1345 4289 1417 4386; x_wconf 92' lang='lat' dir='ltr'>epi-</span> 
     </span>
     <span class='ocr_line' id='line_1_34' title="bbox 196 4399 1416 4502; baseline 0.002 -27"><span class='ocrx_word' id='word_1_252' title='bbox 196 4421 329 4498; x_wconf 90' lang='lat' dir='ltr'>scopos,</span> <span class='ocrx_word' id='word_1_253' title='bbox 345 4399 500 4491; x_wconf 85' lang='lat' dir='ltr'>abbatos,</span> <span class='ocrx_word' id='word_1_254' title='bbox 516 4401 635 4491; x_wconf 90' lang='lat' dir='ltr'>duces,</span> <span class='ocrx_word' id='word_1_255' title='bbox 653 4402 761 4476; x_wconf 88' lang='lat' dir='ltr'>etiam</span> <span class='ocrx_word' id='word_1_256' title='bbox 780 4411 815 4477; x_wconf 89' lang='lat' dir='ltr'>et</span> <span class='ocrx_word' id='word_1_257' title='bbox 832 4401 1048 4502; x_wconf 83' lang='lat' dir='ltr'>graphiones</span> <span class='ocrx_word' id='word_1_258' title='bbox 1065 4403 1103 4475; x_wconf 93' lang='lat' dir='ltr'>in</span> <span class='ocrx_word' id='word_1_259' title='bbox 1121 4426 1162 4477; x_wconf 88' lang='lat' dir='ltr'>ea</span> <span class='ocrx_word' id='word_1_260' title='bbox 1175 4401 1306 4477; x_wconf 90' lang='lat' dir='ltr'>ascribi</span> <span class='ocrx_word' id='word_1_261' title='bbox 1320 4402 1416 4478; x_wconf 87' lang='lat' dir='ltr'>feeit.</span> 
     </span>
     <span class='ocr_line' id='line_1_35' title="bbox 195 4513 1416 4624; baseline 0.007 -38"><span class='ocrx_word' id='word_1_262' title='bbox 195 4514 310 4602; x_wconf 85' lang='lat' dir='ltr'>Quam</span> <span class='ocrx_word' id='word_1_263' title='bbox 329 4513 428 4615; x_wconf 90' lang='lat' dir='ltr'>prius</span> <span class='ocrx_word' id='word_1_264' title='bbox 444 4537 551 4622; x_wconf 86' lang='lat' dir='ltr'>super</span> <span class='ocrx_word' id='word_1_265' title='bbox 569 4513 691 4596; x_wconf 81' lang='lat' dir='ltr'>Altera</span> <span class='ocrx_word' id='word_1_266' title='bbox 708 4514 803 4595; x_wconf 88' lang='lat' dir='ltr'>beati</span> <span class='ocrx_word' id='word_1_267' title='bbox 822 4517 918 4596; x_wconf 88' lang='lat' dir='ltr'>Petri</span> <span class='ocrx_word' id='word_1_268' title='bbox 946 4525 983 4594; x_wconf 93' lang='lat' dir='ltr'>et</span> <span class='ocrx_word' id='word_1_269' title='bbox 1007 4516 1230 4624; x_wconf 88' lang='lat' dir='ltr'>postmodum</span> <span class='ocrx_word' id='word_1_270' title='bbox 1257 4516 1357 4592; x_wconf 88' lang='lat' dir='ltr'>intus</span> <span class='ocrx_word' id='word_1_271' title='bbox 1378 4516 1416 4595; x_wconf 88' lang='lat' dir='ltr'>in</span> 
     </span>
    </p>
   </div>
   <div class='ocr_carea' id='block_1_6' title="bbox 0 0 1814 5316">
    <p class='ocr_par' dir='ltr' id='par_1_6' title="bbox 0 0 1814 5316">
     <span class='ocr_line' id='line_1_36' title="bbox 0 0 1814 5316; baseline 0 3"><span class='ocrx_word' id='word_1_272' title='bbox 0 0 1814 5316; x_wconf 95' lang='lat' dir='ltr'> </span> 
     </span>
    </p>
   </div>
  </div>
 </body>
</html>
