3582 5288
702 382 901 444 -135-

189 509 228 572 et
241 523 307 573 suo
323 525 361 575 se
378 503 542 577 Pontifici
560 512 785 600 praesentare.
802 505 1005 580 Altereavit
1022 528 1106 581 vero
1122 514 1159 580 et
1176 527 1237 602 pro
1250 504 1412 582 Ecclesia

191 611 398 709 Tycinensi‚
415 614 476 690 sed
493 616 680 690 convictus
696 613 751 692 est
767 641 807 694 eo
823 620 916 718 quod
931 645 953 692 a
970 619 1099 718 priscis
1120 619 1337 717 temporibus
1355 623 1415 694 Se·

191 724 227 798 di
253 726 453 824 Apostoliee
477 729 635 804 eiusdem
662 732 877 829 Tyeinensis
901 732 1072 808 Ecclesiae
1091 731 1251 806 Antistes
1267 732 1312 806 ad
1333 755 1414 806 eon·

190 839 405 916 secrandum
424 842 623 940 pertinebat
639 851 676 918 et
693 845 855 942 pertinet.

759 1072 855 1156 OOV.

286 1289 462 1369 Iohannes
480 1300 513 1368 V
531 1299 673 1373 natione
691 1300 808 1397 Syrus
825 1297 975 1374 abstulit
991 1299 1247 1374 ordinationem
1270 1300 1414 1372 Pontifi-

189 1409 243 1484 cis
252 1409 455 1482 Turritanae
464 1408 635 1486 Ecclesiae
648 1412 854 1488 Calaritano
867 1413 1152 1510 Archiepiscopd
1164 1414 1226 1511 qui
1235 1413 1412 1510 quondam

191 1547 213 1594 a
234 1521 338 1596 beato
358 1525 454 1621 Papa
480 1525 635 1600 Martino
659 1526 704 1600 ab
728 1527 850 1601 eadem
876 1527 1095 1602 ordinatione
1121 1551 1316 1623 suspensus
1340 1525 1415 1600 fue·

190 1644 283 1724 rant,
308 1637 477 1734 quoniam
502 1639 703 1736 antiquitus
727 1640 902 1716 ordinatio
926 1641 990 1714 illa
1016 1641 1190 1739 pertinuit
1214 1639 1297 1716 Sodi
1323 1645 1413 1738 Apo·

189 1749 333 1824 stolicae.

743 1979 857 2064 0011.

283 2195 486 2293 Stephanus
495 2199 547 2270 ΙΙΙ
556 2196 698 2271 natione
712 2197 858 2272 Siculus
866 2201 1099 2296 congregatis
1108 2198 1292 2296 Episcopis
1301 2199 1412 2274 totius

188 2309 319 2384 Tuscia
339 2319 447 2408 atque
465 2311 683 2408 Campania,
699 2312 972 2406 consedentibus
987 2315 1121 2414 pariter
1142 2315 1213 2386 XII
1229 2312 1413 2414 Episcopis

186 2426 407 2498 Francorum
425 2435 460 2497 et
478 2424 647 2497 Romanis
664 2422 901 2520 Presbyteris,
930 2426 968 2498 in
986 2426 1163 2524 presentia
1180 2425 1290 2500 totins
1315 2425 1412 2500 Cleri

187 2548 222 2612 et
234 2537 356 2638 populi
368 2537 561 2614 concilium
575 2538 661 2613 fecit
673 2537 711 2611 in
728 2537 877 2612 basilica
894 2539 1203 2628 Constantiniana,
1216 2539 1254 2611 in
1272 2561 1341 2636 quo
1353 2538 1412 2612 da-

188 2652 328 2725 mnavit
346 2651 622 2726 Constantinum
636 2651 857 2751 neophytum
871 2654 1071 2728 invasorem
1087 2653 1189 2728 Sedis
1199 2651 1410 2752 Apostolioe‚

188 2774 224 2841 et
240 2766 493 2865 inscriptiones
509 2765 588 2840 eins
605 2774 641 2838 et
658 2773 761 2861 gesta
778 2764 1013 2856 decretorum,
1031 2776 1065 2842 et
1081 2766 1202 2841 allatis
1215 2766 1412 2840 sacratissi-

188 2881 258 2952 mis
272 2878 468 2953 canonibus
481 2878 603 2976 eisque
616 2876 750 2976 liquido
760 2881 1003 2976 perscrutatis,
1016 2879 1152 2978 prolata
1166 2888 1220 2954 est
1233 2879 1410 2953 sententia

187 2993 374 3068 abeodem
396 2991 546 3067 concilio
558 2989 635 3065 ¹sub
656 2991 894 3068 anathematis
915 2995 1120 3083 interdictu,
1140 3002 1182 3067 ut
1203 2991 1326 3066 nullus
1346 3018 1412 3066 un·

187 3134 296 3208 qnam
311 3107 496 3196 laicorum,
509 3129 623 3203 neque
641 3130 686 3180 cx
697 3106 767 3180 alio
780 3107 901 3182 ordine
913 3115 1117 3208 praesumat,
1129 3107 1201 3180 nisi
1212 3131 1274 3206 per
1287 3107 1412 3180 distin·

186 3235 263 3300 ctos
281 3222 423 3319 gradus
447 3220 644 3296 ascendens
673 3221 844 3296 diaeonus
858 3231 933 3306 aut
957 3220 1145 3320 presbyter
1166 3220 1285 3295 factus
1301 3219 1411 3294 fuerit

187 3336 380 3413 cardinalis
396 3334 440 3409 ad
458 3359 602 3409 sacrum
621 3335 856 3409 Pontificatus
872 3333 1032 3409 ordinem
1050 3331 1258 3434 promoveri.

732 3535 864 3620 oovss.

609 3741 659 3792 Ex
676 3741 769 3794 Rom.
788 3739 978 3794 Pontifleali.

282 3909 416 3982 Omnes
433 3903 583 3978 Romani
600 3913 837 4003 perrexerunt
852 3927 937 3978 cum
951 3903 1092 4000 ingenti
1109 3901 1224 3978 1011110
1237 3901 1282 3975 ad
1299 3901 1412 3977 ecele-

186 4025 275 4096 siam
286 4014 1411 4095 sanctorumllll⁰¹CoronatorumetdonrnumLeonemeiusdem

185 4134 346 4210 ecclesie
371 4132 597 4208 Cardinalem
621 4140 784 4206 coactum
811 4129 1039 4228 invitumque
1056 4129 1137 4204 inde
1164 4127 1411 4204 abstrahentes
1539 4199 1552 4210 ,

185 4271 268 4321 cum
297 4246 422 4344 ymnis
447 4245 685 4344 laudibusque
710 4245 900 4345 precipuis
929 4245 974 4319 ad
999 4246 1238 4319 Lateranense
1256 4243 1409 4317 Patriar·

185 4358 309 4434 chium
327 4357 571 4457 perduxerunt
584 4368 620 4434 et
633 4382 766 4432 morem
779 4367 967 4433 servantes
978 4357 1168 4456 antiquum
1182 4378 1306 4431 omnes
1319 4355 1411 4431 eius·

183 4473 260 4548 dem
279 4469 476 4549 deosculati
495 4481 581 4548 sunt
597 4473 711 4574 pedes
