3634 5290
891 371 1088 436 -loo-

379 507 460 568 r'um
490 490 768 568 Sanctissimum
793 491 943 567 senioris
972 492 1092 567 Roma
1122 495 1256 590 Papam
1282 491 1437 592 primum
1462 505 1541 568 essa
1563 515 1599 568 o

379 607 517 681 mnium
535 603 779 694 Sacerdotum,
794 603 1041 680 beatissimum
1055 615 1177 682 autem
1189 605 1494 707 archiepiscopum
1508 608 1599 684 Con·

378 719 653 821 stantinopoleos
670 742 772 794 novae
789 721 909 794 Romae
926 718 1272 822 secundum'habere
1285 720 1416 810 locum,
1429 729 1507 820 post
1519 747 1599 795 san-

377 845 474 911 ctam
489 833 718 934 apostolicam
736 833 853 909 sedem
867 831 1017 908 sanioris
1034 835 1162 908 Roma.
1182 832 1275 907 Aliis
1287 843 1408 909 autem
1433 834 1599 910 omnibus

378 941 521 1024 sedibus
539 941 774 1045 praeponatur.
791 947 861 1022 Per
884 955 1026 1044 tempus
1043 954 1164 1020 autam
1186 944 1432 1020 beatissimum
1457 947 1600 1046 Episco

378 1066 463 1160 pum
481 1057 605 1159 primae
622 1058 832 1134 Iustiniana
848 1068 979 1134 nostrae
997 1059 1122 1158 patrioe
1139 1059 1269 1136 habere
1290 1085 1429 1158 semper
1450 1060 1515 1136 sub
1533 1085 1599 1135 sua

379 1174 470 1249 iuris
482 1174 636 1249 dictione
653 1172 833 1271 episcopos
850 1173 1119 1270 provinciarum
1138 1174 1258 1250 Daciae
1275 1174 1542 1251 mediterraneae
1562 1183 1600 1250 et

379 1285 500 1363 Daciae
509 1285 670 1385 ripensis,
681 1284 852 1374 Perbalis,
860 1294 896 1360 et
905 1285 1105 1378 Dardaniae,
1115 1288 1274 1364 etMisiae
1284 1289 1485 1388 superioris,
1493 1298 1599 1388 atque

328 1493 337 1514 ι
380 1399 574 1476 Pannonia
592 1409 628 1476 et
640 1397 685 1473 ab
701 1421 742 1474 eo
758 1397 823 1472 hos
839 1397 1005 1473 ordinari.
1022 1403 1145 1498 Ipsum
1162 1425 1246 1478 vero
1259 1427 1280 1474 a
1293 1401 1432 1501 proprio
1443 1402 1599 1478 ordinari

380 1512 542 1602 concilia,
552 1521 588 1588 et
596 1510 634 1584 in
644 1509 815 1585 subiectis
828 1509 894 1584 sibi
907 1509 1103 1608 provinciis
1111 1514 1229 1590 locum
1243 1514 1403 1614 optinere
1412 1539 1493 1591 eum
1507 1515 1600 1591 sedis

379 1625 591 1725 Apostolicae
607 1627 774 1698 Romauae
791 1624 989 1700 secundum
1007 1651 1049 1702 ea
1062 1651 1141 1726 quaa
1153 1627 1305 1703 diffinita
1320 1639 1405 1704 sunt
1416 1653 1438 1702 a
1451 1629 1599 1704 sanctis·

380 1737 470 1814 simo
486 1740 582 1835 Papa
598 1735 699 1813 Iulio.
718 1735 842 1811 Simile
859 1759 998 1835 quoque
1016 1742 1115 1816 modo
1131 1742 1189 1816 ius
1206 1743 1298 1841 quod
1311 1743 1482 1844 Episcopo
1494 1744 1600 1818 Iusti·

380 1852 497 1927 nianae
514 1849 678 1927 Pontifici
696 1850 904 1946 cartaginis
921 1851 1103 1929 Africana
1120 1853 1281 1929 civitatis
1306 1855 1480 1946 dedimus,
1498 1865 1534 1931 at
1553 1880 1600 1931 ex

379 1990 450 2067 quo
466 1969 563 2042 Deus
579 1964 674 2040 hanc
689 1963 790 2040 nobis
808 1965 976 2055 restituit,
998 1991 1142 2044 servare
1166 1968 1341 2044 iubemus.
1367 1969 1435 2044 Sed
1460 1978 1497 2045 et
1520 1968 1601 2044 alias

380 2082 546 2161 civitates
561 2089 599 2157 et
614 2081 744 2155 harum
761 2080 945 2179 Episcopis
958 2081 1089 2180 quibus
1106 2081 1142 2155 in
1162 2081 1315 2158 diversis
1331 2082 1419 2160 locis
1431 2092 1603 2182 metropo-

380 2195 456 2272 litis
468 2221 553 2273 oum
566 2195 624 2270 ius
633 2195 832 2293 prestitum
841 2205 907 2284 est,
916 2195 1119 2270 huiusmodi
1133 2195 1326 2296 privilegio
1339 2196 1376 2270 in
1389 2207 1601 2296 perpetuum

381 2310 578 2410 potiuntur.
591 2307 688 2383 Idem
706 2307 744 2380 in
762 2307 892 2382 eodem.
906 2291 1040 2382 Tanna
1053 2307 1443 2406 Constantinopolitano
1459 2310 1602 2406 Episco

380 2449 433 2526 po.
449 2422 544 2499 Illud
561 2445 700 2522 quoque
725 2421 921 2512 sancimus,
939 2421 1111 2520 quatinus
1136 2421 1334 2498 secundum
1359 2422 1430 2496 iam
1455 2423 1603 2498 anobis

381 2537 555 2640 prolatam
580 2534 771 2632 legendam
797 2533 970 2610 amabiles
996 2534 1160 2634 Episcopi
1185 2535 1222 2608 in
1248 2537 1325 2610 suis
1349 2537 1510 2612 ecclesiis
1531 2563 1604 2611 ma-

381 2659 501 2739 neant,
517 2659 554 2726 et
569 2671 640 2724 nou
658 2647 864 2746 relinquant
878 2673 939 2724 eas
952 2658 1113 2748 tempora
1126 2649 1250 2740 mult0,
1262 2658 1298 2724 et
1310 2660 1442 2747 cogant
1454 2675 1516 2749 per
1528 2675 1604 2750 pro-

382 2764 586 2841 vinciarum
603 2760 834 2838 oeohonomos
850 2787 1024 2860 expensas
1036 2762 1104 2838 sibi
1122 2762 1353 2854 trasmittere,
1371 2771 1406 2839 et
1423 2764 1605 2840 sanctissi-

382 2903 441 2954 ma
457 2876 609 2955 ecclesia
625 2876 802 2975 expendat
818 2877 974 2974 quidem,
991 2876 1067 2974 ipse
1081 2899 1165 2952 vero
1179 2891 1285 2951 suum
1299 2877 1358 2951 ius
1370 2876 1402 2952 ei
1416 2876 1603 2954 observare

381 3018 452 3071 non
470 2991 638 3092 patiatur.
655 2991 847 3066 Sancimus
863 2991 980 3088 igitur
995 3016 1018 3065 a
1034 2989 1134 3066 nobis
1151 2989 1224 3063 iam
1242 2989 1361 3086 legem
1388 2991 1539 3088 positam
1564 2992 1602 3065 in

382 3131 449 3184 sua
464 3106 599 3182 virtute
615 3113 830 3194 manentem,
847 3104 877 3178 si
895 3104 1049 3180 defuerit
1061 3106 1134 3180 Deo
1150 3103 1316 3178 amabilis
1333 3104 1532 3203 Episcopus
1548 3129 1603 3182 ec

383 3221 502 3300 clesiae
522 3245 597 3294 sua
620 3217 775 3316 amplius
800 3227 942 3317 tempus
967 3216 1107 3291 nullam
1133 3218 1166 3292 ei
1191 3216 1325 3292 emittit
1345 3242 1535 3316 expansam
1560 3219 1603 3294 da

383 3333 579 3434 provincia,
596 3331 656 3407 sed
673 3331 771 3406 illam
790 3331 935 3430 quidem
953 3331 1051 3408 circa
1075 3341 1180 3407 actus
1207 3331 1282 3430 pios
1307 3333 1467 3430 expendi,
1484 3333 1601 3431 ipsum

382 3471 469 3524 vero
485 3455 665 3522 errantem
683 3467 753 3519 non
771 3445 936 3542 expansis
950 3443 1102 3520 ecclesia
1120 3465 1348 3545 pergravare,
1364 3471 1448 3522 cum
1466 3455 1604 3522 certum

384 3564 442 3652 sit,
458 3559 542 3660 quia
566 3558 598 3633 si
614 3557 767 3657 plurimo
791 3568 946 3657 tempore
964 3559 1129 3647 defuerit,
1147 3584 1228 3658 quae
1243 3561 1315 3634 iam
1332 3587 1354 3634 a
1378 3560 1479 3636 nobis
1496 3585 1603 3658 super

383 3700 467 3752 eum
493 3673 630 3750 sancita
652 3681 738 3747 sunt
761 3671 943 3747 valebunt.
969 3675 1015 3748 Et
1039 3673 1144 3748 infra.
1170 3676 1274 3750 Hanc
1299 3673 1420 3772 itaque
1445 3683 1602 3748 nostram

383 3789 502 3886 legem
524 3797 561 3864 et
584 3785 768 3862 adsedem
792 3795 865 3860 tuae
878 3786 1133 3876 'beatitudinis
1157 3796 1193 3862 et
1217 3796 1351 3862 ceteros
1376 3787 1604 3863 Patriarchas

385 3903 542 3992 missam,
558 3901 626 4002 ipsi
643 3925 706 3999 per
721 3899 861 3976 litteras
886 3901 1045 4002 proprias
1069 3901 1136 3976 sub
1157 3901 1288 3976 vestris
1305 3901 1536 4000 metropolitis
1553 3902 1604 3976 sa·

385 4018 488 4094 cietis
505 4016 747 4106 manifestum,
759 4026 801 4091 ut
818 4015 870 4090 illi
884 4016 1001 4114 palam
1014 4013 1150 4091 faciant
1162 4014 1229 4089 sub
1246 4039 1283 4090 se
1299 4013 1505 4090 constitutis
1522 4016 1605 4116 Epi·

386 4129 511 4231 scopis,
529 4141 570 4206 ut
586 4129 729 4205 nullum
747 4129 872 4205 latebit
889 4154 968 4228 quae
984 4154 1005 4204 a
1028 4128 1129 4205 nobis
1146 4129 1341 4206 constituta
1358 4138 1453 4204 sunt.
