3642 5294
725 451 765 474 ..
792 428 834 489 63
859 461 900 475 ..

201 544 360 642 Apostoli
378 544 445 618 hoc
463 552 668 620 statuerunt
684 544 841 621 iussione
860 547 1069 638 Salomonis
1083 560 1124 623 ut
1142 549 1291 625 maiores
1308 561 1344 626 et
1361 553 1427 627 dif-

200 657 367 734 ficiliores
383 657 587 755 questiones
604 681 742 756 semper
762 660 941 736 adsedem
967 663 1171 738 referantur
1195 665 1425 762 apostolicam

202 795 310 868 super
327 785 435 869 quam
454 771 623 846 Christus
640 773 847 847 universam
864 775 1051 850 ecclesiam
1071 778 1281 853 construxit.
1298 779 1428 856 Dicen-

200 897 237 960 te
246 885 323 984 ipso
333 885 378 960 ab
390 885 534 960 beatum
545 887 693 960 Petrum
703 886 950 985 Apostolorum
961 889 1174 987 Principem.
1183 891 1237 964 Tu
1251 915 1288 966 es
1301 891 1429 990 inquid

200 1002 332 1073 Petrus
349 1009 386 1074 et
403 1022 510 1095 super
526 998 619 1074 hanc
637 1009 774 1096 petram
792 1001 963 1078 edificabo
979 1004 1167 1080 ecclesiam
1186 1028 1311 1080 meam.

724 1231 903 1335 muru.

297 1457 495 1532 Annaletus
511 1457 707 1556 Episcopus
728 1458 910 1534 univorsis
935 1461 1128 1559 Episcopis.
1145 1467 1186 1537 In
1204 1488 1295 1540 novo
1319 1476 1425 1543 testa-

200 1580 319 1645 mento
336 1582 414 1669 post
431 1570 616 1646 Christum
635 1572 826 1646 Dominum
845 1582 1007 1646 nostrum
1025 1599 1045 1647 a
1072 1577 1177 1649 Petro
1194 1579 1423 1654 sacerdotalis

199 1685 294 1782 cepit
312 1685 404 1760 ordo.
421 1685 515 1773 Quia
539 1685 608 1782 ipsi
633 1687 747 1783 primo
773 1687 1009 1763 pontificatus
1034 1689 1072 1760 in
1097 1689 1261 1764 Ecclesia
1286 1691 1422 1767 Christi

199 1796 317 1871 elatus
335 1809 400 1885 est,
416 1799 556 1874 dicente
573 1799 724 1873 Domino
740 1801 784 1875 nd
802 1825 894 1874 eum.
908 1805 963 1875 Tu
977 1827 1015 1876 es
1032 1802 1157 1900 inquid
1172 1807 1300 1879 Petrus
1313 1817 1349 1881 et
1366 1833 1424 1880 su·

200 1911 378 2007 perhanc
404 1922 539 2009 petram
557 1913 753 1988 hedificaho
769 1914 959 1990 ecclesiam
984 1940 1111 2003 meam,
1136 1926 1172 1990 et
1197 1927 1294 2014 porte
1316 1919 1422 1994 inferi

199 2047 271 2096 non
296 2025 529 2122 prevalebunt
551 2025 724 2100 adversus
741 2053 830 2116 eam,
847 2037 884 2102 et
899 2027 965 2101 tibi
982 2027 1070 2102 dabo
1087 2028 1207 2104 claves
1232 2032 1335 2126 regni
1358 2057 1423 2108 coe·

198 2135 325 2224 lorum,
342 2147 379 2212 et
395 2146 532 2213 caetera.
551 2139 619 2214 Hic
637 2163 723 2234 ergo
741 2140 879 2236 ligandi
897 2151 933 2215 et
950 2141 1111 2216 solvendi
1128 2152 1336 2240 potestatem
1352 2145 1423 2242 pri·

200 2275 279 2323 mus
296 2250 436 2348 accepit
452 2277 473 2324 a
491 2253 649 2327 Domino.

791 2484 828 2567 L.

297 2703 493 2778 Anocletus
518 2725 646 2776 servus
671 2701 808 2777 Christi
835 2701 953 2790 Ihesu‚
979 2702 1055 2777 haec
1079 2728 1164 2778 vero
1191 2719 1418 2787 sacrosancta

196 2819 359 2889 Romana
376 2815 538 2891 Ecclesia
555 2825 591 2890 et
608 2816 811 2913 Apostolioa
828 2816 904 2913 ipse
921 2817 1023 2892 beato
1044 2822 1149 2893 Petro
1172 2821 1349 2918 Apostolo,
1370 2822 1421 2896 di-

195 2929 259 3002 xit.
272 2932 328 3003 Tu
341 2954 380 3004 es
397 2931 528 3005 Petrus
544 2940 580 3006 et
597 2930 734 3029 reliqna
751 2953 864 3027 usque
881 2929 998 3004 soluta
1011 2940 1048 3005 et
1064 2931 1101 3004 iu
1115 2933 1210 3007 caelo,
1225 2933 1369 3009 Adibita
1386 2928 1430 3010 a·¹

196 3041 285 3116 tiam
298 3043 450 3118 societas
462 3045 500 3117 in
513 3044 634 3118 eadem
648 3047 807 3118 Romana
821 3043 916 3118 Urbe
928 3042 1126 3118 beatissimi
1140 3045 1300 3143 Apostoli
1314 3047 1418 3121 Pauli

195 3157 294 3230 vasis
310 3156 504 3246 electionis,
521 3157 583 3256 qui
601 3181 672 3231 uno
696 3158 752 3231 die
778 3181 919 3254 unoque
944 3168 1099 3256 tempore
1125 3159 1281 3256 gloriosa
1303 3172 1418 3237 morto

193 3295 278 3345 cum
296 3274 403 3345 Petro
419 3280 608 3346 coronatus
625 3281 689 3345 est.
708 3275 754 3343 Et
770 3270 874 3344 ambo
890 3281 1052 3346 sanctam
1076 3276 1272 3348 Romanam
1297 3273 1420 3349 Eccle-

194 3385 286 3458 siam
312 3393 623 3474 cousecraverunt‚
649 3383 800 3483 aliisque
825 3384 991 3458 omnibus
1016 3384 1165 3460 urbibus
1189 3386 1227 3460 in
1249 3386 1419 3461 universo

196 3498 340 3586 mundo,
356 3521 433 3572 eam
448 3523 514 3572 sua
526 3499 714 3596 prasentia
731 3507 838 3595 atque
854 3497 1057 3572 venerando
1069 3498 1252 3596 triumpho
1265 3499 1419 3598 pertule-

195 3621 291 3685 runt.
310 3615 356 3685 Et
371 3612 456 3688 licet
473 3602 534 3711 pro
551 3612 715 3688 omnibus
731 3612 876 3686 assidua
893 3612 988 3708 apud
1013 3615 1129 3686 Deum
1153 3614 1312 3687 omnium
1338 3639 1418 3687 san-

195 3735 336 3798 ctorum
354 3725 525 3800 fundatur
542 3725 664 3816 oratio,
681 3725 739 3800 his
754 3736 876 3801 tumen
895 3726 1002 3802 Urbis
1028 3726 1164 3801 Paulus
1188 3727 1417 3802 beatissimus

195 3836 388 3934 Apostolus
406 3839 573 3912 Romanis
590 3839 702 3937 primo
719 3839 931 3938 cirographo
947 3841 1137 3939 pollicetur
1153 3841 1417 3927 dicens'lestis

194 3960 249 4025 est
262 3951 352 4024 mihi
366 3954 462 4027 Deus
474 3953 533 4028 cui
547 3951 664 4028 servio
677 3953 715 4026 in
729 3953 857 4050 spiritu
871 3977 959 4044 mec,
972 3955 1010 4026 in
1024 3955 1214 4051 evangelio
1227 3954 1312 4030 Filii
1327 3956 1417 4044 eius,

195 4065 287 4160 quod
305 4063 383 4139 sine
400 4065 663 4141 intermissione
682 4067 887 4140 memoriam
905 4067 1017 4142 vestri
1030 4067 1122 4142 facio
1140 4092 1278 4165 semper
1291 4068 1329 4142 in
1343 4092 1418 4144 ora·

194 4175 352 4250 tionibus
370 4177 466 4252 meis.
484 4177 606 4251 Prima
620 4201 707 4282 ergo
723 4179 824 4256 sedes
840 4191 895 4256 est
905 4181 1032 4256 celesti
1049 4181 1228 4257 beneficio
1250 4185 1417 4258 Romame

195 4291 376 4378 Ecclesia,
393 4315 501 4390 quarn
520 4301 560 4366 ut
578 4301 812 4366 memoratum
830 4304 895 4384 est,
911 4295 1108 4370 beatissimi
1127 4297 1255 4370 Petrus
1272 4305 1308 4372 ct
1325 4298 1417 4369 Pau·

197 4403 253 4479 lus
270 4428 336 4481 suo
354 4405 530 4504 martyrio
548 4416 859 4480 consecraverunt.
876 4407 1041 4482 Secunda
1058 4417 1179 4482 autem
1197 4407 1298 4483 sedes
1322 4407 1416 4505 apud

198 4520 452 4594 Alexandriam
470 4520 565 4595 beati
584 4520 681 4593 Petri
700 4519 841 4594 nomine
858 4543 879 4592 a
898 4522 1018 4596 Marco
1030 4519 1109 4595 eius
1122 4520 1297 4618 discipulo
1308 4530 1416 4618 atque
