3582 5288
887 389 1086 452 -154-

377 519 444 598 rat,
453 510 553 583 fieret
565 508 730 582 omnibns
744 509 1021 597 firmamentum,
1030 516 1066 583 et
1079 507 1140 606 qui
1155 531 1193 582 se
1205 505 1497 601 interrogationis
1509 514 1598 579 tcm-

377 622 489 722 ptatio
513 631 729 711 mutaverat,
754 633 898 698 caeteros
924 622 1005 696 fidei
1027 621 1222 696 stabilitate
1239 620 1414 695 fundaret.
1435 618 1597 717 Denique

376 758 439 833 pro
452 735 629 810 soliditate
643 736 838 810 dovotionis
851 735 1084 810 ecclesiarum
1100 744 1200 832 petra
1213 733 1346 810 dicitur
1359 734 1453 808 sicut
1466 733 1518 806 ait
1529 736 1593 806 Do-

377 849 506 922 minus.
525 851 578 921 Tu
596 873 634 923 es
653 852 781 923 Petrus
798 857 833 922 et
850 859 989 924 caetera.
1016 852 1145 923 Petrus
1166 850 1262 924 enim
1287 848 1486 937 dicitr1r‚eo
1506 847 1598 945 quod

379 961 517 1060 primus
534 961 571 1033 in
590 961 795 1035 nationibus
814 962 893 1036 fidei
911 963 1144 1038 fundamenta
1166 962 1333 1062 posuerit,
1350 973 1386 1037 et
1409 971 1593 1059 tamquam

377 1100 502 1148 saxum
521 1073 699 1150 immobile
712 1075 822 1149 totius
835 1076 948 1172 operis
961 1077 1158 1151 Christiani
1173 1099 1381 1175 compagem
1395 1075 1593 1172 molemque

378 1188 567 1263 contiueat.
584 1188 681 1262 Idem
699 1188 735 1260 in
753 1190 880 1263 LXX⁰.
898 1193 995 1285 Ergo
1012 1191 1106 1266 beati
1133 1192 1230 1266 Petri
1248 1201 1284 1265 et
1309 1189 1413 1264 Pauli
1437 1189 1596 1264 eminent

380 1303 474 1377 inter
498 1301 687 1376 universos
712 1302 896 1400 Apostolos
920 1313 956 1378 et
981 1305 1153 1402 peculiari
1178 1304 1331 1402 quadam
1357 1301 1596 1400 praerogativa

378 1415 598 1514 praecellunt.
615 1419 752 1490 Verum
769 1415 864 1489 inter
881 1415 975 1512 ipsos
992 1418 1073 1516 quis
1090 1418 1148 1493 cui
1167 1425 1391 1515 praeponatur
1415 1415 1593 1489 incertum

379 1539 442 1604 est.
460 1533 552 1604 Puto
568 1529 663 1603 enim
681 1529 760 1602 illos
776 1529 932 1626 aequales
957 1555 1033 1605 esse
1059 1531 1208 1621 meritis,
1233 1530 1316 1628 quia
1342 1528 1487 1627 equales
1511 1536 1597 1601 sunt

378 1642 548 1742 passione.
562 1646 642 1718 Una
655 1643 721 1728 die,
734 1667 805 1716 uno
822 1643 859 1715 in
874 1643 949 1718 loco
965 1644 1060 1741 passi
1074 1653 1170 1730 sunt,
1190 1668 1235 1717 ne
1256 1641 1359 1716 alteri
1374 1645 1482 1715 Roma
1499 1639 1597 1714 dees·

377 1767 440 1831 set.
458 1761 503 1830 Et
520 1756 580 1830 ubi
598 1757 791 1853 gentilium
814 1757 992 1854 principes
1016 1756 1235 1844 habitabant,
1261 1755 1338 1829 illic
1363 1753 1596 1828 ecclesiarum

377 1870 556 1969 principes
574 1880 806 1946 morerentur.
825 1871 921 1945 ldem
939 1870 976 1942 in
995 1873 1159 1944 LXXIV.
1181 1869 1323 1968 Optima
1337 1865 1596 1964 *Apostolorum

377 1983 520 2057 aomina
537 1971 643 2057 Petra
662 1993 697 2058 et
718 1984 913 2058 Vasculu'rn
932 1985 1134 2059 necessaria
1156 1983 1277 2058 domui
1303 1981 1509 2054 Salvatoris.
1531 1983 1597 2053 Do·

379 2097 573 2192 musenim
591 2097 812 2172 fortitudinis
830 2108 929 2195 petra
946 2097 1179 2184 construitur,
1198 2095 1358 2170 utilitate
1382 2093 1480 2166 vasis
1497 2115 1597 2165 orna-

377 2221 447 2286 tur.
465 2215 570 2285 Petra
588 2211 632 2284 ad
649 2213 855 2288 firmitatem
881 2212 1088 2310 populosae
1113 2210 1280 2283 labantur
1303 2214 1492 2294 sustentat,
1510 2230 1597 2278 vasa

377 2326 421 2398 ad
439 2325 636 2399 custodiam
654 2350 698 2400 no
717 2335 937 2426 temptentur
955 2324 1067 2424 operit
1085 2322 1319 2397 Christianos.

475 2495 556 2629 Leo
582 2552 620 2625 in
645 2575 817 2630 sermone.
835 2553 1006 2628 Omnium
1024 2551 1178 2650 quidem,
1196 2551 1325 2622 Petrus
1344 2555 1379 2620 et
1404 2543 1541 2619 Paulus
1561 2544 1597 2615 in

378 2691 521 2766 corpore
538 2667 697 2744 ecclesiae
714 2669 775 2744 cui
793 2679 901 2767 caput
927 2667 1095 2743 Christus
1111 2672 1175 2752 est,
1198 2661 1386 2759 geminum
1411 2657 1597 2736 constituti

378 2791 464 2855 sunt
480 2781 604 2856 lumen
621 2781 814 2857 oculorum.
834 2786 929 2869 Quos
946 2789 982 2856 et
998 2778 1124 2855 electio
1141 2803 1255 2876 pares
1272 2787 1308 2852 et
1330 2775 1427 2849 labor
1453 2773 1597 2862 similes,

380 2904 415 2969 et
433 2894 514 2968 finis
532 2894 617 2969 fecit
633 2895 797 2992 aequales.
816 2895 1012 2991 Gregorius
1030 2891 1066 2965 in
1086 2895 1111 2964 l.
1130 2891 1209 2964 libr.
1226 2889 1369 2984 dialogi.
1387 2886 1523 2961 Paulus
1536 2891 1598 2962 Pe·

378 3017 434 3081 tro
452 3007 700 3105 Apostolorum
716 3007 873 3106 Principi
888 3008 925 3080 in
939 3006 1141 3105 principatu
1158 3003 1357 3100 Apostolico
1370 3003 1481 3076 frater
1495 3011 1549 3076 est
1562 3011 1597 3076 et

379 3121 568 3218 utriusque
586 3119 753 3194 meritum
771 3121 809 3193 in
827 3121 912 3196 caelo
928 3121 1047 3218 dispar
1065 3142 1134 3192 non
1152 3127 1215 3192 est.
1230 3117 1460 3213 Augustinus
1477 3115 1515 3188 in
1529 3139 1598 3189 ser·

379 3257 481 3308 mone
500 3232 614 3307 sancti
634 3232 741 3306 Petri.
759 3235 903 3307 Fratres
920 3231 1103 3306 karissimi
1120 3229 1339 3326 gubernator
1356 3230 1394 3302 in
1412 3237 1597 3325 tempesta·

380 3355 415 3422 te
434 3345 639 3421 dinoscitur.
658 3347 735 3420 Duo
752 3345 945 3419 luminaria
963 3370 1096 3443 magna
1113 3349 1244 3419 Petrus
1261 3353 1297 3419 et
1322 3343 1458 3417 Paulus
1483 3342 1546 3440 qui
1566 3366 1599 3416 o·

377 3461 516 3534 mnium
533 3459 700 3555 gentium
713 3459 879 3534 tenebras
892 3459 1088 3547 illustrant,
1102 3469 1138 3535 et
1150 3458 1316 3534 omnibus
1330 3456 1598 3532 veneratoribus

377 3575 452 3648 suis
470 3573 559 3648 bona
577 3573 749 3648 beneficia
767 3583 903 3672 parant.
924 3577 1053 3648 Petrus
1070 3583 1106 3648 et
1124 3573 1259 3647 Paulus
1277 3571 1413 3670 primus
1430 3581 1466 3646 et
1483 3570 1597 3644 novis-

378 3687 492 3760 simus
509 3687 570 3761 sed
586 3695 710 3762 tamen
727 3686 829 3761 ambo
846 3687 991 3785 equales
1010 3686 1094 3785 quia
1112 3709 1183 3760 uon
1200 3695 1255 3762 est
1271 3685 1309 3758 in
1327 3683 1401 3758 illis
1422 3684 1539 3758 maius
1563 3693 1598 3759 et

379 3798 508 3873 minus.
527 3801 574 3874 Et
591 3811 719 3875 cetera.

919 3945 1064 4030 CCXXI.

475 4151 708 4219 Avovsrurvs
726 4145 764 4218 in
783 4169 943 4220 sermone
960 4144 1003 4220 de
1019 4145 1138 4242 gratia
1156 4143 1230 4220 Dei.
1256 4145 1476 4218 Audivimus
1500 4167 1599 4219 vera·

377 4284 455 4335 cem
474 4259 690 4354 magistrum
704 4257 834 4334 fratres
847 4259 927 4347 mei,
941 4259 1184 4358 compatimini
1198 4283 1350 4334 mecum.
1363 4258 1434 4334 Ubi
1444 4256 1599 4354 pelagia·

377 4397 441 4449 nos
454 4373 676 4463 inveneritis,
690 4374 869 4449 occultare
885 4374 1003 4448 nolite.
1013 4376 1092 4448 Non
1101 4372 1149 4447 sit
1161 4373 1198 4445 in
1208 4372 1485 4470 vobisperversa
1499 4369 1599 4444 mise-

377 4489 541 4579 ricordia,
553 4489 625 4564 iam
643 4489 738 4564 enirn
754 4487 879 4565 dehac
895 4513 1005 4568 causa
1018 4485 1250 4564 duoconcilia
1268 4485 1376 4560 missa
1390 4493 1476 4559 sunt
1493 4481 1537 4556 ad
1549 4506 1600 4558 se·
