3638 5294
902 358 1036 424 -472
1059 393 1102 410 -

388 476 451 551 nia
474 501 685 578 pauperum,
705 479 837 576 cuique
860 502 932 554 uon
956 478 1073 554 solum
1096 477 1220 552 habita
1242 502 1467 566 conservare,
1483 503 1616 554 rerum

389 589 500 664 etiam
517 590 633 665 multa
651 593 723 666 Deo
747 591 946 690 opitulante
962 593 1124 667 conferre
1148 603 1341 681 tentamus,
1357 603 1480 666 tamen
1503 601 1546 666 ut
1568 592 1618 666 ab

388 703 651 778 ecelesiasticis
666 704 709 778 de
726 727 797 779 non
821 705 1022 781 diridendis
1047 705 1153 780 rebus
1173 705 1355 796 aeoclesiae,
1371 706 1613 804 suspicionem

388 815 524 890 dudum
549 827 731 915 acceptam
757 820 901 916 penitus
924 844 1183 908 amoveremus,
1207 821 1414 908 statuimus,
1432 831 1477 894 ut
1496 844 1614 916 neque

387 930 521 1004 nostris
540 955 655 1030 neque
676 931 845 1020 filiorum,
869 949 907 1008 ct
930 936 1004 1009 Deo
1028 935 1256 1031 dispensante
1279 957 1528 1009 successorum
1551 956 1615 1006 uo·

390 1051 548 1116 strorum
565 1043 784 1143 temporibus
804 1045 917 1120 ullam
942 1046 1087 1144 penitus
1109 1045 1323 1122 divisionem
1346 1056 1412 1120 ant
1434 1045 1614 1121 iacturam

391 1155 584 1252 patiantur.

905 1301 1094 1386 cxtvlfl,

487 1497 735 1573 Inrnaarouss
760 1499 958 1575 Gratianus
974 1510 1012 1576 et
1027 1500 1306 1575 Valentinianus
1335 1511 1372 1576 et
1392 1502 1610 1576 Theodosius

388 1608 527 1686 Malitio
552 1612 622 1684 ΡΡ.
647 1611 771 1687 Placet
795 1614 1056 1690 rationabiliter
1073 1616 1214 1690 consilii
1229 1631 1351 1690 tenore
1375 1639 1547 1713 perpenso
1562 1615 1616 1688 di-

388 1722 514 1798 stricta
543 1723 780 1800 moderatione
808 1727 1037 1823 perscribere,
1061 1755 1083 1800 a
1108 1729 1239 1826 quibus
1263 1729 1468 1826 specialiter
1493 1752 1615 1802 neces·

388 1837 557 1912 sitatibus
581 1839 751 1915 aecclesiae
774 1842 920 1915 urbium
944 1841 1174 1937 singularum
1198 1842 1400 1916 habeantur
1423 1841 1614 1916 immunes.

390 1949 512 2023 Prima
536 1951 668 2049 quippe
684 1952 785 2027 illius
806 1955 1050 2052 usurpationis
1074 1955 1293 2029 contumelia
1316 1955 1523 2054 depellenda
1546 1965 1613 2042 est,

387 2085 432 2136 ne
449 2063 581 2160 predia
599 2064 723 2140 usibus
739 2065 938 2156 caelestium
956 2078 1175 2145 secretorum
1189 2069 1348 2144 dedicata
1362 2069 1543 2144 sordidum
1557 2069 1612 2140 ni-

388 2173 503 2248 mium
517 2175 595 2252 fece
610 2180 926 2254 vexentur.Niohil
940 2182 1271 2256 extraordinarium
1290 2182 1335 2256 ab
1348 2182 1427 2269 bac,
1439 2207 1547 2281 super
1558 2183 1611 2255 iu-

388 2288 488 2364 ducti
516 2289 668 2366 cuiusve
693 2290 889 2388 flagitetur.
905 2294 1018 2370 Nulla
1041 2295 1317 2390 translationum
1335 2295 1538 2370 sollicitudo
1556 2295 1612 2390 gi·

388 2411 533 2499 gnatur.
542 2405 725 2479 Postremo
737 2405 830 2479 nihil
843 2418 972 2504 prater
988 2410 1198 2484 canonicam
1216 2408 1413 2482 illationem
1431 2433 1538 2506 quam
1551 2409 1611 2482 ad-

387 2515 554 2592 venticiae
571 2519 776 2593 necessitati
794 2521 936 2595 sarcina
953 2524 1140 2622 repentina
1165 2522 1362 2620 poposcerit
1378 2522 1456 2596 eius
1472 2521 1610 2596 fluctio-

389 2631 496 2706 nibus
512 2630 749 2706 ascribantur.
767 2633 904 2731 Siquis
925 2637 1202 2724 contravenerit,
1219 2643 1297 2731 post
1321 2633 1447 2708 debita
1463 2633 1609 2708 ultionis

388 2743 620 2822 acrimoniam
639 2771 718 2846 quae
734 2769 823 2843 erga
840 2748 1036 2844 sacrilegos
1060 2747 1139 2821 iure
1167 2745 1395 2844 promerenda
1420 2753 1486 2834 est,
1502 2744 1610 2819 exilio

388 2869 557 2960 perpetuo
574 2869 712 2936 uratur.
728 2863 808 2936 Dat.
826 2863 932 2936 VIIII
950 2865 994 2935 K.
1018 2861 1124 2936 Iunii.
1141 2861 1332 2934 Ravenna.

897 3051 1099 3138 oxovllss.

817 3260 854 3310 In
872 3270 944 3324 cap.
963 3257 1075 3310 Karoli
1092 3257 1173 3322 Imp.

485 3427 663 3503 Volumus
679 3437 786 3526 atque
803 3429 1040 3528 precipimus
1054 3437 1096 3504 ut
1108 3451 1231 3503 omnes
1247 3435 1378 3502 nostrae
1393 3425 1527 3502 ditione
1548 3449 1612 3499 au·

389 3541 539 3617 xilianto
552 3543 625 3616 Deo
637 3539 801 3630 subiecti,
811 3551 884 3616 tam
896 3542 1045 3617 Romani
1058 3567 1166 3640 quam
1179 3542 1322 3630 Franci,
1332 3540 1536 3628 Alamanni,
1545 3543 1611 3614 Ba·

388 3654 502 3746 ioarii,
516 3657 684 3742 Saxones,
697 3653 855 3750 Toringi,
873 3657 1056 3744 FresoneS,
1073 3654 1181 3744 Galli,
1194 3655 1483 3751 Burgundiones,
1496 3654 1611 3728 Brito

388 3793 464 3859 nes,
480 3766 717 3864 Langobardi,
734 3769 951 3858 GuasconeS,
965 3771 1224 3860 Beneventani,
1241 3770 1372 3860 Cotthi,
1390 3768 1541 3868 Hispani
1555 3791 1612 3842 oe-

389 3884 527 3982 terique
543 3906 666 3958 omnes
682 3882 832 3958 subiecti
849 3883 949 3958 nobis
967 3907 1191 3982 quocumque
1212 3883 1403 3958 videantur
1421 3882 1515 3980 legis
1533 3881 1611 3956 vin·

391 3996 471 4072 culo
487 3995 684 4084 constricti,
702 3995 762 4069 vel
779 3997 1091 4073 consuetudinario
1117 4022 1212 4073 more
1239 3999 1399 4087 connexi,
1415 3997 1511 4073 hanc
1532 4022 1611 4072 sen-

390 4109 540 4185 tentiam
559 4133 666 4207 quam
693 4133 736 4184 ex
752 4111 858 4184 XVI⁰
877 4109 1060 4185 Theodosii
1086 4111 1310 4208 imperatoris
1323 4109 1413 4184 libro
1425 4109 1542 4205 capite
1557 4109 1610 4180 vi-

391 4221 519 4298 delicet
535 4225 605 4298 ΧΓ
618 4222 662 4296 ad
676 4224 895 4318 interrogata
914 4223 1058 4297 Ablavii
1076 4225 1179 4299 ducis
1196 4249 1303 4322 quam
1321 4221 1376 4294 illi
1393 4231 1430 4295 et
1445 4219 1609 4294 omnibus
1739 4241 1744 4250 ·

390 4335 622 4436 perscriptam
648 4337 823 4424 misimus,
840 4337 934 4412 inter
952 4347 1075 4412 nostra
1093 4337 1250 4434 capitula
1268 4359 1330 4433 pro
1347 4335 1428 4430 lege
1442 4323 1609 4418 tenenda,

384 4449 555 4526 consultu
573 4450 731 4526 omnium
755 4449 912 4530 fidelium
939 4459 1140 4528 nostrorum
1166 4449 1361 4547 posuimus,
1378 4445 1460 4543 lego
1484 4443 1609 4520 cuncti
