3618 5316
705 419 746 437 —
771 389 903 460 309,-

190 507 234 580 da
251 513 454 605 competens
469 505 645 597 discretio,
666 507 851 584 sancimus
876 505 908 580 si
933 504 1014 606 quis
1038 505 1198 606 aliquam
1223 505 1412 606 reliquerit

191 618 436 710 hereditatem,
453 618 512 695 vel
530 618 704 716 legatum,
720 621 779 696 vel
797 619 1119 710 fideicommissum,
1136 620 1195 696 vel
1212 619 1422 696 donationis¹

191 732 297 808 titulo
309 731 445 830 aliquid
458 732 604 824 dederit,
618 733 676 809 vol
690 734 890 810 vendiderit
902 734 980 810 sive
992 731 1411 824 sacrosanctisecclesiis,

195 845 253 922 vel
268 845 505 936 xenodochiis,
517 845 576 922 vel
595 846 756 944 ptochiis,
768 847 828 924 vel
842 837 1066 924 monasteriis
1083 847 1334 938 masculorum,
1351 847 1422 924 vel·

192 958 398 1055 virginum,
423 958 482 1035 vel
506 959 825 1062 orphanotrophiis,
849 961 909 1037 vel
932 960 1247 1058 gerontochomiis,
1271 953 1410 1038 necnon

192 1071 271 1146 iure
288 1071 448 1146 civitatis
466 1071 684 1162 relictorum,
701 1073 760 1149 vel
776 1075 998 1166 donatorum,
1014 1073 1074 1151 vel
1095 1074 1334 1173 venditorum,
1358 1075 1411 1152 eis

193 1185 241 1260 sit
265 1184 421 1282 longeva
441 1185 590 1275 exacuo,
615 1185 718 1262 nulla
741 1189 910 1287 temporis
931 1187 1035 1264 solita
1052 1187 1309 1288 perscriptione
1325 1213 1412 1288 prae·

193 1300 395 1375 coartanda.
412 1299 482 1374 Sed
494 1309 530 1374 et
542 1299 572 1374 si
586 1299 624 1373 in
638 1300 915 1401 redemptionem
929 1301 1167 1400 captivorum,
1180 1301 1340 1400 quaedam
1355 1327 1413 1401 pe·

193 1413 320 1504 cuniae,
332 1412 397 1488 'vel
414 1437 471 1489 ras
489 1413 623 1504 relicte,
640 1413 699 1489 vel
716 1413 879 1512 legitimo
896 1415 996 1490 modo
1012 1411 1150 1489 donatae
1171 1423 1268 1504 sunt,
1285 1439 1410 1490 earum

194 1526 376 1602 exactione
391 1525 606 1624 longismam
622 1527 784 1626 (uiolasse
797 1527 1056 1618 censemusltt
1067 1525 1167 1601 nobis
1179 1526 1322 1624 quidem
1336 1549 1411 1603 eor·

192 1642 229 1715 di
247 1651 336 1731 erat,
353 1641 466 1716 nullis
483 1651 683 1740 temporum
702 1641 809 1717 metis
829 1640 1035 1715 huiusmodi
1060 1639 1236 1717 actionem
1259 1633 1414 1717 circum·

194 1753 303 1831 cludi.
321 1755 390 1830 Sed
406 1779 452 1830 ne
468 1754 657 1831 videamur
674 1755 711 1828 in
730 1753 912 1828 inlinitum
926 1753 1020 1830 hano
1034 1752 1234 1844 extendere,
1246 1752 1414 1850 longissi-

195 1893 293 1942 mum
320 1867 406 1942 vitae
429 1867 615 1943 bominum
641 1876 782 1965 tempus
799 1864 981 1962 eligimus,
998 1874 1034 1941 et
1049 1889 1120 1941 non
1145 1865 1352 1942 aliteream
1377 1889 1414 1940 a·

193 1981 346 2056 ctionem
368 1981 466 2054 finiri
487 1981 726 2070 concedimus,
739 1979 809 2055 nisi
823 1981 852 2055 O
868 2002 1044 2054 annorum
1057 1975 1240 2057 curricula
1257 2003 1415 2056 excessa·

195 2095 276 2169 rint.
295 2097 396 2171 Tunc
413 2094 546 2170 etenim
567 2092 811 2176 tantummodo
830 2091 1076 2168 huiuscemodi
1093 2092 1313 2168 exactionem
1331 2117 1414 2168 eva·

199 2231 342 2284 noscere
359 2207 521 2282 sinimus.
543 2207 628 2282 Sive
649 2208 771 2306 itaque
793 2207 999 2282 memoratis
1016 2204 1298 2302 religiosissimis
1313 2205 1412 2296 locis,

197 2321 255 2395 vel
268 2320 489 2410 civitatibus,
502 2319 711 2396 hereditatis
723 2319 800 2394 sive
813 2321 985 2417 legatum,
998 2319 1075 2396 sive
1087 2317 1169 2395 fidei
1182 2319 1413 2395 commissum

194 2436 304 2512 fuerit
321 2435 497 2524 relictum,
513 2435 572 2510 vel
586 2435 736 2524 donatio,
750 2434 809 2510 vel
821 2434 979 2510 venditio
991 2433 1201 2532 processerit
1214 2433 1251 2506 in
1269 2433 1413 2532 quibus·

196 2574 351 2648 cumque
369 2549 474 2626 rebus
492 2549 682 2626 mobilibus
697 2549 756 2625 vel
773 2548 1025 2639 immobilibus,
1038 2548 1115 2624 sive
1127 2571 1190 2646 pro
1206 2547 1412 2646 redemptio·

195 2689 240 2739 ue
258 2663 484 2761 captivorum
503 2664 662 2761 quaedam
678 2661 813 2738 fuerint
825 2663 995 2738 derelicta
1009 2663 1067 2738 vel
1079 2663 1218 2752 donata,
1230 2662 1277 2736 sit
1289 2686 1412 2738 eorum

195 2783 307 2875 penae,
324 2786 493 2875 perpetua
511 2777 724 2864 vendicatis,
742 2788 779 2852 et
791 2775 836 2850 ad
849 2797 961 2848 annos
974 2775 1003 2850 0
1017 2783 1058 2848 ut
1069 2775 1208 2850 dictum
1226 2785 1280 2850 est
1292 2783 1416 2850 exten·

195 2890 311 2980 datur,
328 2889 429 2964 nulla
445 2889 651 2988 exceptione
670 2900 868 2989 temporum
885 2881 1088 2978 inhibenda,
1104 2887 1182 2963 sive
1198 2895 1321 2963 eontra
1343 2886 1414 2987 pri·

196 3029 273 3079 mas
286 3027 464 3102 personas,
477 3005 555 3080 sive
567 3013 692 3080 contra
703 3003 863 3092 heredes,
879 3001 956 3078 sive
969 3023 1191 3078 successores
1203 3023 1325 3078 eorum
1343 3025 1414 3076 mo-

195 3127 360 3193 veantur.
377 3121 419 3192 Iu
436 3117 494 3191 his
510 3127 632 3194 autem
649 3117 816 3192 omnibus
833 3117 976 3194 casibus
993 3140 1063 3192 non
1081 3115 1196 3192 solum
1210 3115 1413 3215 personales

197 3231 355 3306 actiones
380 3230 519 3320 damna,
540 3231 601 3306 sed
626 3239 662 3306 et
685 3239 807 3306 tamen
832 3232 870 3305 in
895 3255 934 3307 re
957 3231 1190 3330 ypothecaria
1214 3230 1413 3306 secundum

196 3355 327 3420 nostrae
339 3354 495 3420 tenorem
508 3344 784 3434 constitutionis,
797 3369 877 3443 quae
889 3343 1075 3440 legatariis
1087 3352 1123 3418 et
1139 3342 1414 3442 hypothecarias

196 3459 351 3548 donavit,
365 3469 401 3534 et
415 3459 628 3557 supradictis
644 3458 820 3549 omnibus,
837 3482 949 3532 unum
964 3456 1206 3532 tantummodo
1218 3457 1414 3532 terminum

196 3573 281 3646 vitae
298 3572 525 3669 imponimus,
542 3572 632 3648 idest
655 3573 684 3648 O
702 3581 817 3647 metas
833 3595 1019 3646 annorum.
1037 3568 1123 3648 Haee
1148 3580 1269 3646 autem
1294 3572 1415 3644 omnia

196 3685 376 3762 observari
394 3687 578 3762 sancimus
595 3687 633 3761 in
647 3685 704 3761 his
716 3685 870 3774 casibus,
886 3683 948 3782 qui
965 3683 1024 3759 vel
1040 3692 1161 3784 postea
1178 3683 1314 3760 fuerint
1326 3683 1414 3775 nati,

199 3798 257 3875 vel
274 3798 364 3873 alias
380 3799 419 3872 in
436 3799 611 3875 iudicium
631 3799 774 3875 deducti
788 3808 882 3874 sunt.
896 3801 988 3872 Data
1001 3801 1035 3870 V
1050 3797 1163 3898 April.
1176 3796 1367 3896 Lampadio
1378 3807 1415 3874 et

198 3915 322 3992 Oreste
338 3916 409 3989 IIII
426 3912 651 3990 Consulibus.
1138 3915 1141 3924 “

726 4054 877 4142 oxma

290 4257 525 4354 Imperatores
550 4253 839 4344 Valentinianus,
863 4253 1079 4331 Theodosius
1096 4251 1256 4352 Augusti
1274 4255 1415 4345 Dextro,

197 4369 328 4446 Comici
346 4395 464 4446 rerum
482 4370 716 4471 privatarum.
734 4371 931 4447 Universae
948 4379 1064 4446 terras
1080 4393 1193 4468 quaea
1209 4366 1343 4443 colonis
1359 4368 1417 4443 do-

197 4482 340 4560 minicis
357 4483 448 4560 iuris
465 4484 614 4560 Romani
632 4483 828 4574 Pontificis,
840 4483 902 4562 vel
916 4483 1009 4580 iuris
1023 4481 1238 4582 templorum
1252 4479 1290 4556 iu
1302 4479 1417 4582 quali·
