3646 5292
869 373 1065 438 -198-

357 491 503 570 nriorem
520 495 675 591 gradum
692 517 853 570 crescere
869 493 1077 584 declinaret,
1094 507 1264 574 asanctae
1277 499 1444 576 memorie
1457 500 1575 578 deces-

357 630 435 682 sore
452 631 529 682 meo
546 607 655 682 missa
671 607 929 706 supplicatione
946 620 1160 706 poposcerat,
1177 637 1223 688 ne
1239 613 1284 687 ad
1300 612 1399 688 bunc
1415 614 1574 691 ordinem

356 721 496 821 invitus
512 722 707 810 accederet,
723 722 790 798 hoc
807 723 903 799 enim
922 727 1001 804 fieri
1019 725 1086 800 sibi
1108 748 1179 799 non
1204 725 1421 825 provehendi
1446 727 1576 823 gratia,

356 833 417 908 sed
434 859 542 909 causa
558 836 830 932 ingratitudinis
847 839 996 918 dicebat.
1008 839 1106 916 Idem
1120 838 1241 914 Natali
1256 840 1426 938 Episcopo
1439 840 1575 915 Saloni·

355 953 448 1021 tano.
465 947 568 1023 Sicut
583 949 720 1024 iustum
737 961 792 1026 est
808 961 850 1027 ut
866 977 969 1029 nemo
989 977 1148 1031 cresccre
1171 961 1324 1050 cogatur
1349 953 1499 1045 invitus,
1523 955 1575 1029 ita

356 1061 572 1136 censendum
590 1073 684 1160 puto,
702 1088 746 1140 ne
764 1068 952 1166 quisquam
965 1068 1089 1143 insons
1101 1068 1147 1144 ab
1158 1068 1294 1145 ordinis
1307 1069 1365 1144 sui
1379 1069 1575 1144 ministerio

355 1173 532 1250 abiciatur
548 1176 690 1253 iniuste.

917 1405 1007 1496 LXI.

451 1630 648 1727 Gregorius
665 1632 832 1708 Ianuario
849 1633 1020 1733 Episcopo
1037 1632 1241 1708 Calaritano
1254 1641 1332 1731 post
1344 1643 1481 1710 caetera.
1495 1636 1577 1709 Per-

354 1743 455 1817 venit
471 1766 608 1842 quoque
625 1746 670 1820 ad
686 1770 750 1820 nes
767 1746 937 1844 quosdam
954 1745 1213 1821 scandalizatos
1238 1745 1360 1837 fuisse,
1385 1747 1477 1845 quod
1501 1771 1577 1845 pre·

355 1854 519 1954 sbyteros
536 1857 731 1935 chrismate
748 1868 898 1956 tangere
923 1885 982 1935 eos
1006 1857 1068 1955 qui
1093 1857 1265 1959 baptizati
1290 1869 1377 1934 sunt
1401 1859 1578 1958 prohibui-

355 1994 446 2043 mus
462 1973 509 2045 Et
525 1995 589 2046 nos
605 1973 747 2070 quidem
765 1974 963 2049 secundum
982 1999 1087 2047 usum
1102 1983 1260 2050 veterem
1275 1973 1436 2050 ecclesiae
1448 1984 1577 2048 nostrae

354 2081 515 2156 fecimus.
533 2085 602 2159 Sed
618 2084 648 2158 si
666 2085 809 2160 omnino
825 2085 892 2162 hac
910 2087 953 2162 de
967 2112 1004 2162 rc
1022 2087 1133 2187 aliqui
1148 2088 1407 2164 contristantur
1419 2087 1481 2162 ubi
1495 2086 1576 2184 Epi·

354 2193 450 2292 scopi
468 2195 609 2287 desunt,
632 2206 674 2272 ut
694 2197 896 2297 presbyteri
909 2199 1018 2274 etiam
1030 2199 1068 2274 in
1083 2200 1259 2276 frontibus
1271 2201 1467 2299 baptizatos
1480 2199 1573 2275 chri·

356 2315 470 2383 smate
486 2317 637 2406 tangere
654 2309 805 2386 debcant
821 2311 1059 2387 concedimus.

910 2537 1017 2622 LXII.

449 2765 649 2860 Gregorius
666 2767 846 2840 Montanae
862 2773 899 2840 et
915 2764 1059 2841 Thomas
1076 2773 1153 2865 post
1170 2773 1301 2841 cetera.
1318 2770 1412 2842 Nam
1429 2765 1578 2842 iustitiae

353 2901 396 2952 ae
413 2877 562 2953 rationis
578 2879 661 2954 ordo
679 2879 815 2970 suadet,
832 2888 873 2955 ut
890 2879 952 2978 qui
973 2904 1038 2952 sua
1063 2904 1084 2952 a
1109 2879 1373 2955 successoribus
1398 2879 1575 2955 desiderat

352 2992 518 3066 mandata
531 2993 680 3082 servari,
694 2993 886 3069 decessoris
906 2993 964 3068 sui
978 2989 1209 3090 proculdubio
1222 2993 1443 3068 voluntatem
1457 3001 1494 3067 et
1506 3000 1576 3066 sta·

353 3115 432 3182 tuta
449 3108 636 3197 custodiat,
653 3107 746 3184 hanc
764 3117 885 3184 autem
901 3106 1194 3183 manumissionis
1207 3107 1376 3205 paginam
1391 3106 1505 3205 patrio
1517 3129 1577 3180 no

352 3219 443 3294 tario
460 3219 683 3295 scribendam
701 3220 919 3310 dictavimus
937 3231 973 3296 et
990 3223 1131 3319 propria
1149 3247 1260 3295 manu
1273 3246 1443 3296 unacum
1457 3221 1575 3295 tribus

353 3332 573 3432 presbyteris
586 3333 765 3432 prioribus
783 3343 819 3410 et
831 3335 947 3411 tribus
959 3335 1167 3412 diaconibus
1177 3359 1237 3434 pro
1250 3336 1456 3434 plenissima
1470 3334 1578 3408 firmi-

351 3455 426 3522 tate
438 3445 725 3546 subscripsimus,
733 3446 902 3547 vobisque
915 3449 1137 3524 tradidimus.
1152 3453 1286 3524 Actum
1301 3449 1338 3522 in
1354 3450 1442 3525 urbe
1456 3451 1576 3524 Roma.

898 3675 1023 3760 LXIII.

444 3901 643 3998 Gregorius
655 3901 832 3978 Bonifatio
844 3901 958 4002 primo
969 3901 1154 3976 defensori.
1168 3905 1253 3977 Post
1266 3925 1389 3999 pauca.
1399 3899 1491 3988 Quia
1504 3899 1574 3998 igi-

351 4022 412 4089 tur
429 4014 655 4090 defensorum
672 4016 829 4092 officium
846 4015 885 4088 in
902 4013 1023 4089 causis
1040 4013 1211 4089 aeclesis
1224 4024 1261 4089 et
1273 4011 1450 4112 obsequiis
1463 4015 1576 4090 nosci·

348 4137 409 4203 tur
425 4127 585 4202 laborare
602 4128 821 4226 pontificum,
837 4127 905 4202 hac
922 4149 980 4202 cos
997 4151 1165 4205 concessa
1182 4127 1427 4227 perspeximus
1441 4151 1572 4206 recom-

349 4240 567 4340 pensationis
576 4239 814 4338 praerogativa
827 4239 997 4337 gaudere,
1006 4241 1265 4318 constituentes
1275 4253 1315 4316 ut
1325 4241 1421 4317 sicut
1429 4241 1468 4315 in
1476 4243 1572 4320 scola

348 4353 566 4429 notariorum
579 4363 686 4452 atque
698 4353 992 4430 subdiaconorum
1002 4355 1248 4452 perindultam
1262 4355 1370 4453 longe
1379 4364 1471 4431 retro
1479 4380 1561 4454 pon·

348 4466 487 4543 tificum
504 4466 712 4567 largitatem
727 4477 813 4543 sunt
827 4467 1021 4565 regionarii
1038 4467 1236 4560 constituti,
1249 4467 1299 4543 ita
1312 4491 1450 4568 quoque
1463 4469 1500 4544 in
1514 4470 1570 4548 de·
