3646 5292
855 383 1051 446 -202-

869 598 1046 684 LXXXIII.

747 807 797 858 Ex
814 815 883 869 reg.
901 803 979 854 vm
999 801 1161 854 Iohannis.

437 977 611 1052 Iohannes
628 976 824 1074 Episcopus
842 971 1141 1048 reverentissimis
1162 980 1199 1046 et
1223 969 1462 1047 sanctissimis
1485 996 1567 1046 con-

344 1091 518 1166 fratribus
535 1089 668 1164 nostris
686 1087 873 1162 Adelfredo
887 1085 1164 1162 cantuariorum
1178 1095 1214 1160 et
1227 1085 1399 1160 Vulfredo
1412 1084 1568 1161 Eburaci

344 1203 642 1303 Archiepisoopis,
655 1225 719 1276 seu
731 1200 896 1275 omnibus
908 1198 1104 1298 Episcopis,
1118 1198 1343 1295 Presbyteris
1359 1208 1395 1273 et
1412 1198 1567 1273 diaconi-

341 1315 409 1392 bus
425 1325 462 1391 et
474 1313 655 1389 universis
668 1313 810 1388 clericis
822 1336 886 1411 per
901 1311 1102 1407 Anglorum
1115 1312 1268 1408 patriam
1282 1311 1497 1385 constitutis.
1509 1314 1567 1385 In-

341 1439 397 1505 ter
413 1435 542 1504 cetera
558 1425 800 1522 congregatis
816 1424 939 1522 itaque
955 1425 1122 1499 omnibus
1137 1423 1338 1520 Anglorum
1351 1423 1567 1524 proceribus,

194 1593 201 1607 ·
343 1542 406 1640 qui
424 1551 513 1616 tunc
529 1539 574 1615 ad
590 1539 734 1616 beatum
752 1541 899 1613 Petrum
916 1537 1096 1634 degebant
1113 1537 1323 1636 Apostolum
1341 1547 1418 1636 post
1434 1537 1566 1612 alteru·

341 1665 480 1730 trarum
498 1654 654 1752 partium
668 1675 848 1749 congruas
865 1652 1147 1728 ratiocinationis
1171 1650 1371 1751 apostolicae
1387 1651 1564 1725 sententia

342 1791 456 1866 usque
480 1767 566 1840 adeo
583 1765 677 1840 sedis
693 1764 896 1863 praevaluit,
920 1775 963 1840 ut
986 1765 1189 1841 voluntarie
1213 1789 1336 1841 omnes
1360 1764 1563 1860 Anglorum

342 1879 466 1956 clerici
479 1878 545 1952 sub
558 1877 645 1977 ipsis
658 1877 799 1974 vigiliis
817 1877 935 1952 sancti
953 1880 1121 1976 Gregorii
1138 1879 1302 1955 laicalem
1320 1890 1355 1955 et
1367 1880 1565 1970 sinuosum,

342 1993 404 2068 scd
420 2001 456 2068 et
473 2001 617 2067 curtum
634 1990 797 2065 habitum
811 1991 1036 2090 deponentes,
1052 1993 1185 2069 talares
1202 1994 1345 2068 tunicas
1366 1994 1565 2068 secundum

341 2109 541 2182 Romanum
560 2127 692 2180 morem
709 2105 910 2195 induerent,
926 2105 1037 2179 huius
1055 2106 1107 2180 rei
1125 2105 1245 2201 gratia
1262 2105 1346 2202 quia
1360 2115 1396 2180 et
1410 2128 1470 2180 vos
1486 2105 1564 2205 pari

341 2220 441 2296 modo
457 2220 496 2294 iu
512 2227 645 2293 sanctes
661 2217 822 2293 ecclesie
839 2228 968 2294 nostrae
985 2243 1128 2320 corpore
1150 2219 1265 2294 veluti
1289 2221 1430 2318 propria
1455 2245 1564 2296 mem·

341 2333 405 2408 bra
419 2331 698 2431 complectimus,
712 2354 774 2428 pro
790 2331 1003 2429 deponendis
1019 2329 1209 2405 laicalibus
1226 2332 1451 2406 vestimentis
1464 2341 1499 2407 et
1512 2355 1564 2407 re·

339 2445 522 2521 sumendis
539 2443 766 2519 clericalibus
783 2444 910 2518 infulis
926 2445 1124 2520 secundum
1137 2447 1304 2520 Romanae
1316 2445 1480 2522 ecolesiae
1493 2467 1564 2520 mo-

344 2582 419 2634 rem
437 2557 648 2632 auctoritate
666 2555 857 2656 apostolica
875 2579 1070 2632 monemus.

888 2756 1025 2841 LXXV.

768 2963 818 3014 Ex
835 2962 928 3015 Rom.
947 2960 1137 3014 Pontifloalt.

437 3122 604 3200 Clemens
621 3123 765 3200 natione
782 3125 964 3198 Romanus
981 3123 1068 3199 fecit
1092 3124 1163 3198 VII
1188 3125 1351 3220 regiones
1375 3123 1487 3199 dividi
1503 3145 1563 3197 no

341 3237 445 3312 tariis
462 3236 625 3312 fidelibus
642 3237 822 3328 aecclesiae,
843 3237 1020 3335 quigesta
1041 3247 1245 3338 martyrum
1267 3239 1418 3316 sollicite
1442 3248 1478 3314 et
1503 3263 1563 3313 cu-

341 3351 431 3425 riose
449 3351 694 3448 unusquisque
712 3375 775 3449 per
792 3351 976 3447 regionem
993 3375 1098 3425 suam
1116 3351 1309 3448 diligenter
1330 3353 1560 3452 perquireret.

434 3467 524 3540 Item
543 3465 725 3540 Antberus
738 3465 882 3540 natione
898 3488 1041 3560 graecus
1062 3475 1166 3561 gesta
1190 3476 1392 3566 martyrum
1409 3466 1561 3563 diligen·

343 3585 398 3654 ter
415 3603 436 3652 a
453 3577 601 3654 notariis
618 3579 785 3677 quaesivit
801 3586 838 3653 et
854 3577 892 3652 in
910 3578 1072 3654 aecclesia
1090 3579 1294 3656 recondidit.

882 3802 1035 3888 LXXVI.

439 4027 630 4104 Evaristus
655 4029 797 4104 natione
820 4051 963 4124 graecus
979 4028 1104 4105 titulos
1124 4031 1163 4104 in
1183 4030 1278 4107 Urbe
1298 4029 1418 4106 Romae
1437 4029 1562 4105 divisit

340 4139 567 4241 Presbyteris
585 4151 620 4217 et
638 4145 708 4217 VII
725 4143 893 4218 Diaconis
911 4141 1091 4219 ordinavit
1103 4143 1166 4240 qui
1184 4143 1404 4218 custodirent
1419 4143 1561 4243 Episco

338 4279 425 4358 pum
442 4255 706 4354 praedicantem,
722 4265 864 4356 propter
882 4254 1073 4331 stimulum
1091 4255 1265 4331 veritatis.
