3618 5316
712 411 908 480 -2'77-

194 534 342 612 lentiam
359 534 468 634 atque
482 533 742 611 insecutionem
767 526 882 634 ipsius
903 534 1110 634 expendisse
1134 536 1194 612 vel
1219 537 1415 637 dampnum

194 649 383 748 pertulisse
392 649 491 724 datos
500 648 942 740 sacramentodrmaverit,
951 649 1064 725 eidem
1079 635 1241 750 episcopo
1253 651 1418 730 restitue·
1438 725 1440 730 .

195 787 233 838 ιι
245 762 533 860 condempnetur.
546 761 586 834 Si
599 770 720 837 autem
733 761 839 838 aliter
851 787 957 861 quam
967 764 1116 839 antefati
1127 765 1280 865 episcopi
1293 767 1417 864 petitio

195 875 356 952 continet
370 885 493 951 actum
511 900 589 951 esse
606 875 754 951 forsitan
767 875 988 974 perhibetur,
1002 877 1181 977 suptiliter
1198 879 1417 977 querendum

195 999 260 1073 est,
275 998 312 1064 et
327 989 474 1086 cognita
491 988 643 1066 veritate
657 1015 740 1066 cum
755 989 820 1065 Dei
834 988 961 1064 timore
978 991 1070 1088 quod
1084 990 1233 1066 iustitiae
1245 993 1327 1067 ordo
1340 1017 1420 1067 sua·

195 1103 281 1178 serit
293 1099 534 1178 iudicandum.
548 1102 640 1190 Quia
654 1102 770 1199 igitur
784 1102 986 1200 Stephanus
1001 1103 1202 1205 Episcopus
1215 1105 1253 1178 in
1266 1105 1343 1181 odio
1355 1129 1419 1182 suo

195 1216 355 1315 quaedam
374 1216 458 1291 ficta
475 1211 569 1290 etde
585 1214 686 1289 falsis
704 1239 742 1291 se
760 1214 931 1313 capitulis
947 1225 1169 1308 accusatum,
1186 1241 1301 1315 neque
1313 1217 1418 1294 alitor

197 1325 443 1402 ordinabiliter
459 1327 608 1416 factum,
625 1326 686 1402 sed
702 1325 837 1402 iniuste
854 1351 892 1402 se
905 1328 1034 1403 asserit
1047 1329 1357 1426 condempnatum,
1369 1330 1420 1403 di·

195 1441 355 1537 ligenter
373 1439 593 1538 querendum
611 1448 674 1514 est.
692 1439 854 1514 Primum
872 1440 903 1514 si
922 1440 1095 1516 iudicium
1109 1441 1352 1518 ordinabiliter
1364 1452 1419 1519 est

197 1553 297 1628 habit
282 1561 444 1642 ttum,au
461 1577 493 1627 ιι
429 1552 569 1627 talii
583 1577 713 1628 accusa
715 1563 820 1643 ores,
828 1553 974 1627 alu
905 1562 974 1628 test
976 1579 1013 1629 es
1026 1554 1182 1629 luerunt.
1191 1555 1326 1630 Deinde
1338 1581 1421 1632 cau·

197 1691 318 1740 sarum
343 1665 556 1764 qualitas,'s1
574 1665 685 1762 digna
702 1664 808 1741 exilio
824 1666 884 1742 vel
899 1666 1113 1794 depositione
1131 1667 1211 1743 fuit.
1229 1673 1304 1764 Aut
1288 1668 1360 1742 tsi
1378 1693 1418 1743 eo

198 1789 370 1878 praesente
385 1780 452 1854 sub
464 1779 695 1856 iureiurando
711 1789 795 1856 ιοιιι
798 1805 835 1852 ιι
848 1805 932 1855 eum
946 1788 1017 1854 test
1002 1779 1191 1856 timonium
1204 1759 1278 1856 dict
1262 1791 1341 1856 tum
1354 1791 1419 1874 est,

198 1921 228 1968 ιι
219 1893 368 1968 contra
385 1917 467 1968 eum
485 1893 597 1990 script
598 1893 629 1966 is
646 1902 704 1967 ιιι
705 1919 768 1966 um
786 1901 850 1982 est,
824 1891 975 1966 trel
944 1918 976 1965 s1
989 1893 1065 1990 ipse
1078 1891 1200 1969 licent'
1173 1902 1261 1968 tram
1279 1919 1420 1994 respon-

197 2005 300 2080 dendi
318 2013 354 2080 et
370 2004 578 2080 defendendi
597 2029 634 2079 sc
651 2004 783 2080 habuit
803 2005 873 2081 Sed
889 2014 926 2082 et
938 2006 982 2081 de
995 2005 1155 2105 personis
1168 2007 1418 2082 accusantium

195 2117 375 2218 suptiliter
392 2117 623 2214 quaerendum
637 2117 816 2206 est‚cuius
829 2114 1059 2209 condicionis,
1072 2119 1222 2196 cuiusve
1235 2119 1419 2220 opinionis,
1513 2155 1516 2161 ¹

194 2241 258 2306 aut
270 2254 315 2305 ne
331 2230 453 2330 inopes
466 2229 550 2317 sint,
563 2239 627 2304 aut
640 2255 684 2303 ne
698 2229 788 2307 forte
800 2232 941 2330 aliquas
954 2241 1077 2309 contra
1088 2232 1204 2333 ipsum
1215 2233 1418 2336 episcopum
1448 2271 1451 2276 ·

196 2343 405 2419 inimicitias
422 2341 642 2433 habuissent,
660 2352 696 2418 ιι
713 2353 836 2418 utrum
854 2345 1100 2420 testimonium
1118 2369 1162 2420 ex
1178 2345 1304 2419 auditu
1325 2346 1420 2422 dixe·

198 2458 282 2546 rint,
297 2466 361 2530 aut
378 2465 474 2531 certe
491 2455 693 2552 specialiter
710 2482 747 2532 se
765 2457 857 2533 scire
874 2456 997 2532 testati
1014 2465 1111 2545 sunt,
1135 2456 1194 2532 vel
1220 2456 1251 2530 si
1275 2457 1420 2555 scriptis

196 2570 393 2646 iudicatum
410 2579 474 2644 est.
487 2565 526 2642 Si
540 2570 702 2668 partibus
714 2569 1312 2670 praesentibussententiaerecitatae
1325 2581 1419 2646 sunt.

197 2683 298 2771 Quod
316 2682 347 2756 si
364 2683 454 2757 forte
478 2680 555 2756 haec
580 2681 822 2781 sollempniter
846 2693 927 2758 acta
952 2675 1023 2758 non
1048 2693 1144 2770 sunt,
1170 2707 1285 2782 noque
1309 2707 1420 2760 causa

198 2797 343 2898 probata
361 2807 415 2872 est
428 2820 508 2894 quae
520 2796 626 2871 exilio
639 2797 698 2870 vel
711 2796 925 2897 depositione
938 2797 1048 2894 digna
1062 2797 1120 2886 sit,
1128 2797 1166 2870 in
1181 2796 1341 2900 aecclesia
1355 2823 1421 2872 sua
1444 2867 1449 2878 ,

201 2909 313 2984 modis
329 2909 495 2985 omnibus
512 2918 709 2985 revocetur.
727 2909 775 2983 Hi
792 2932 876 2985 vero
893 2909 955 3008 qui
972 2919 1094 2986 contra
1112 2909 1177 2985 Dei
1195 2910 1359 2986 timorem
1384 2921 1421 2987 et

201 3030 335 3098 statuta
352 3030 530 3098 canonum
554 3029 638 3097 eum
663 3021 1025 3122 condempnaverunt,
1050 3013 1356 3100 excommunicato
1380 3024 1420 3098 in

199 3161 322 3212 monas
324 3137 413 3211 tario
429 3137 473 3210 ad
486 3136 662 3323 agendam
679 3136 840 3234 peniteat
841 3135 910 3210 iam
925 3137 964 3210 in
977 3140 1029 3210 VI
1044 3135 1225 3211 mensibus
1237 3147 1323 3212 sunt
1339 3137 1421 3213 mit-

201 3249 308 3324 tendi
321 3252 376 3323 lta
389 3257 764 3347 sane,srcu1quam
779 3273 900 3324 eorum
915 3261 1006 3326 mort
1008 3277 1039 3324 1s
1052 3259 1134 3326 con
1132 3251 1246 3346 igerit
1258 3250 1422 3326 immine·
1447 3324 1449 3328 ,

202 3389 240 3440 re
254 3363 509 3452 discrimen,
473 3388 533 3436 ιιι
536 3363 600 3439 ιιιι
614 3364 665 3438 ιιι
677 3363 853 3439 benedict
827 3373 876 3438 ro
885 3387 955 3438 non
965 3373 1075 3458 nege
1076 3388 1129 3436 ur
1139 3366 1228 3460 Ipse
1227 3371 1290 3439 au
1291 3387 1347 3438 em
1357 3387 1420 3460 qur

200 3499 242 3551 co
261 3475 388 3550 vivent
372 3475 584 3551 telocum
552 3501 631 3550 erus
644 3475 832 3552 temerarie
854 3475 999 3550 ambuat
984 3475 1097 3574 tlara)
1119 3475 1237 3572 privat
1238 3501 1282 3549 us
1306 3499 1421 3551 sacer·

198 3590 301 3679 dotio,
317 3590 363 3663 ab
379 3589 475 3664 omni
493 3590 692 3665 ministerio
710 3588 963 3666 aecclesiastico
981 3587 1174 3688 repellatur
1187 3598 1293 3685 atque
1306 3587 1420 3664 eidem

198 3702 430 3778 dilectissimo
446 3702 551 3776 fratri
569 3712 605 3779 et
621 3703 822 3800 coepiscopo
840 3695 961 3776 nostro
977 3701 1151 3790 tradatur,
1172 3709 1215 3775 ut
1239 3724 1322 3776 eum
1346 3700 1422 3800 ipse

198 3816 322 3891 autad
340 3838 403 3890 nos
416 3815 649 3905 transmittat,
662 3825 725 3890 aut
738 3815 832 3913 apud
845 3838 882 3888 sc
899 3813 936 3886 in
950 3813 1111 3889 custodia
1123 3805 1262 3888 habeat.
1280 3813 1422 3911 Episco-

199 3929 235 4026 pi
252 3952 338 4003 vero
355 3929 414 4026 qui
434 3953 516 4003 eum
534 3929 699 4004 ordinare
717 3936 1023 4028 praesumpserunt
1035 3927 1093 4003 vel
1107 3951 1270 4024 perverse
1284 3927 1422 4001 ordina·

200 4041 288 4116 tioni
306 4041 405 4115 illius
422 4043 602 4140 praebuere
621 4066 845 4130 consensum,
858 4042 945 4116 item
960 4040 1207 4117 communione
1224 4039 1369 4140 privati,
1381 4039 1420 4113 in

199 4159 252 4230 VI
271 4157 451 4232 mensibus
468 4158 513 4231 ad
526 4158 704 4254 agendam
718 4155 962 4254 paenitentiam
976 4155 1014 4227 in
1028 4153 1240 4229 monasterio
1253 4153 1422 4252 deputen-

200 4278 270 4343 tur.
289 4269 326 4343 si
344 4279 464 4346 autem
481 4271 633 4370 episcopi
651 4270 688 4343 ιιι
706 4269 913 4370 praeiudicio
930 4258 1257 4367 condempnationis
1281 4265 1340 4340 vel
1364 4266 1422 4341 de·

201 4383 384 4483 positionis
402 4385 587 4460 memorati
605 4383 789 4482 Stephani,
807 4408 845 4458 se
863 4379 960 4457 r'netu
984 4381 1113 4456 iudicis
1130 4377 1362 4469 consensisse,
1378 4403 1421 4454 ac

201 4494 289 4569 talia
305 4496 432 4573 fecisse
450 4521 515 4571 sua
533 4506 657 4596 sponte
674 4496 822 4598 professi
835 4493 1135 4597 fuerinttempus
1148 4485 1200 4570 eis
1212 4491 1421 4569 abbrevian-
