3582 5288
705 393 881 458 ...37-

179 517 352 606 evenerit,
374 528 415 592 ut
431 517 473 592 de
490 515 547 591 sui
566 517 738 592 electione
755 515 972 591 successoris
989 525 1031 589 ut
1049 539 1157 614 supra
1175 513 1311 611 placuit
1336 538 1406 587 non

179 641 298 729 posset
322 641 405 706 ante
426 629 626 718 decernere,
644 628 820 728 siquidem
838 627 875 702 in
902 653 1016 704 unum
1041 627 1151 704 totius
1176 627 1407 703 inclinaverit
1492 681 1496 688 ·

180 743 417 820 ecclesiastici
434 743 571 818 ordinis
587 743 722 831 electio,
739 753 968 818 consecretur
990 741 1126 818 electus
1143 741 1349 840 Episcopus.
1368 741 1406 816 Si

180 857 277 932 enim
290 867 332 932 ut
345 857 433 932 solet
447 857 565 948 studia
578 856 738 954 ceperint
751 881 828 932 esse
841 856 957 931 divisa
970 856 1172 932 eorumdem
1191 855 1321 954 quibus
1333 880 1407 931 cer·

179 983 301 1047 tamen
320 970 507 1045 emerserit
528 969 720 1045 convincat
745 970 923 1046 sententia
942 970 1188 1069 plurimorum.
1206 971 1267 1044 Sic
1284 979 1406 1045 tamen

180 1095 221 1159 ut
238 1083 434 1159 sacerdotio
451 1093 583 1168 careat,
600 1083 661 1181 qui
681 1091 810 1181 captus
824 1082 1065 1180 promissione,
1078 1105 1148 1156 non
1163 1079 1404 1157 reotoiudicio

179 1201 222 1275 de
238 1199 412 1275 electione
430 1198 640 1274 decreverit.
658 1198 827 1295 Synodus
844 1195 934 1270 dixit
952 1195 1091 1270 Placet:
1109 1194 1245 1270 dictum
1264 1197 1404 1269 001111*-

181 1318 330 1412 Propter
346 1313 507 1390 occultas
524 1323 644 1388 autem
662 1312 809 1386 fraudes
826 1319 862 1384 et
879 1307 1165 1382 coniurationum
1184 1317 1339 1382 secretas
1353 1308 1406 1382 in-

178 1427 287 1502 sidias
304 1451 394 1524 quas
406 1426 516 1500 huius
530 1425 707 1500 sententia
720 1421 956 1500 districtionis
969 1422 1142 1520 sequitur,
1156 1421 1186 1495 si
1200 1422 1281 1520 quis
1293 1423 1338 1496 ad
1350 1448 1405 1499 ec·

177 1540 417 1615 clesiastioam
428 1538 615 1636 pertulerit
624 1537 790 1612 notitiam
799 1536 950 1612 consilia
963 1560 1086 1611 eorum
1100 1535 1162 1634 qui
1175 1546 1299 1612 contra
1309 1536 1404 1612 hanc

182 1652 348 1726 sinodum
362 1653 405 1727 do
419 1651 614 1749 pontificali
628 1651 771 1747 egerint
787 1650 924 1726 ambitu
937 1661 973 1726 et
987 1649 1188 1730 rationabili
1201 1651 1404 1748 probatione

178 1766 377 1841 convicerit
398 1765 590 1863 participes
606 1763 768 1854 actionis,
785 1764 988 1838 huiusmodi
1006 1788 1076 1838 non
1094 1763 1209 1838 solum
1223 1775 1403 1862 purgatus

177 1879 222 1953 ab
239 1879 336 1953 omni
353 1879 459 1977 culpa
476 1881 534 1967 sit,
552 1878 739 1954 sedetiam
757 1875 1041 1954 remuneratione
1059 1901 1139 1974 quae
1156 1900 1226 1950 non
1252 1877 1403 1974 indigna

177 1993 225 2067 sit
242 1992 462 2069 sublevetur.
480 1993 657 2069 Universa
672 1992 832 2091 synodus
846 2017 1000 2088 surgens
1013 1991 1239 2068 acclamavit.
1253 1992 1403 2068 Placent

177 2108 306 2182 omnia.
333 2111 379 2183 Et
402 2109 535 2184 adiecit
558 2107 697 2182 Exaudi
727 2111 816 2206 Xpe.
846 2105 1026 2205 Symacho
1055 2106 1142 2180 vita.
1171 2107 1317 2182 Dictum
1347 2118 1402 2182 ost

178 2223 325 2295 XXX⁸⁸·
348 2225 398 2296 Ut
415 2220 538 2296 nullus
555 2220 661 2296 aliter
677 2220 722 2294 ad
739 2221 992 2318 Episcopatum
1010 2223 1209 2295 Romanum
1236 2220 1402 2319 deinceps

6 2325 7 2342 ¹
101 2408 108 2416 ,
176 2333 299 2410 veniat
317 2360 516 2432 precamur.
534 2335 681 2410 Dictum
701 2345 755 2409 est
772 2338 845 2409 X⁰⁸-
863 2338 910 2409 Ut
924 2344 1044 2410 nostra
1058 2336 1198 2411 decreta
1212 2337 1400 2410 confirmes

176 2471 357 2545 rogamus
375 2448 521 2525 Dictum
538 2459 593 2523 est
609 2452 686 2522 Χθδ.

723 2681 846 2764 OVlll.
915 2669 917 2674 ’

271 2914 314 2985 111
331 2911 454 2986 eadem
473 2909 603 2986 sinodo.
620 2909 780 2984 Ennodio
797 2910 968 3008 Episcopo
985 2907 1152 2984 dictante.
1178 2913 1312 2985 Beatus
1337 2915 1401 2986 Pe-

173 3037 253 3101 trus
278 3049 469 3124 perennem
488 3024 696 3100 meritorum
723 3023 838 3099 dotem
864 3049 948 3099 cum
966 3021 1162 3098 hereditate
1185 3021 1399 3098 innocentiae

174 3139 275 3216 misit
290 3139 336 3214 ad
354 3150 518 3238 posteros.
536 3140 636 3227 Quod
653 3140 707 3212 illi
725 3161 934 3214 concessum
952 3160 1015 3234 por
1039 3145 1188 3211 actuum
1213 3135 1332 3212 lucem
1354 3137 1399 3212 ad

172 3255 254 3330 illos
272 3255 425 3354 pertinet
442 3279 530 3353 quos
547 3279 609 3352 par
631 3251 875 3330 conversionis
902 3249 1066 3348 splendor
1091 3248 1283 3324 illuminat.
1310 3251 1398 3338 Quis

174 3381 340 3446 sanctum
358 3394 435 3444 esse
452 3370 602 3459 dubitet,
619 3395 725 3467 quem
742 3393 832 3466 apex
847 3377 958 3442 tantae
974 3364 1163 3462 dignitatis
1179 3365 1339 3440 attollit?
1356 3370 1398 3440 In

173 3511 241 3585 quo
259 3484 289 3558 si
307 3483 424 3558 desint
435 3484 526 3558 bona
539 3483 715 3582 acquisita
729 3506 791 3579 per
808 3480 988 3568 meritum,
1005 3478 1192 3554 sufficiunt
1204 3504 1283 3577 quae
1295 3504 1317 3552 a
1329 3477 1397 3556 loci

172 3599 354 3674 decessore
380 3606 604 3694 praestantur.
627 3601 701 3670 Aut
727 3597 823 3670 enim
840 3595 954 3670 claros
971 3595 1015 3668 ad
1032 3593 1099 3668 hoc
1115 3593 1264 3689 fastigia
1281 3593 1397 3689 eligit,

171 3723 234 3788 aut
252 3712 314 3810 qui
332 3711 522 3808 eliguntur
538 3711 706 3785 illustrat.
724 3709 909 3784 Pronoscit
921 3707 1006 3805 quid
1019 3705 1252 3782 ecclesiarum
1270 3705 1395 3780 funda-

172 3836 292 3902 mento
305 3824 353 3899 sit
366 3824 483 3899 habile
502 3849 608 3922 super
624 3849 731 3922 quem
745 3823 755 3896 i
759 3849 821 3921 psa
835 3821 945 3896 moles
957 3820 1136 3894 innititur.
1150 3822 1241 3895 Item
1255 3819 1396 3895 ibidem.

173 3941 336 4016 Aliorum
354 3939 515 4014 omnium
533 3963 661 4014 causas
678 3941 776 4013 Deus
793 3937 908 4012 voluit
926 3961 988 4034 per
1004 3935 1167 4010 homines
1191 3934 1395 4010 terminare.

172 4054 240 4129 Sed
257 4053 365 4127 istius
382 4053 474 4128 sedis
492 4051 692 4127 Praesulum
710 4075 774 4126 suo
791 4051 867 4126 sine
880 4051 1075 4148 quaestione
1089 4048 1290 4125 reservavit
1305 4048 1396 4124 arbi·

170 4168 248 4243 trio.
266 4167 394 4242 Voluit
406 4167 500 4242 boati
513 4165 612 4242 Petri
627 4165 785 4264 Apostoli
801 4188 1034 4254 successores,
1047 4164 1164 4240 celum
1178 4172 1321 4239 tantum
1338 4162 1395 4237 de·

170 4282 251 4357 bere
269 4281 512 4356 innocontiam
529 4291 566 4355 ot
583 4279 810 4355 subtilissimi
828 4278 1040 4355 discussoris
1057 4276 1221 4373 indagini
1246 4275 1394 4349 inviola-

169 4406 242 4470 tam
256 4395 421 4472 exhibere
430 4393 695 4471 conscientiam.
706 4398 751 4470 Et
760 4393 864 4467 infra.
873 4393 1276 4493 Replicabosanctorum
1286 4412 1391 4466 voces

169 4510 383 4587 Pontificum
402 4509 628 4606 dignitatem,
647 4509 764 4584 sedem
782 4507 860 4584 eius
877 4509 1009 4584 factam
1024 4515 1096 4582 1010
1108 4505 1190 4580 orbe
1208 4502 1393 4580 venerabi·
