3618 5316
718 415 914 477 -319-

208 529 372 621 minensi,
390 539 426 607 ot
443 532 550 608 matri
577 518 808 608 eius'sibillae
832 536 928 611 sicut
953 534 1088 632 legitur
1115 537 1151 611 io
1178 536 1295 614 tribus
1319 539 1431 616 cartis

211 645 357 722 armarii
376 649 626 724 Lateranensis
644 647 785 722 Palatii.
803 650 891 723 Item
917 650 954 723 in
979 649 1050 725 alio
1074 659 1168 727 tomo
1191 651 1259 726 sub
1275 653 1432 730 Iohanne

207 763 280 835 XV
299 764 394 859 Papa
413 763 583 858 Dagomae
601 761 709 838 iudex
724 773 761 838 ct
781 765 847 838 Ote
863 763 1032 852 senatrix,
1050 773 1086 838 et
1103 764 1169 838 filii
1193 789 1315 840 eorum
1333 767 1432 856 Misi·

206 899 285 951 oam
311 884 347 951 et
374 877 547 952 Labertus
571 877 692 952 nescio
716 876 821 952 cuius
852 875 973 972 gentis
1002 875 1163 953 homines
1192 888 1277 976 puto
1305 889 1427 956 autmn

203 987 336 1064 Fardos
353 989 475 1081 fuisse,
492 989 659 1090 quoniam
677 990 745 1089 ipsi
763 1015 784 1062 a
801 991 871 1063 IIII
888 988 1067 1064 iudicibus
1089 1001 1278 1087 reguntur,
1296 991 1425 1088 legun·

211 1110 272 1176 tur
295 1101 397 1180 beato
414 1107 521 1180 Petro
546 1103 740 1180 contulisse
765 1127 875 1178 unam
901 1103 1086 1210 civitatem
1111 1103 1149 1178 in
1179 1103 1321 1202 integro
1350 1130 1429 1204 qum

207 1225 358 1291 vocatur
375 1217 612 1315 Schinesghe,
629 1243 713 1294 eum
726 1217 890 1292 omnibus
907 1217 983 1292 suis
1000 1218 1237 1316 pertinentiis
1253 1220 1349 1294 infra
1366 1219 1430 1295 hos

209 1328 346 1420 affines,
364 1331 473 1406 sicuti
490 1331 619 1430 incipit
635 1357 657 1404 a
675 1331 788 1430 primo
804 1330 915 1407 latere
933 1331 1083 1428 longum
1101 1357 1208 1422 mare,
1225 1332 1426 1410 finebruzze

209 1467 322 1542 usque
339 1445 377 1518 in
394 1445 513 1522 locum
532 1446 594 1546 qui
619 1445 753 1521 dicitur
778 1469 890 1535 rasse,
907 1454 943 1520 et
968 1445 1058 1520 fines
1087 1469 1189 1520 rusae
1217 1445 1428 1521 extendente

211 1581 323 1656 usque
349 1560 388 1634 in
413 1584 560 1637 craecoa
585 1569 621 1636 et
642 1560 687 1634 ab
704 1560 781 1658 ipse
798 1581 945 1635 cracooa
963 1581 1076 1655 usqne
1100 1557 1145 1632 ad
1169 1555 1304 1633 flumen
1322 1558 1429 1646 Odde,

208 1679 304 1744 recte
321 1671 360 1745 in
377 1671 495 1748 locum
512 1674 574 1772 qui
592 1673 726 1749 dicitur
748 1671 907 1747 ademare
925 1681 960 1745 et
981 1669 1025 1745 ab
1046 1670 1122 1768 ipsa
1137 1669 1297 1746 alemura
1315 1696 1428 1770 usque
1450 1701 1452 1706 ’

206 1780 397 1858 interram
415 1785 533 1875 Milze,
551 1795 647 1861 recte
676 1785 772 1859 intra
789 1783 923 1859 Oddem
941 1792 975 1858 et
993 1783 1120 1859 exinde
1148 1783 1300 1860 ducente
1330 1785 1430 1862 iuxta

207 1891 342 1972 flumen
361 1897 498 1973 Oddera
522 1899 692 1996 usquein
710 1896 916 1995 predictam
942 1897 1127 1974 civitatem
1146 1898 1381 1996 Schinesghe.
1400 1903 1431 1974 1-

209 2015 281 2081 tem
291 2008 327 2082 in
338 2010 408 2086 alio
420 2011 554 2086 tomulo
567 2011 741 2109 leguntur
754 2009 870 2086 locata
882 2010 993 2086 fuisse
1007 2035 1028 2083 a
1041 2011 1431 2108 patrimonioRomanae

207 2120 368 2198 ecclesis
381 2124 417 2197 in
433 2125 604 2199 comitatu
622 2123 807 2214 Perusino,
823 2122 915 2198 idest
931 2148 1048 2198 massa
1066 2125 1108 2199 de
1126 2127 1297 2216 Fascano,
1315 2149 1431 2200 massa

208 2232 251 2308 de
269 2235 456 2332 Corgnolo.
473 2240 592 2311 Massa
610 2237 653 2312 de
670 2236 821 2326 filiunci,
838 2262 956 2312 massa
973 2236 1017 2312 de
1033 2237 1194 2337 pusoulo,
1212 2263 1329 2314 massa
1348 2263 1428 2313 san-

206 2357 274 2424 ctae
287 2351 510 2446 Margaritae,
523 2375 641 2424 massa
658 2351 700 2424 de
714 2349 1015 2448 agelione,massa
1032 2351 1075 2427 de
1096 2351 1298 2448 morgialla,
1312 2376 1429 2426 massa

207 2462 250 2537 de
275 2461 424 2554 caliano,
443 2487 559 2536 massa
584 2462 700 2537 sancti
718 2463 877 2560 Georgii,
896 2489 999 2538 maxa
1016 2463 1137 2540 iuxsta
1153 2464 1291 2556 lunoni,
1308 2489 1426 2538 massa

209 2574 252 2650 de
276 2585 395 2652 monte
419 2585 533 2665 teum,
551 2600 667 2650 massa
692 2573 760 2650 sub
785 2577 905 2652 daano.
922 2580 1040 2652 Massa
1066 2579 1160 2652 iusta
1186 2579 1289 2669 riam,
1305 2602 1424 2652 massa

205 2698 339 2764 sanotae
356 2689 480 2764 Mariae
498 2689 536 2762 in
553 2689 704 2779 Petroio,
722 2714 839 2764 massa
856 2691 899 2766 de
913 2691 1085 2778 tauliana,
1104 2715 1221 2766 massa
1234 2691 1339 2766 vinea
1352 2690 1426 2764 lon-

207 2823 266 2895 ga.
283 2804 402 2876 Massa
419 2802 578 2892 rancolfi,
594 2827 712 2876 massa
728 2803 771 2878 de
783 2827 880 2893 arne,
897 2828 980 2879 cum
1002 2802 1170 2893 castellis,
1186 2802 1296 2893 villis,
1313 2803 1426 2879 silvis.

207 2916 325 2988 Massa
339 2915 439 2988 iuxta
453 2915 639 2990 civitatem
654 2914 875 3006 Perusinum,
889 2941 1007 2991 massa
1024 2917 1066 2992 de
1080 2927 1199 2992 monte
1211 2915 1293 3007 alto,
1307 2941 1425 2991 massa

207 3027 249 3102 de
272 3027 533 3124 mantiignana,
551 3027 729 3104 massada
747 3039 865 3105 monto
883 3030 1109 3128 passignano.
1126 3033 1246 3106 Massa
1263 3029 1306 3104 de
1323 3053 1429 3105 anca·

207 3141 367 3234 gianula.
380 3143 496 3244 Lacus
513 3141 655 3238 integer
672 3166 753 3216 cum
769 3141 884 3216 tribus
896 3144 1165 3219 insulisMassa
1177 3143 1219 3218 de
1233 3143 1379 3218 miliano
1392 3155 1428 3218 et

207 3253 340 3350 sigilla.
358 3257 477 3346 Massa
495 3264 663 3355 supporta
681 3253 807 3343 solum,
824 3281 930 3354 quam
944 3257 1106 3333 detinent
1124 3255 1295 3332 canonici
1313 3255 1429 3332 sancti

207 3367 404 3444 Laurentii.
418 3371 536 3442 Massa
546 3367 792 3443 intentionosa.
803 3368 893 3442 ltem
904 3367 942 3441 in
955 3367 1025 3442 alio
1034 3367 1181 3444 carticio
1190 3377 1283 3442 tomo
1291 3367 1429 3462 legitur

205 3483 275 3554 VII
293 3479 510 3576 Gregorium
529 3484 661 3578 Papam
685 3479 819 3556 locasse
846 3488 1006 3555 castrum
1029 3478 1238 3569 Abininum,
1255 3478 1365 3553 situm
1391 3479 1429 3552 in

205 3591 396 3668 Narniensi
420 3591 603 3683 comitatu,
624 3617 708 3668 cum
724 3591 842 3683 terris,
858 3593 988 3682 vineis,
1005 3591 1119 3680 silvis,
1136 3590 1259 3690 pratis,
1275 3591 1431 3691 pascuis,

206 3705 575 3795 montibuscollibue
592 3706 707 3804 aquis,
726 3705 825 3794 rivis,
842 3709 969 3803 puteis,
982 3731 1065 3782 cum
1084 3703 1248 3779 omnibus
1265 3704 1342 3778 suis
1353 3727 1431 3802 per·

205 3819 379 3910 tinentiis,
396 3819 495 3893 intus
517 3828 553 3893 et
577 3819 673 3908 foris,
700 3817 809 3892 cultis
835 3829 871 3892 et
895 3816 1053 3892 incultis.
1080 3820 1144 3891 Est
1172 3824 1293 3890 autem
1318 3814 1429 3888 situm

207 3932 302 4006 inter
318 3931 382 4007 hos
398 3931 533 4006 affines.
551 3931 607 4006 Ab
622 3953 694 4004 uno
711 3931 823 4005 latera
841 3930 942 4008 rivus
959 3929 1022 4028 qui
1044 3928 1177 4004 dicitur
1200 3927 1282 4018 laia,
1299 3927 1344 4002 ab
1360 3927 1431 4002 alio

206 4054 303 4122 terra
321 4045 465 4144 poponis
482 4067 699 4142 suorumque
720 4043 946 4118 consortium.
965 4048 998 4117 Α
1014 4043 1120 4118 tertio
1141 4041 1252 4118 latere
1278 4041 1337 4114 via
1362 4041 1432 4115 asi-

206 4159 307 4232 naria
321 4183 401 4258 qnae
418 4156 550 4233 dicitnr
562 4157 606 4232 ad
620 4165 775 4233 montem
790 4157 890 4232 mori.
904 4162 936 4231 A
950 4159 1021 4232 IIII
1034 4157 1145 4232 latere
1159 4155 1323 4255 criptulae
1335 4179 1356 4228 a
1369 4154 1430 4228 via

207 4296 286 4369 quae
303 4272 403 4347 ducit
419 4271 464 4346 ad
480 4281 646 4346 sanctum
665 4270 883 4345 Silvestrum
901 4280 938 4346 et
953 4293 1067 4367 usque
1092 4269 1131 4343 in
1156 4278 1288 4343 terram
1313 4269 1429 4343 carvi-

208 4409 281 4458 sem
314 4393 460 4482 praestat
483 4381 671 4458 annuatim
697 4380 829 4480 palatio
853 4379 1083 4456 Lateranensi
1109 4379 1147 4453 in
1170 4378 1343 4455 Kalendis
1372 4401 1431 4453 no

206 4495 376 4586 vembris,
388 4497 431 4571 de
444 4518 660 4593 unaquaque
676 4495 778 4570 domo
790 4493 953 4569 denarios
971 4492 1123 4570 maiores
1136 4491 1280 4590 quidem
1295 4493 1348 4566 VI
1362 4515 1432 4566 me·
