3646 5292
890 425 930 440 -
954 390 1022 456 222
1047 422 1087 439 -

376 513 451 588 tius
469 511 588 588 visum
606 519 661 587 est
677 510 795 588 adhuc
813 511 959 588 interim
975 509 1150 585 latebram
1167 519 1203 585 et
1219 509 1375 608 quietem
1391 518 1523 601 tenere,
1545 533 1599 586 re·

376 637 496 725 specto
509 627 709 701 utilitatum
723 627 887 715 aliarum,
896 625 1028 724 quaead
1042 649 1164 724 pacem
1178 624 1338 699 omnium
1351 633 1512 701 nostrum
1524 649 1599 722 per·

375 743 493 817 tinent
509 751 546 816 ct
562 740 725 816 salutem.
743 744 906 828 Quarum
922 738 1024 814 vobis
1040 763 1061 810 a
1079 737 1239 813 Tertullo
1257 739 1366 813 fratre
1391 747 1511 814 nostro
1535 739 1598 813 ka·

376 855 516 929 rissimo
534 853 625 929 ratio
642 854 818 942 reddetur,
836 853 900 951 qui
917 876 978 950 pro
995 862 1123 928 caetera
1140 877 1227 928 cura
1245 877 1310 926 sua
1331 877 1439 950 quam
1464 852 1596 950 impen-

376 993 415 1043 se
432 967 566 1042 divinis
583 965 747 1066 operibus
764 965 934 1064 impertit,
959 966 1066 1040 etiam
1092 965 1203 1039 buius
1227 964 1431 1040 consiliator
1455 965 1536 1054 fuit,
1556 976 1599 1040 ut

376 1091 505 1156 cautus
522 1088 558 1154 ct
575 1079 778 1153 moderatus
794 1078 993 1153 existerem.
1010 1083 1087 1154 Nec
1104 1105 1160 1154 me
1178 1080 1216 1152 in
1234 1094 1464 1176 conspectum
1484 1078 1598 1177 publi-

376 1219 471 1284 cum,
486 1202 521 1268 et
539 1190 691 1266 maxime
709 1191 787 1266 eius
803 1189 870 1265 loci
885 1190 946 1265 ubi
959 1191 1090 1266 totiens
1106 1191 1279 1290 quaesitus
1296 1191 1444 1266 fuissem
1461 1201 1597 1267 temere

378 1305 648 1382 committerem.
666 1308 796 1378 Fretus
813 1328 899 1401 ergo
915 1304 1102 1379 dilectione
1119 1312 1155 1378 et
1181 1303 1354 1400 religione
1379 1327 1487 1402 quam
1509 1305 1598 1379 satis

376 1417 472 1508 novi,
488 1418 544 1492 his
561 1416 692 1492 litteris
709 1427 745 1492 et
761 1416 882 1492 hortor
899 1427 935 1492 et
953 1419 1090 1506 mando,
1115 1429 1157 1491 ut
1182 1441 1244 1491 vos
1269 1441 1421 1514 quorum
1449 1417 1598 1492 minime

376 1533 452 1608 illic
477 1530 663 1620 invidiosa,
685 1543 721 1606 et
743 1555 814 1606 non
831 1531 917 1606 adeo
934 1531 1131 1630 periculosa
1149 1531 1328 1630 presentia
1345 1540 1400 1605 est
1416 1529 1496 1605 viee
1519 1555 1598 1606 mea

377 1645 584 1742 fungamini
601 1645 698 1721 circa
716 1645 874 1741 gerenda
891 1649 933 1719 e'a
950 1669 1030 1743 quae
1042 1643 1304 1718 administratio
1316 1644 1482 1740 religiosa
1499 1643 1600 1741 depo-

377 1760 456 1849 scit,
468 1759 640 1834 habeatnr
654 1759 750 1834 intra
763 1758 802 1832 in
815 1769 991 1857 quantum
1005 1765 1168 1854 potestat
1181 1780 1375 1854 pauperum
1390 1780 1487 1832 cura.
1500 1755 1597 1830 Idem

378 1872 604 1970 Presbyteris
621 1881 657 1948 et
674 1873 893 1948 Diaconibus
910 1871 986 1947 suis
1003 1869 1097 1945 inter
1115 1879 1254 1946 caetera.
1272 1871 1327 1944 Ad
1345 1870 1380 1944 id
1396 1893 1482 1944 vero
1506 1870 1599 1968 quod

378 1986 669 2084 conscripserunt
695 1984 983 2085 Compresbyteri
1001 1988 1160 2059 Donatus
1176 1993 1211 2059 et
1229 1987 1459 2074 Fortunatus,
1477 1994 1513 2059 et
1530 1989 1599 2060 No·

376 2110 485 2176 vatus
502 2111 538 2177 et
556 2100 711 2176 Gordius
727 2101 825 2177 solus
842 2099 1035 2177 rescribere
1053 2097 1167 2172 nichil
1184 2098 1294 2195 potui,
1319 2098 1459 2195 quando
1483 2124 1505 2171 a
1530 2098 1601 2196 pri-

377 2215 510 2290 mordio
521 2214 744 2314 episcopatus
757 2213 827 2290 mei
840 2213 1027 2289 statuerim
1041 2212 1155 2288 nichil
1169 2211 1247 2288 sine
1259 2213 1407 2288 consilio
1419 2224 1549 2301 vestro,
1563 2223 1600 2290 ct

377 2328 455 2404 sine
472 2352 647 2404 consensu
665 2327 779 2426 plebis
796 2327 964 2426 privatim
982 2351 1107 2423 gerere
1126 2353 1203 2402 mea
1228 2327 1416 2402 sententia.
1435 2329 1527 2402 Cum
1554 2329 1599 2402 ad

375 2467 439 2518 vos
455 2467 518 2542 per
535 2443 617 2518 fidei
633 2443 790 2540 gratiam
810 2466 949 2531 venero,
966 2451 1055 2517 tunc
1072 2442 1113 2515 de
1131 2441 1189 2516 his
1207 2467 1286 2540 quaa
1303 2452 1406 2539 gesta
1429 2453 1515 2517 sunt
1540 2443 1599 2518 vel

376 2557 545 2654 gerenda,
562 2557 658 2632 sicut
670 2556 780 2631 honor
795 2567 943 2630 mutuus
957 2556 1088 2654 posseit
1101 2557 1138 2630 in
1152 2580 1339 2632 commune
1354 2557 1598 2633 tractabimus.

376 2673 473 2746 Idem
491 2672 528 2744 in
550 2670 701 2747 concilio
717 2693 781 2745 suo
798 2671 943 2744 firmum
960 2670 1143 2746 decretum
1161 2693 1238 2744 esse
1260 2692 1329 2742 non
1356 2681 1480 2767 potest,
1507 2671 1599 2768 quod

376 2809 446 2860 non
465 2784 701 2882 plurimorum
720 2782 901 2857 videbitur
918 2781 1084 2856 habuisse
1103 2803 1326 2855 consensum.
1345 2782 1442 2857 Idem
1460 2783 1496 2855 in
1514 2807 1595 2857 con-

376 2897 460 2973 cilio
478 2921 550 2971 suo.
567 2900 610 2970 In
627 2895 824 2972 minoribus
843 2895 961 2988 causis
979 2895 1174 2970 sanctiores
1192 2895 1508 2994 prudentioresque
1529 2897 1597 2969 sra-

376 3022 449 3084 tres
467 3019 581 3085 rectos
599 3009 644 3084 ad
660 3035 767 3083 suurn
784 3009 981 3107 Episcopus
998 3017 1169 3083 convocet
1186 3008 1387 3082 consilinm.
1405 3011 1447 3082 ln
1461 3009 1601 3082 maiori-

375 3122 443 3197 bus
460 3145 545 3196 vero
561 3145 702 3196 omnem
720 3121 869 3196 fratrem
886 3130 1058 3197 convocet
1075 3131 1305 3196 conventum.
1323 3122 1423 3209 Quod
1439 3122 1470 3194 si
1494 3121 1600 3196 aliter

378 3234 515 3332 regerit,
532 3235 633 3309 iuxta
651 3243 857 3310 sanctorum
875 3259 1052 3310 canonum
1071 3235 1212 3310 decreta
1230 3235 1332 3309 irrita
1346 3245 1382 3310 et
1394 3235 1537 3308 infirma
1551 3235 1600 3309 sit

381 3349 460 3423 cius
476 3347 663 3423 sententia.

939 3576 1030 3661 (llll.

474 3800 681 3899 Cyprianus
697 3801 923 3901 Presbyteris
940 3809 977 3877 et
993 3800 1160 3877 Diaconis
1177 3811 1213 3876 et
1230 3801 1322 3898 plebi
1340 3801 1473 3875 Furnis
1489 3801 1603 3876 consi·

378 3911 564 3988 stentibus.
581 3916 679 3990 Inter
696 3924 834 3990 caetera.
848 3919 961 3990 Nemo
979 3913 1138 3987 militans
1156 3916 1230 3988 Deo
1246 3913 1409 4011 implicat
1433 3939 1471 3989 se
1495 3939 1603 4010 nego-

377 4025 439 4100 tiis
455 4024 699 4117 saecularibus,
717 4035 758 4101 ut
771 4027 880 4125 possit
892 4027 1032 4126 placere
1046 4027 1080 4102 ei
1093 4026 1154 4124 qui
1169 4052 1205 4102 se
1220 4027 1392 4124 probavit.
1406 4027 1505 4115 Quod
1518 4053 1603 4102 curn

378 4139 420 4212 de
433 4137 599 4212 omnibus
612 4137 748 4215 dictum
762 4139 821 4230 sit,
834 4151 966 4238 quanto
978 4139 1097 4236 magis
1110 4139 1282 4215 molestiis
1294 4151 1331 4215 et
1343 4139 1481 4238 laqueis
1493 4165 1605 4214 saecu-

380 4250 517 4326 laribus
533 4249 687 4348 obligari
704 4274 774 4325 non
792 4253 919 4328 debent
935 4254 996 4351 qui
1014 4253 1149 4326 divinis
1172 4255 1277 4328 rebus
1293 4265 1330 4328 et
1354 4253 1604 4352 spiritualibus

379 4364 544 4464 occupati
560 4364 605 4440 ab
622 4365 773 4440 ecclesia
791 4367 963 4457 recedere,
980 4367 1071 4442 etad
1085 4377 1243 4443 terrenos
1261 4380 1296 4441 et
1308 4367 1488 4444 seculares
1500 4377 1605 4443 actus

380 4500 510 4553 vacare
526 4499 597 4552 non
615 4488 772 4574 possunt.
791 4479 906 4554 Cuius
930 4480 1161 4555 ordinationis
1181 4491 1217 4555 et
1243 4481 1428 4576 religionis
1453 4483 1605 4556 formam
