3582 5288
870 354 1041 418 ..74-

874 593 1046 676 LXXVII.

441 821 575 893 Domno
591 818 797 895 beatissimo
814 830 850 895 et
865 820 1056 918 apostolico
1068 820 1228 896 culmine
1242 819 1433 894 sublimato
1446 831 1570 896 sancto

348 931 446 1006 Patri
473 936 623 1006 Petrum
649 935 802 1008 Damaso
826 938 932 1032 Papae
956 943 992 1009 et
1017 958 1157 1009 summo
1181 935 1342 1008 omnium
1368 933 1569 1008 Proesulum

347 1045 523 1121 Pontifici.
552 1047 755 1144 Stephanus
774 1049 1073 1146 Archiepiscopus
1099 1046 1253 1122 Concilii
1280 1046 1509 1120 Mauritania
1533 1057 1569 1122 et

346 1159 509 1234 universi
527 1159 691 1258 Episcopi
710 1162 752 1236 de
770 1161 886 1236 tribus
904 1159 1067 1238 conciliis
1085 1161 1265 1236 Africanae
1282 1160 1486 1259 provincia.
1502 1164 1572 1235 No

348 1284 425 1346 tum
452 1282 582 1347 vestras
607 1274 761 1349 facimus
777 1275 1002 1364 beatitudini,
1019 1275 1112 1373 quod
1129 1275 1272 1372 quidam
1291 1275 1421 1350 fratres
1437 1273 1475 1346 in
1492 1297 1573 1350 con·

350 1385 434 1460 finio
450 1385 550 1460 nobis
568 1387 683 1484 positi,
699 1389 867 1485 quosdam
891 1390 1021 1464 fratres
1048 1401 1186 1468 nostros
1211 1387 1434 1464 venerabiles
1450 1387 1572 1463 rideli-

263 1570 267 1578 .
348 1507 405 1573 cet
422 1499 622 1596 Episcopos,
639 1499 740 1574 vobis
757 1500 972 1577 inconsultis
997 1529 1018 1576 a
1044 1502 1183 1600 proprio
1207 1501 1347 1577 deicere
1375 1501 1572 1575 moliuntur

348 1611 477 1706 gradu,
494 1636 577 1686 cum
594 1622 723 1688 vestm
749 1614 832 1688 Sedi
849 1615 1104 1715 Episcoporunr
1132 1615 1265 1691 iudicia
1291 1625 1327 1690 et
1351 1637 1572 1690 summorum

349 1726 454 1799 linem
474 1726 797 1803 ecclesiasticorum
816 1731 1041 1825 negotiorum
1064 1731 1100 1803 in
1115 1743 1224 1804 'onore
1250 1727 1447 1804 beatissimi
1474 1729 1571 1803 Petri

350 1849 492 1938 patrum
510 1839 652 1916 decreta
669 1842 830 1915 omnium
848 1847 981 1919 cuncta
1000 1867 1183 1918 reservare
1198 1851 1417 1918 censuerunt
1434 1851 1574 1916 senten·

350 1955 438 2028 tiam
456 1964 492 2029 et
509 1955 713 2053 inquirendi
733 1957 971 2032 reverentiam
990 1959 1032 2034 de
1050 1957 1116 2034 Dei
1134 1957 1241 2032 rebus
1258 1981 1348 2054 quas
1364 1956 1461 2030 omni
1486 1979 1574 2030 cura

351 2079 388 2144 et
404 2067 643 2144 sollicitudine
660 2069 849 2145 observare
871 2071 1051 2146 debemus,
1077 2070 1236 2145 Maxime
1261 2093 1346 2144 vero
1371 2095 1454 2146 cnm
1481 2068 1575 2144 iuste

350 2182 500 2257 debeant
524 2182 568 2257 ab
593 2184 668 2280 ipso
694 2184 886 2281 proesulum
915 2185 993 2259 vioe
1021 2183 1222 2283 Apostolico
1247 2183 1444 2259 examinari
1469 2181 1575 2258 cuins

350 2306 494 2372 vetusta
510 2297 713 2372 sollicitudo
729 2309 783 2373 est
801 2308 874 2372 tarn
895 2295 990 2373 mala
1007 2299 1189 2386 damnare,
1203 2321 1310 2395 quam
1326 2295 1485 2371 relevare
1499 2295 1575 2370 lau-

350 2411 476 2484 danda.
495 2411 664 2509 Antiquis
681 2411 777 2486 enim
796 2411 934 2508 regulis
947 2411 1126 2486 censitum
1140 2419 1196 2486 est
1209 2418 1250 2484 ut
1261 2409 1433 2508 quicquid
1446 2409 1574 2484 horum

351 2523 517 2622 quamvis
535 2524 678 2598 remotis
695 2524 753 2599 vel
770 2525 808 2596 in
826 2525 1023 2624 longinquo
1036 2525 1160 2624 positis
1176 2534 1349 2622 ageretur
1365 2521 1571 2621 prouinciis,

351 2660 421 2712 non
441 2635 541 2734 prius
558 2638 769 2712 tentandum
786 2637 846 2712 vel
863 2637 1111 2736 accipiendum
1138 2649 1231 2716 esset
1247 2639 1317 2714 nisi
1342 2639 1386 2713 ad
1407 2637 1571 2714 notitiam

353 2751 457 2826 almae
474 2752 567 2827 sedis
585 2761 714 2826 vcstrae
731 2753 859 2828 fnisset
876 2753 1082 2842 deductum,
1100 2764 1141 2828 ut
1157 2753 1236 2828 eius
1249 2751 1461 2826 auctoritate
1474 2751 1575 2824 iuxta

356 2867 448 2965 quod
465 2867 593 2942 fuisset
609 2868 880 2964 pronuntiatum
894 2870 1107 2942 firmaretur.
1122 2867 1260 2953 Quibus
1273 2864 1423 2940 sollicite
1438 2864 1574 2938 factum

355 2990 411 3055 est
428 2991 468 3054 ut
485 3006 624 3080 semper
644 2992 760 3057 vestre
778 2982 851 3058 sedi
868 2982 1087 3058 consuetudo
1105 2981 1175 3054 fuit
1191 2980 1404 3054 festinanter
1416 3002 1577 3054 occurre-

356 3119 404 3182 ro,
421 3103 457 3170 et
473 3118 536 3190 pro
552 3095 609 3168 lis
626 3094 781 3168 viriliter
799 3106 840 3168 nt
857 3106 957 3192 pater
975 3120 1035 3192 pro
1053 3095 1137 3168 filiis
1159 3102 1349 3180 certantes,
1367 3092 1462 3167 sicut
1486 3090 1576 3166 bene

351 3209 497 3284 alhesu
523 3209 596 3292 filio
622 3209 748 3284 Sirach
773 3210 910 3284 dictum
938 3221 1002 3283 est.
1030 3213 1151 3307 Usque
1168 3207 1213 3280 ad
1231 3217 1380 3281 mortem
1399 3214 1496 3281 certa
1514 3226 1577 3302 pro

351 3324 516 3411 veritate,
534 3334 570 3400 et
587 3348 726 3423 semper
744 3325 918 3400 Dominus
935 3327 1032 3398 Deus
1049 3331 1135 3397 tuns
1149 3321 1326 3420 pugnabit
1339 3342 1402 3418 pro
1415 3329 1459 3394 te.
1473 3318 1576 3394 Acci·

352 3463 434 3537 pere
452 3439 548 3513 enim
568 3463 750 3536 personam
770 3425 875 3538 impii
888 3461 959 3513 non
975 3445 1030 3511 est
1045 3430 1189 3524 bonum,
1209 3444 1250 3509 ut
1271 3431 1428 3509 declines
1445 3457 1467 3506 a
1483 3432 1577 3506 veri-

352 3564 426 3630 tate
451 3554 586 3630 iudicii.
609 3553 672 3626 Sin
700 3553 820 3628 minus
845 3551 975 3628 illicita
999 3560 1085 3623 sunt
1108 3547 1196 3635 haec,
1222 3557 1340 3645 pateat
1366 3545 1467 3620 nobis
1491 3543 1576 3620 talis

352 3669 518 3744 omnibus
534 3669 679 3744 licentia
697 3667 900 3743 beatissime
916 3669 1031 3740 Pater.
1046 3669 1120 3736 Aut
1133 3661 1272 3735 scilicet
1285 3660 1348 3733 hos
1362 3659 1421 3734 vel
1438 3657 1576 3756 aliquos

353 3786 461 3859 etiam
482 3785 658 3860 minorum
676 3785 856 3879 graduum
872 3781 1021 3857 clericos
1038 3775 1109 3849 nisi
1127 3773 1289 3869 legitimo
1302 3782 1457 3871 tempore
1474 3794 1578 3847 cano

352 3899 433 3975 iiico
451 3907 604 3987 vocatos,
620 3907 685 3972 aut
702 3899 779 3972 sino
798 3893 973 3992 legitimis
990 3889 1269 3976 accusatoribus,
1287 3889 1351 3961 aut
1367 3886 1501 3984 absque
1517 3911 1577 3960 ve-

264 4067 267 4072 ·
353 4014 404 4087 ris
421 4021 458 4087 et
474 4010 723 4086 innocentibus
741 4009 903 4098 testibus,
921 4006 981 4082 vel
999 4003 1070 4078 nisi
1089 4001 1279 4078 manifeste
1301 4000 1474 4076 canonice
1496 4023 1577 4075 con-

354 4127 563 4215 vicensem
587 4135 711 4223 sponte
736 4124 924 4206 confessos,
950 4120 1008 4195 vel
1034 4145 1056 4192 a
1078 4117 1155 4192 suis
1179 4115 1322 4191 sedibus
1348 4114 1489 4202 eiectos,
1514 4121 1578 4188 ant

354 4239 430 4314 suis
448 4239 553 4314 rebus
572 4238 774 4336 expoliatos,
792 4259 919 4310 vocare
936 4235 981 4308 ad
1003 4231 1167 4306 sinodum
1193 4228 1253 4304 vel
1278 4230 1459 4302 damnare.
1485 4226 1577 4313 Quia

354 4353 513 4450 legimus
530 4378 652 4430 eorum
669 4377 740 4427 non
767 4375 866 4451 posse
891 4349 1061 4425 canonice
1085 4348 1130 4422 ad
1156 4345 1340 4444 Syncdum
1366 4352 1450 4418 aute
1475 4366 1578 4416 suam

353 4468 605 4546 diutenondam
624 4479 661 4542 ct
677 4465 947 4564 gubernandam
967 4463 1105 4538 viribus
1119 4461 1259 4538 scilicet
1272 4459 1426 4558 pleniter
1444 4483 1579 4533 resum-
