3654 5302
871 383 912 400 -
936 351 1002 413 406
1028 383 1069 400 -

357 471 426 545 hus
442 490 549 567 super
565 468 772 545 cathedram
789 463 920 569 Moysi,
937 470 981 546 de
998 471 1129 568 quibus
1145 471 1321 546 Dominus
1341 445 1508 569 pracepit
1530 471 1582 546 di-

359 585 455 660 ce'ns.
472 587 693 682 Quacunque
709 583 869 660 dixerint
881 583 980 659 vobis
993 584 1112 675 facite,
1125 594 1162 660 et
1174 585 1370 674 observate,
1383 585 1580 660 secundum

359 723 465 796 opera
481 721 566 772 vero
582 719 704 773 eorum
717 696 828 772 nolite
844 697 972 773 facere.
997 701 1094 792 Ergo
1119 701 1316 796 Imperator
1341 699 1525 774 considera
1549 698 1581 772 si

361 811 441 887 illos
465 811 556 886 dixit
579 810 772 886 audiendos
797 811 859 910 qui
884 837 991 912 super
1020 813 1226 890 cathedram
1255 813 1373 912 Moysi
1403 812 1583 902 sedebant,

332 997 335 1004 .
361 934 495 1024 quanto
512 925 628 1023 potius
645 924 707 1023 qui
724 950 831 1025 super
847 924 1053 1002 cathedram
1073 927 1170 1002 Petri
1188 926 1345 1002 resident
1369 949 1446 1018 esse
1463 925 1584 1000 existi·

363 1039 471 1115 matis
495 1039 784 1116 obaudiendum?
802 1043 848 1114 Et
865 1040 894 1115 si
920 1040 1064 1115 illorum
1088 1062 1159 1113 non
1188 1063 1293 1138 opera
1322 1039 1385 1114 sed
1413 1039 1509 1114 dicta
1534 1039 1585 1112 f-

363 1173 444 1229 cere
461 1161 497 1228 ct
516 1151 703 1228 observare
715 1152 816 1227 iubet
828 1163 961 1252 quanto
974 1153 1246 1252 potiushorum,
1263 1153 1481 1252 quicumque
1498 1163 1585 1226 sunt

365 1265 521 1363 ipsorum
532 1264 627 1340 dicta
635 1273 672 1339 et
681 1264 818 1341 monita
825 1266 1054 1343 custodienda
1064 1276 1151 1341 sunt
1160 1277 1196 1343 et
1203 1266 1586 1365 amplectendaiQuod

365 1388 486 1453 autem
502 1401 570 1452 nos
587 1378 673 1452 mali
690 1377 869 1469 volumus
885 1380 971 1477 quia
987 1383 1122 1456 frustra
1141 1379 1384 1476 indignamini
1402 1388 1438 1454 et
1462 1389 1587 1454 contra

366 1491 599 1588 evangelium
613 1492 705 1589 quod
717 1491 806 1566 dicit
818 1493 879 1590 qui
893 1493 1024 1568 dixerit
1036 1493 1140 1567 fratri
1154 1516 1217 1568 suo
1230 1495 1339 1582 fatue,
1353 1517 1435 1568 rcus
1448 1492 1587 1587 eritge-

364 1607 492 1682 hennae
509 1604 608 1701 ignis
625 1629 689 1679 nos
705 1604 836 1681 levitas
852 1607 995 1683 nomine
1016 1607 1242 1683 lacessendos
1266 1607 1471 1707 opinamini,
1487 1606 1588 1680 vohis

367 1719 480 1796 nichil
496 1719 566 1794 nisi
583 1719 675 1818 quod
692 1729 747 1794 est
762 1720 915 1812 salubre,
931 1721 1046 1796 nichil
1060 1722 1130 1796 nisi
1144 1723 1236 1820 quod
1248 1731 1435 1820 acceptum
1454 1721 1503 1794 sit
1516 1722 1589 1796 Deo

367 1834 494 1910 offerre
508 1831 705 1908 studentes.

862 2025 1102 2111 LXXXVllIl.

831 2227 923 2282 Idem
948 2229 981 2282 in
1001 2229 1127 2283 eedem.

466 2403 634 2475 Preterea
659 2397 854 2496 scripsistis
871 2400 1018 2477 iussisse
1042 2424 1105 2478 vos
1123 2403 1291 2502 quosdam
1318 2403 1380 2502 qui
1402 2403 1469 2478 sub
1492 2401 1594 2476 nobis

371 2517 532 2594 existunt
549 2515 661 2590 mittit
677 2514 722 2589 ad
740 2538 813 2604 voe,
830 2515 923 2613 quod
939 2515 1047 2610 longe
1064 2525 1119 2591 est
1143 2541 1164 2590 a
1181 2517 1322 2615 piorum
1339 2518 1595 2614 imperatorum

372 2631 513 2706 affectu.
527 2630 685 2716 Quorum
700 2626 796 2704 sicut
808 2627 926 2704 locum
939 2629 1081 2718 tenetis,
1095 2631 1233 2706 utinam
1246 2631 1297 2706 ita
1313 2643 1349 2708 et
1361 2633 1530 2730 pietatem
1543 2655 1595 2705 se·

373 2740 531 2820 ctemini.
540 2739 640 2829 Quod
652 2739 759 2836 longe
772 2749 827 2815 cst
838 2740 985 2838 inquam
999 2769 1021 2816 a
1034 2746 1255 2844 principibus
1269 2747 1370 2822 Sedis
1385 2744 1596 2843 Apostolicae

374 2854 611 2934 reverentiam
624 2853 906 2930 observantibus.
919 2857 999 2930 Non
1012 2858 1141 2956 quippe
1154 2859 1221 2936 hoc
1233 2859 1321 2935 dicit
1331 2858 1521 2947 Eunomus,
1533 2857 1596 2956 qui

375 2969 569 3068 reverendo
587 2969 738 3044 Praesuli
750 2969 928 3046 Bonifatio
944 2970 1053 3046 scribi
1066 2972 1197 3048 dicens.
1214 2973 1377 3048 Petimus
1394 2982 1436 3048 ut
1452 2972 1597 3048 cotidia-

375 3087 433 3160 nis
445 3083 664 3160 orationihus
677 3084 906 3183 Apostolatus
918 3094 1005 3158 tuus
1013 3085 1174 3160 studium
1187 3111 1230 3162 ac
1243 3095 1367 3162 votum
1377 3111 1485 3160 suum
1499 3087 1598 3161 circa

376 3199 529 3275 salutem
543 3206 650 3296 etque
663 3197 852 3296 imperium
866 3208 1028 3274 nostrum
1040 3198 1211 3294 dignetur
1223 3199 1437 3298 impendere.
1450 3201 1530 3274 Non
1543 3199 1598 3272 in·

377 3338 486 3412 quam
502 3310 570 3387 hoc
587 3311 676 3386 dixit
693 3311 941 3387 Valentiniani
959 3322 995 3390 et
1007 3313 1183 3389 Marciani
1201 3313 1259 3412 pia
1275 3313 1444 3388 divalitas
1461 3313 1506 3387 ad
1518 3312 1599 3388 boa-

263 3525 265 3532 ·
377 3438 457 3504 tum
474 3429 608 3524 Papam
625 3429 776 3503 Leonem
798 3428 967 3504 scribens.
987 3431 1032 3501 Et
1048 3435 1147 3500 tuam
1173 3426 1344 3525 inquietis
1368 3426 1599 3502 sanctitatem

379 3539 621 3639 principatum
634 3539 671 3612 in
690 3541 895 3638 episcopatu
909 3541 1041 3615 divinae
1059 3539 1139 3615 fidei
1157 3539 1394 3636 possidentem
1411 3538 1524 3614 sacris
1541 3537 1600 3613 lit-

379 3653 468 3730 teris
483 3653 522 3726 in
535 3651 709 3750 principio
726 3653 863 3727 iustum
877 3653 1056 3729 credimus
1072 3652 1320 3750 alloquendam
1338 3653 1536 3728 invitantes
1548 3663 1602 3726 at·

380 3791 450 3866 que
467 3775 635 3862 rogantes
648 3789 709 3865 pro
722 3766 890 3842 firmitate
903 3776 1011 3865 atque
1024 3775 1121 3842 statu
1135 3767 1248 3857 nostri
1261 3765 1415 3864 imperii,
1428 3775 1600 3841 aeternam

380 3878 605 3956 divinitatem
622 3888 686 3954 tua
702 3879 876 3954 sanctitas
894 3879 1110 3979 deprecetur.
1126 3882 1207 3954 Non
1228 3877 1295 3954 hcc
1320 3878 1410 3954 dixit
1435 3878 1603 3953 iustinia-

382 4019 463 4082 nus
476 3993 539 4092 qui
551 3992 639 4070 dicit
652 4003 776 4070 sancto
792 3998 897 4092 Papae
910 3992 1070 4082 Iohanni,
1083 3991 1191 4068 etiam
1205 3991 1443 4091 promulgatis
1460 3991 1604 4088 legibus

384 4109 422 4184 id
437 4108 665 4183 interserens.
673 4107 834 4184 Petimus
847 4123 1008 4183 vestrum
1021 4115 1210 4206 paternum
1223 4106 1403 4197 effectum,
1417 4115 1458 4182 ut
1472 4107 1604 4182 vestris

382 4224 426 4300 ad
436 4222 693 4298 nosdestinatis
705 4221 847 4312 litteris,
860 4221 1090 4296 manifestum
1104 4222 1206 4296 nohis
1219 4221 1472 4320 faciatisquod
1481 4245 1605 4297 omnes

384 4337 447 4436 qui
460 4335 648 4435 predictas
662 4345 757 4412 recte
770 4337 996 4425 confitentur,
1009 4334 1162 4432 suscipit
1174 4343 1295 4412 vestra
1307 4334 1491 4424 sanctitas,
1502 4343 1539 4409 et
1551 4359 1608 4410 co·

386 4449 542 4550 numqui
559 4447 698 4526 iudaice
709 4449 789 4528 ausi
803 4458 889 4526 sunt
902 4457 1035 4526 rectam
1049 4449 1227 4546 denegare
1243 4450 1347 4526 iidem
1361 4449 1607 4548 condempnet.
