3642 5294
748 445 790 460 ..
813 411 854 476 21
885 445 923 456 -

220 529 350 604 Dahis
369 527 430 626 qui
448 537 637 628 parantum
655 529 918 617 defunctorum,
935 529 995 604 vel
1012 553 1096 604 suas
1121 523 1317 604 oblationes
1335 531 1446 606 eccle-

293 643 356 717 siae
372 640 552 716 auferunt.
570 641 656 739 Cap.
673 644 791 716 XXV.
809 643 945 715 XXVI.

219 758 273 831 De
289 755 346 829 his
363 755 424 852 qui
441 754 544 827 iussu
561 755 620 829 vel
645 753 836 849 largitione
860 756 1064 854 principum
1089 781 1145 832 res
1170 756 1331 832 ecclosiae
1357 757 1444 832 filiis

293 867 370 942 suis
385 867 604 964 relinquunt.
621 867 706 962 Cap.
722 868 849 940 XLIII.

220 983 272 1056 Ut
283 979 458 1078 processio
470 980 591 1078 populi
603 979 789 1054 auferatur
802 979 847 1053 ab
859 980 1022 1071 ecclesia,
1035 982 1140 1058 cuius
1153 982 1346 1058 oblationes
1359 983 1443 1058 laici

293 1093 488 1192 accipiunt.
506 1095 590 1192 Cap.
607 1093 720 1168 XCV.

220 1210 273 1282 De
289 1208 476 1282 fructuum
493 1207 738 1282 oblationibus,
756 1205 842 1307 Cap.
858 1209 975 1282 XIIII.

220 1324 273 1396 De
288 1322 345 1396 his
361 1323 423 1419 qni
441 1347 497 1396 res
514 1319 674 1398 ecclcsiae
690 1320 862 1396 auferunt
878 1332 915 1394 et
931 1320 1185 1398 ecclesiasticis
1202 1323 1373 1397 iniuriam
1392 1324 1444 1396 fa-

292 1435 405 1510 ciunt.
423 1435 508 1532 Cap.
524 1437 680 1510 XXXII.
698 1437 735 1508 L.
753 1435 953 1507 LXXXVI.
972 1436 1226 1509 LXXXVIIII.

226 1547 345 1622 Dahis
355 1547 655 1646 quiecclcsiaevel
668 1547 763 1623 clero
777 1546 948 1619 iniuriam
961 1545 1274 1644 faciunt‚publicis
1286 1556 1322 1622 et
1334 1547 1446 1624 eccle·

297 1661 454 1737 siasticis
470 1660 613 1757 legibus
630 1667 871 1735 coerceantur.
885 1658 969 1754 Cap.
978 1660 1178 1733 LXXXVI.
1190 1661 1444 1734 LXXXVIIII.

297 1774 445 1849 XCVII.
462 1775 628 1849 XCVIII.
646 1773 866 1848 CXXXIIII.
884 1771 1121 1846 CXXXVIII.
1140 1773 1396 1848 CXXXVIIII.

220 1891 312 1962 Item
329 1885 372 1960 de
389 1886 509 1961 eodem
526 1887 566 1960 in
581 1886 641 1961 lib.
658 1887 745 1960 ΙΙΙΙο
762 1909 837 1982 cap.
855 1883 923 1957 CL.
941 1885 1067 1958 XLIII.
1086 1884 1225 1959 CLIIII.
1243 1886 1348 1960 CLV.

221 2000 274 2073 De
297 1996 354 2071 bis
379 1997 536 2095 quinon
561 1999 797 2094 corriguntur
829 1997 1038 2072 sacerdotali
1067 1999 1331 2074 ammonitione.
1357 2000 1443 2098 Cap.

222 2225 274 2299 Dc
293 2223 505 2299 auctoritate
522 2223 796 2322 privilegiorum
813 2222 982 2298 ecclcsiae
1001 2225 1085 2323 Cap.
1103 2227 1275 2302 XXVIII.
1289 2228 1444 2302 XXXV.

296 2339 442 2410 LXVII.
460 2339 695 2412 LXXXVIII.
712 2338 805 2411 CVI.
822 2335 1042 2412 CXXXIIII.

222 2451 275 2524 De
292 2450 414 2524 ecdem
431 2449 470 2523 in
487 2452 537 2523 11⁰
555 2449 615 2523 lib.
631 2475 707 2548 cap.
726 2453 870 2530 XLIIII.
888 2454 928 2527 in
945 2456 1031 2528 ΙΙΙΙο
1050 2453 1119 2527 CL.

222 2563 325 2650 Quod
341 2565 410 2636 IIII
428 2563 604 2660 portiones
622 2563 699 2639 fieri
716 2566 845 2644 debent
862 2567 1002 2644 redditu
1021 2575 1057 2642 et
1073 2566 1249 2642 oblatione
1275 2567 1444 2643 fidelium.

295 2677 379 2774 Cap.
396 2677 585 2750 XXXVII.
602 2677 810 2754 XXXVIII.
827 2681 990 2756 LXVIII.
1008 2682 1154 2755 LXXX.
1172 2682 1356 2755 LXXXV.

221 2793 322 2880 Quod
338 2797 496 2868 Romano
512 2794 678 2870 Pontifici
695 2819 766 2871 non
783 2797 891 2874 liceat
907 2793 1164 2891 perpetualiter
1180 2791 1337 2867 alienare
1359 2815 1446 2890 prae·

294 2907 394 2981 dium
411 2909 578 2982 Romana
595 2908 777 2986 Ecclesiae.
796 2912 882 3008 Cap.
898 2910 1124 2984 XXXVIIII.
1142 2916 1179 2983 ct
1195 2908 1341 2982 XLIIII.

222 3021 323 3108 Quod
359 3045 417 3096 res
451 3045 524 3095 non
559 3021 668 3098 liceat
704 3023 759 3097 illi
797 3022 1053 3123 perpetualiter
1090 3029 1320 3098 commutare.
1358 3020 1444 3120 Cap.

298 3135 524 3208 XXXVIIII.

225 3247 364 3336 Quibus
380 3247 488 3324 liccat
504 3248 558 3322 illi
575 3251 660 3326 dare
677 3251 715 3324 in
732 3277 838 3326 usum
855 3252 1016 3325 fructum
1037 3273 1123 3324 rura
1147 3248 1308 3324 eiusdem
1333 3247 1446 3324 eccle·

296 3363 369 3436 sia.
386 3363 470 3459 Cap.
487 3364 559 3438 eod.
576 3373 613 3438 et
629 3364 727 3438 VIII.
745 3374 781 3440 et
797 3365 942 3439 XLIIII.

226 3478 278 3550 Da
290 3475 568 3552 commodatione
581 3477 764 3552 domorum
777 3478 934 3553 ciusdem
948 3475 1117 3552 ecelesia.
1127 3477 1213 3575 Cap.
1221 3477 1446 3550 XXXVIIII.

227 3589 326 3676 Quod
341 3589 568 3687 Presbyteris
581 3593 678 3664 Rom.
691 3591 862 3667 Ecclesiae
875 3615 946 3666 non
958 3590 1066 3666 liceat
1078 3591 1271 3688 quicquam
1288 3589 1446 3666 alienare

295 3702 338 3776 dc
356 3701 463 3777 rebus
479 3702 647 3778 eiusdem.
664 3703 749 3801 Cap.
766 3705 824 3779 CI.
839 3706 914 3778 XL.

227 3816 313 3900 Quae
329 3813 415 3889 licet
431 3813 504 3889 illis
520 3815 678 3892 alienare
695 3817 738 3892 de
755 3815 873 3890 titulis
889 3815 977 3890 suis.
994 3816 1079 3913 Cap.
1094 3815 1170 3890 eod.

227 3929 303 4014 Qua
321 3950 391 4002 non
409 3927 496 4004 licat
512 3928 585 4004 illis
607 3939 777 4028 perpetuo
801 3929 956 4004 alienare
982 3929 1025 4005 do
1050 3927 1182 4004 eisdem
1207 3926 1335 4002 titulis.
1361 3929 1446 4028 Cap.

297 4039 384 4114 item
401 4040 440 4113 in
457 4041 587 4117 eodem.

225 4152 277 4226 De
294 4150 487 4228 alienatore
505 4153 664 4228 omnium
682 4155 942 4252 praedictorum.
960 4158 1045 4254 Cap.
1067 4180 1136 4256 quo
1153 4179 1261 4254 supra
1285 4165 1322 4232 et
1348 4158 1445 4231 VIII.

297 4275 333 4340 et
350 4269 423 4340 LII.
440 4276 477 4342 et
492 4270 583 4344 LIII.
600 4277 636 4345 et
652 4272 759 4346 LIIIl.
776 4280 813 4346 et
828 4272 901 4344 LV.

227 4380 576 4568 Depppjppzppppcrit
592 4391 629 4459 ot
644 4384 832 4483 acceperit.
850 4384 935 4484 Cap.
952 4386 998 4459 X.
1015 4393 1052 4460 et
1068 4387 1160 4460 XLI.
1176 4392 1214 4461 et
1226 4385 1445 4462 CXXXVII.
