3582 5288
891 370 1089 436 -122-

884 621 1102 708 effluo.

473 849 673 947 Gregorius
689 851 727 924 in
744 852 834 925 XVI
851 849 941 925 libro
958 850 1159 926 moralium.
1172 851 1365 928 Maledicta
1383 853 1430 928 sit
1442 877 1507 951 par
1520 854 1600 930 eius

376 965 416 1040 in
442 975 549 1054 terra,
568 991 634 1041 nec
655 965 816 1040 ambulet
833 965 1010 1064 perviam
1028 965 1227 1040 vinearum.
1245 967 1316 1040 Via
1340 967 1528 1042 vinearum
1546 977 1603 1044 est

376 1079 552 1155 rectitudo
569 1078 815 1154 ecclesiarum.
832 1081 950 1166 Quare
967 1103 1030 1154 seu
1043 1077 1244 1155 hereticum
1262 1104 1326 1154 seu
1347 1079 1530 1156 carnalem
1547 1082 1601 1156 ni-

376 1192 450 1267 chil
466 1192 584 1266 obstat
600 1191 768 1287 intelligi.
785 1192 877 1278 Quia
894 1192 955 1265 via
973 1192 1161 1267 vinearum
1179 1193 1270 1268 idest
1288 1193 1464 1268 rectitudo
1488 1195 1603 1270 eecle-

376 1308 513 1380 siarum
526 1306 707 1380 amittitur
720 1305 806 1379 dum
820 1305 879 1380 vel
892 1306 979 1381 fides
989 1318 1097 1397 recta,
1106 1307 1165 1382 vel
1179 1307 1354 1384 rectitudo
1366 1309 1599 1385 ecclesiarum

379 1415 527 1495 iustitiae
544 1443 614 1494 non
628 1429 780 1495 tenetur.
794 1419 858 1494 Ille
871 1443 1027 1518 namque
1040 1421 1212 1518 perviam
1226 1421 1416 1496 vinearum
1429 1423 1600 1514 ambulat,

377 1535 440 1632 qui
453 1533 671 1610 universalis
683 1532 844 1608 ecclesiae
858 1533 1144 1631 praedicationem
1158 1545 1295 1632 pensat,
1307 1545 1344 1610 et
1357 1559 1505 1635 nequeo
1518 1537 1599 1612 fidei

377 1671 493 1746 neque
510 1646 721 1722 abonorum
738 1655 886 1721 actuum
904 1647 1120 1723 rectitudine
1137 1647 1304 1724 declinat.

869 1873 1106 1959 ouxxvflu.

471 2097 669 2194 Gregorius
685 2098 723 2170 in
741 2097 849 2170 XXII
866 2094 956 2169 libro
973 2093 1173 2170 moralium.
1191 2097 1300 2170 Terra
1325 2104 1450 2170 contra
1466 2118 1599 2192 posses·

376 2235 491 2288 sorem
509 2212 653 2299 clamat,
670 2211 701 2284 si
718 2220 841 2285 contra
859 2234 942 2285 eum
961 2208 1023 2306 qui
1041 2207 1116 2320 Sibi.
1127 2218 1255 2306 praeest
1270 2207 1408 2306 aliquid
1422 2207 1597 2284 iniustum

376 2325 435 2400 vel
459 2326 601 2422 privata
629 2324 755 2400 domus
779 2322 838 2399 vel
864 2332 989 2397 sancta
1014 2321 1167 2397 ecclesia
1192 2331 1405 2397 murmurat.
1431 2321 1597 2398 Clamare

374 2440 503 2538 quippe
520 2449 644 2514 contra
663 2438 824 2535 regentis
840 2437 1056 2512 iniustitiam
1074 2437 1332 2514 rationabiliter
1349 2436 1527 2513 subiectos
1541 2437 1598 2512 do·

377 2553 460 2629 lere.
478 2553 649 2653 Sequitur
666 2553 809 2628 fructus
825 2551 904 2626 eius
920 2574 991 2626 non
1004 2551 1178 2626 commodi
1190 2550 1497 2650 absquepecunia.
1511 2553 1599 2625 Fru-

375 2676 457 2743 ctus
481 2667 613 2744 etenim
640 2677 744 2742 terrre
760 2666 894 2765 absque
912 2665 1065 2764 pecunia
1085 2665 1267 2741 comedere
1297 2674 1362 2752 est,
1387 2663 1600 2740 ecclesiasti·

375 2803 434 2856 cos
459 2782 603 2880 quidem
626 2791 792 2879 sumptus
816 2781 990 2879 accipere,
1016 2779 1080 2857 sed
1104 2777 1219 2853 eidem
1245 2778 1406 2854 ecclesiae
1429 2777 1598 2876 praedica·

375 2893 484 2969 tionis
501 2894 656 2993 pretium
674 2917 745 2969 non
762 2891 928 2992 praebere.
945 2894 1048 2970 Unde
1065 2894 1223 2969 auctoris
1235 2915 1322 2968 voce
1335 2893 1477 2968 dicitur.
1491 2895 1598 2991 Opor-

374 3009 446 3084 tuit
460 3019 495 3084 te
509 3007 697 3107 pecuniam
711 3031 828 3082 meam
838 3006 1059 3084 committere
1072 3009 1300 3099 numulariis,
1308 3017 1344 3084 et
1352 3008 1597 3106 veniensergo

374 3123 586 3221 recepissem
604 3121 696 3220 quod
713 3147 833 3197 meum
851 3131 929 3198 erat
946 3147 1030 3198 cum
1047 3147 1169 3198 usura.
1186 3125 1304 3198 Terra
1321 3122 1436 3219 igitur
1453 3121 1595 3198 fructus

372 3235 506 3333 absque
524 3234 677 3334 pecunia
694 3233 857 3325 comedit,
874 3235 936 3332 qui
953 3235 1198 3312 ecclesiastica
1215 3235 1398 3311 commoda
1419 3235 1464 3309 ad
1488 3260 1595 3310 usum

374 3350 531 3447 corporis
548 3348 711 3447 percipit,
728 3348 789 3424 sed
805 3349 1035 3424 exortationis
1049 3350 1290 3425 ministerium
1304 3345 1431 3448 populo
1444 3373 1515 3424 non
1528 3351 1595 3424 im-

374 3463 505 3563 pendit.
525 3463 625 3552 Quod
641 3463 686 3538 ab
702 3463 768 3538 hoc
793 3486 857 3537 nos
878 3473 1036 3560 pastores
1060 3464 1215 3539 dicimus
1239 3465 1302 3563 qui
1326 3464 1522 3539 adventum
1548 3465 1597 3540 di·

376 3578 496 3653 stricti
513 3577 644 3652 iudicis
661 3587 931 3676 precurrentes,
948 3578 1105 3652 officium
1124 3579 1267 3677 quidem
1294 3579 1467 3676 praeconis
1483 3579 1596 3655 susci·

373 3693 503 3791 pimus.
521 3692 590 3767 Sed
606 3691 778 3766 alimenta
795 3691 1039 3767 ecclesiastica
1056 3693 1152 3767 mitti
1170 3693 1595 3790 manducamustbixigi·

372 3833 455 3881 mus
471 3805 564 3904 quod
581 3816 700 3880 nostro
716 3805 864 3880 debetur
881 3807 1030 3904 corpori,
1054 3806 1115 3882 sed
1141 3830 1212 3882 non
1224 3806 1477 3905 'impendimus
1501 3807 1593 3905 quod

372 3920 616 3996 subiectorum
633 3919 804 3996 debemus
821 3919 928 3994 cordi.
950 3923 1027 3995 Hoc
1051 3945 1208 4018 namque
1233 3919 1335 3996 debet
1360 3919 1594 4018 omnipotenti

372 4037 448 4111 Deo
461 4035 577 4110 omnis
594 4034 656 4133 qui
674 4043 802 4132 praeest
818 4035 955 4132 populo,
972 4033 1039 4108 hoc
1061 4033 1123 4133 qui
1148 4034 1274 4109 multis
1290 4035 1357 4110 hoc
1375 4036 1437 4133 qui
1454 4035 1595 4133 paucio-

371 4147 472 4223 ribus
487 4157 615 4246 praeest
632 4157 673 4221 ut
690 4148 743 4222 sic
760 4147 878 4223 debita
895 4148 1134 4224 ministeriun
1151 4148 1305 4224 subditis
1327 4147 1462 4245 exigat,
1479 4149 1594 4247 quati-

370 4286 441 4336 nus
457 4261 544 4360 quid
560 4263 635 4361 ipse
652 4261 761 4338 etiam
779 4285 920 4360 semper
936 4261 1188 4338 admonitionis
1204 4263 1257 4338 eis
1274 4263 1399 4340 debeat
1416 4261 1593 4339 sollicitus

371 4375 542 4450 attendat.
