3654 5302
899 412 940 428 -
965 382 1032 446 364
1056 411 1096 430 ··-

386 500 432 575 ab
449 498 537 598 ipsis
554 498 749 600 Episcopis,
761 500 806 576 ab
822 501 898 600 ipso
914 501 1067 600 denique
1085 501 1271 578 Salvatore
1288 501 1432 578 veniam
1446 502 1519 579 nisi
1534 529 1609 581 cor·

385 611 587 709 rigentibus
601 613 711 689 luisse
723 637 939 690 concessam.
955 614 1130 688 Auditum
1143 625 1265 690 autem
1278 615 1345 689 sub
1358 615 1426 691 isto
1438 618 1524 693 caelo
1538 643 1603 695 nec

385 727 522 821 legitur
538 727 682 802 omnino
698 753 765 804 nec
778 729 910 804 dicitur
923 727 1015 826 quod
1028 751 1150 802 eorum
1168 751 1255 803 voce
1272 729 1507 828 depromitur.
1518 734 1608 808 Date

385 841 486 916 nobis
504 841 658 932 veniam,
676 851 809 916 uttam
827 842 946 916 nosin
972 864 1090 916 errore
1114 841 1294 916 duremus.
1320 845 1366 916 Et
1392 843 1498 941 paulo
1522 855 1608 945 post.

385 957 545 1030 Mortuos
561 956 756 1030 suscitasse
773 956 930 1052 legimus
945 953 1144 1044 Christum,
1168 955 1207 1026 in
1226 977 1344 1030 errore
1371 967 1527 1032 mortuos
1550 959 1609 1033 ab·

385 1069 533 1144 solvisse
551 1093 622 1145 non
639 1069 805 1166 legimus.
823 1074 869 1144 Et
887 1069 949 1168 qui
966 1069 1034 1152 hoc
1059 1077 1156 1144 certe
1181 1068 1335 1144 faciendi
1359 1070 1457 1144 solus
1482 1071 1608 1148 habuit

384 1193 606 1284 potestatem,
622 1184 725 1260 beato
744 1188 848 1260 Petro
872 1183 1120 1286 principaliter
1144 1183 1291 1258 mandat
1316 1185 1491 1282 Apostolo.
1508 1189 1610 1275 Quae·

383 1323 538 1398 oumque
554 1299 730 1396 ligaveris
746 1323 852 1398 super
869 1309 1015 1386 terram,
1032 1307 1069 1372 et
1086 1295 1235 1396 reliqua.
1260 1299 1376 1395 Super
1401 1307 1543 1375 terram·
1556 1301 1610 1374 in·

385 1413 583 1511 quidNam
594 1410 710 1487 inhac
719 1411 899 1508 legatione
908 1411 1075 1487 functum
1084 1435 1262 1509 nusquam
1272 1413 1610 1491 mandetabsolveri.

385 1526 487 1614 Quod
504 1549 590 1623 ergo
607 1550 793 1625 nunquam
811 1526 949 1601 fectum
964 1535 1028 1615 est,
1042 1526 1227 1623 concipere
1241 1526 1299 1601 vel
1312 1524 1431 1602 mente
1445 1529 1610 1604 sormida-

383 1666 475 1729 mus,
492 1639 647 1715 scientes
665 1639 704 1714 in
721 1639 844 1714 divino
861 1638 994 1714 iudicio
1011 1663 1082 1713 non
1101 1662 1201 1736 posse
1219 1639 1362 1737 penitus
1375 1643 1549 1717 excusari.
1562 1647 1609 1718 Et

382 1753 490 1826 infre.
507 1755 550 1827 In
567 1751 796 1828 illudentem
815 1753 929 1830 ridere
947 1777 1004 1828 me
1021 1752 1129 1827 libuit
1147 1754 1239 1853 quod
1256 1754 1319 1844 ait,
1331 1755 1363 1829 si
1377 1781 1522 1833 necesse
1534 1758 1610 1833 lue-

387 1867 436 1942 rit
452 1866 595 1942 veniam
615 1867 801 1965 postulare.
818 1867 1040 1944 Existimans
1057 1865 1230 1940 nimirum
1247 1877 1336 1942 tunc
1349 1892 1388 1944 se
1401 1871 1537 1966 peccati
1550 1897 1610 1947 ve·

387 1980 486 2055 niam
505 1981 705 2057 necessario
721 1981 910 2080 postulare,
928 1981 959 2054 si
977 1979 1010 2057 ei
1028 1981 1265 2056 concedamus
1281 2007 1326 2056 ne
1347 2007 1497 2081 peccare
1521 1983 1610 2058 desi-

385 2103 468 2184 stat,
484 2093 592 2170 immo
615 2095 721 2171 etiarn
748 2095 840 2192 quod
866 2095 970 2184 absit,
997 2119 1080 2170 cum
1107 2094 1227 2169 eodem
1255 2096 1523 2172 consentiamus
1547 2120 1610 2170 nos

383 2231 521 2305 quoque
548 2231 705 2305 peccare.
731 2209 861 2284 Nescio
885 2208 980 2283 inter
1010 2233 1090 2306 quae
1121 2209 1247 2282 mnndi
1272 2210 1435 2307 prodigia
1455 2210 1522 2286 hoc
1546 2233 1609 2284 vos

383 2323 493 2418 possit
509 2323 660 2397 admitti.
680 2321 826 2400 Remitti
844 2323 950 2422 culpa
968 2323 1011 2397 de
1038 2321 1216 2419 praeterito
1241 2332 1366 2419 potest,
1391 2324 1609 2400 correctione

382 2433 459 2508 sine
478 2433 583 2509 dubio
601 2445 848 2533 consequente.
863 2439 955 2509 Nam
970 2435 1001 2508 si
1016 2435 1186 2532 deinceps
1199 2434 1332 2510 sinitur
1345 2461 1516 2514 mansura
1532 2461 1610 2534 per·

382 2547 546 2638 versitas,
563 2571 634 2623 non
651 2559 705 2624 est
722 2548 930 2646 benignitas
947 2548 1178 2639 remittentis,
1196 2549 1258 2623 sed
1275 2551 1532 2626 consentientis
1547 2576 1609 2624 an·

385 2661 573 2736 nuntiatio.

949 2804 1039 2888 XLI.

477 3003 644 3080 Gelasius
655 3005 844 3080 Anastasio
861 3003 1079 3102 imperatori,
1090 3003 1232 3078 Famuli
1250 3011 1380 3078 vestra
1397 3005 1551 3102 pietatis.
1561 3009 1606 3082 Et

381 3123 604 3194 caeteraDuo
617 3129 703 3195 sunt
714 3123 910 3218 Imperator
921 3123 1088 3213 Auguste
1101 3116 1231 3215 quibus
1244 3115 1493 3214 principaliter
1505 3143 1607 3192 mnn-

379 3232 447 3306 dus
464 3231 522 3308 hic
544 3233 696 3328 regitur,
714 3232 920 3308 Auctoritas
947 3256 1049 3308 sacra
1067 3231 1293 3321 Pontificum,
1310 3240 1347 3305 et
1363 3229 1499 3328 regalis
1515 3241 1608 3330 pote·

381 3357 466 3422 stas.
482 3350 525 3422 In
551 3348 681 3448 quibus
698 3357 799 3424 tanto
815 3348 968 3445 gravius
985 3354 1040 3422 est
1060 3346 1197 3444 pondus
1222 3345 1457 3436 sacerdotum,
1474 3355 1607 3444 quanto

381 3461 491 3537 etiam
522 3483 583 3558 pro
611 3461 700 3559 ipsis
726 3461 884 3558 regibus,
901 3460 1087 3534 hominum
1112 3459 1151 3532 in
1181 3458 1302 3533 divino
1328 3459 1504 3535 reddituri
1521 3469 1608 3534 sunt

382 3573 546 3651 examine
564 3574 748 3649 rationem.
765 3573 867 3650 Nosti
885 3575 980 3650 enim
999 3573 1050 3647 fili
1068 3573 1356 3663 clementissime,
1373 3573 1541 3672 quoniam
1566 3573 1608 3648 li·

381 3699 439 3764 cet
455 3687 643 3788 praesideas
659 3687 816 3762 humano
832 3689 959 3784 generi
984 3687 1174 3784 dignitate,
1192 3712 1313 3763 rerum
1338 3699 1458 3764 tamen
1476 3711 1608 3788 praesu·

380 3799 475 3876 libus
493 3800 698 3874 divinarum
715 3801 865 3876 devotus
887 3801 979 3876 colla
1003 3801 1199 3892 submittis,
1215 3812 1324 3901 atque
1348 3803 1393 3877 ab
1410 3802 1462 3877 eis
1478 3826 1607 3877 causas

380 3924 453 3990 tuas
470 3913 599 3989 salutis
615 3914 764 4012 expetis.
777 3917 902 4013 Neque
920 3916 1052 3989 summi
1067 3916 1131 3992 Dei
1151 3915 1342 3992 celestibus
1359 3916 1606 4006 sacramentis,

379 4029 503 4126 eisque
519 4039 561 4104 ut
578 4029 747 4129 competit
764 4027 1001 4129 disponendis,
1018 4031 1158 4107 subdite
1175 4031 1303 4106 debere
1320 4031 1508 4128 cognoscis
1526 4028 1607 4104 reli·

300 4132 304 4140 ’
380 4142 502 4238 gionis
519 4141 777 4239 ordine'potius
794 4165 901 4240 quam
927 4167 1086 4240 praeesse.
1103 4149 1228 4243 Itaque
1254 4143 1350 4219 inter
1367 4145 1444 4218 haec
1460 4142 1606 4217 illorum

380 4266 416 4330 te
435 4255 589 4353 pendere
606 4254 750 4344 iudicio,
763 4279 831 4330 non
851 4255 931 4330 illos
947 4257 992 4330 ad
1009 4267 1110 4331 trram
1128 4258 1221 4334 velle
1239 4257 1353 4353 redigi
1372 4256 1605 4331 voluntatem.

380 4369 419 4442 Si
436 4369 533 4444 enirn
551 4379 728 4467 quantum
745 4368 790 4442 ad
807 4369 965 4445 ordinem
983 4372 1135 4472 publicae
1148 4374 1303 4471 pertinet
1327 4371 1535 4472 disciplina,
1551 4395 1608 4447 co-

378 4497 594 4582 gnoscentes
611 4484 803 4586 imperium
822 4483 888 4560 tibi
914 4510 1068 4588 superna
1086 4487 1152 4562 Dei
1177 4485 1405 4586 dispositione
1422 4484 1605 4574 collatum,
