3582 5288
898 440 937 455 -
964 406 1027 468 rro
1052 439 1093 456 -

919 567 1067 653 CLXII.

474 769 673 865 Gregorius
690 769 909 856 Theodorito‚
926 767 1117 855 Demetrio,
1134 766 1309 864 Philippo,
1326 764 1456 840 Zenoni
1482 774 1517 840 et
1542 763 1605 838 Al-

378 883 490 958 cisoni
508 884 693 982 Episcopis
713 885 836 983 Epyri.
854 883 1075 982 Scriptorum
1094 891 1295 956 vestrorum
1314 879 1508 954 insinuatio
1532 878 1602 952 fra-

377 1005 433 1072 ter
449 996 640 1072 karissime
658 998 826 1095 patefecit
845 998 1023 1072 Andream
1042 995 1322 1072 Nicomeditanre
1339 993 1499 1069 civitatis
1520 991 1603 1089 Epi-

378 1133 524 1207 scopum
543 1113 615 1185 Deo
633 1111 782 1209 propitio
799 1110 1019 1185 sollemniter
1035 1110 1250 1184 ordinatum.
1268 1107 1337 1184 Cui
1356 1107 1518 1182 Palloum
1539 1129 1604 1180 nos

377 1223 550 1297 direxisse
565 1224 780 1319 cognoscite,
797 1235 906 1322 atque
923 1235 1055 1299 cuncta
1072 1223 1266 1325 privilegia
1283 1223 1500 1298 concessisse
1522 1244 1603 1318 quae

378 1337 651 1435 prodecessores
668 1337 781 1412 nostri
800 1338 879 1413 eius
895 1338 1212 1438 praedecessoribus
1228 1336 1468 1412 contulerunt.

904 1565 1070 1651 otxvll.

473 1791 670 1886 Gregorius
686 1789 836 1865 Iohanni
862 1792 1033 1892 Episcopo
1051 1791 1328 1866 Corinthorum.
1351 1793 1449 1865 Inter
1465 1801 1602 1864 cetera.

378 1902 534 1977 Pellium
551 1927 636 1978 vero
652 1904 748 1978 sicut
764 1929 826 2004 per
843 1904 1029 2003 epistolam
1048 1916 1206 1980 vestram
1220 1930 1329 2003 quam
1345 1929 1407 2004 per
1422 1905 1601 1978 Andream

376 2017 522 2093 fratrem
534 2029 569 2093 et
577 2018 824 2117 coepiscopum
842 2029 1005 2092 nostrum
1018 2019 1241 2119 suscepimus
1254 2017 1603 2119 postulastisdirexi-

378 2157 468 2204 mus.
486 2135 563 2218 Quo
579 2154 643 2204 vos
660 2133 711 2204 ita
729 2130 782 2205 nti
801 2155 946 2207 necesse
958 2143 1013 2207 est
1028 2133 1123 2207 sicut
1135 2133 1408 2231 praedecessores
1421 2130 1532 2206 vestri
1547 2128 1602 2202 usi

378 2245 655 2321 concedentibus
672 2245 803 2320 nostris
816 2245 1135 2345 praedecessoribus
1153 2244 1402 2345 approbantur.
1420 2245 1516 2319 Idem
1538 2245 1603 2316 Re·

378 2359 418 2454 gi
432 2362 662 2434 Francorum.
680 2361 779 2433 Inter
792 2369 936 2434 caetera.¹
946 2361 1069 2434 Prisca
1085 2359 1302 2434 consuetudo
1314 2359 1480 2459 optinuit,
1492 2367 1534 2431 ut
1545 2355 1604 2429 ho-

377 2495 442 2545 nor
466 2472 571 2572 pellei
589 2472 702 2547 nostri
727 2472 798 2546 nisi
823 2473 1053 2570 exigentibus
1070 2497 1261 2547 causarum
1289 2471 1426 2549 meritis
1451 2481 1488 2546 et
1507 2469 1605 2543 forti-

378 2595 434 2660 ter
450 2586 646 2684 postulanti
665 2585 742 2660 dari
760 2610 829 2661 non
848 2587 982 2664 debeat.

895 2813 1080 2898 CLXVIII.

476 3032 675 3128 Gregorius
692 3031 842 3106 Iohanni
861 3033 1033 3129 Episcopo
1049 3031 1262 3106 Ravennati.
1280 3035 1363 3106 Post
1377 3057 1500 3130 paura.
1519 3034 1601 3106 Per-

379 3155 528 3218 venerat
542 3168 696 3242 namque
712 3145 757 3218 od
770 3169 833 3219 nos
847 3145 1008 3242 quaedam
1027 3144 1064 3217 in
1083 3145 1235 3220 ecclesia
1251 3155 1372 3221 vestra
1385 3154 1509 3222 contra
1522 3167 1602 3218 oon-

378 3257 586 3332 suetudines
603 3269 710 3356 atque
728 3258 943 3332 humilitatis
962 3258 1145 3332 tramitem
1163 3259 1255 3354 geri,
1273 3285 1352 3356 quae
1364 3258 1438 3334 solo
1456 3269 1497 3332 ut
1513 3258 1602 3334 beno

377 3371 470 3444 nosti
496 3381 550 3446 est
566 3371 725 3447 officium
742 3371 958 3448 sacerdotale
976 3371 1119 3446 erectio.
1137 3376 1224 3460 Quae
1242 3373 1272 3447 si
1290 3373 1465 3471 sapientia
1482 3384 1602 3447 vestra

378 3493 563 3560 mansuete
581 3485 640 3560 vel
657 3485 945 3583 cum'episcopali
959 3485 1160 3581 suscepisse
1174 3485 1291 3560 studio
1308 3510 1377 3560 non
1396 3487 1438 3560 de
1455 3485 1529 3558 illis
1545 3510 1602 3560 ao·

378 3596 481 3670 cendi
499 3597 680 3685 debuerat,
697 3599 978 3695 sedoportuerat
995 3607 1031 3671 te
1056 3597 1133 3672 hoec
1150 3599 1269 3672 eadem
1289 3623 1370 3674 cum
1398 3597 1601 3695 gratiarum

378 3709 518 3784 actione
531 3711 722 3806 corrigere.
740 3710 875 3785 Contra
892 3733 1026 3784 morem
1045 3711 1174 3809 quippe
1191 3710 1474 3788 ecclesiasticum
1490 3721 1555 3801 est,
1572 3711 1602 3784 si

378 3845 449 3896 non
468 3823 729 3920 patientissime
746 3823 934 3899 tolleretur
952 3823 1044 3920 quod
1061 3851 1083 3898 a
1100 3824 1200 3898 nobis
1225 3824 1319 3899 absit
1335 3825 1443 3900 etiam
1461 3825 1602 3898 iniuxta

378 3937 560 4033 correptio,
572 3940 662 4011 Item
676 3937 714 4010 in
727 3937 859 4011 eadem.
873 3935 1007 4010 Nullus
1021 3938 1321 4036 Metropolitanus,
1334 3939 1371 4012 in
1386 3937 1603 4036 quibuslibet

381 4050 505 4124 mundi
523 4051 684 4147 partibus
697 4061 751 4126 est
767 4051 924 4139 auditne,
936 4058 1038 4124 extra
1051 4051 1243 4125 Missarum
1256 4063 1399 4149 tempus
1415 4076 1520 4125 usum
1535 4049 1602 4124 sibi

380 4161 481 4259 pallii
500 4163 717 4238 vendicasse.
734 4166 781 4237 Et
793 4161 898 4259 infra.
916 4161 1008 4238 Illud
1021 4175 1141 4239 antem
1158 4189 1238 4263 quae
1250 4189 1312 4264 pro
1329 4165 1461 4241 utendo
1473 4191 1494 4238 a
1508 4163 1602 4240 clero

383 4285 499 4350 vestro
517 4275 695 4373 mappulis
708 4273 913 4373 scripsistis,
925 4301 947 4348 a
960 4279 1091 4354 nostris
1104 4288 1158 4354 est
1174 4279 1317 4355 clericis
1334 4279 1473 4354 sortiter
1485 4278 1603 4353 obvia·

380 4397 458 4462 tum
469 4389 672 4466 dicentibus
685 4389 777 4465 nulli
787 4390 853 4466 hoo
863 4415 1021 4489 unquam
1036 4390 1100 4464 alii
1113 4389 1261 4466 cuilibet
1270 4412 1479 4466 eoncessum
1491 4390 1602 4463 fuisse

381 4503 560 4598 aecclesiae.
576 4507 653 4581 Neo
670 4507 899 4579 Ravennates
915 4503 1064 4580 clericos
1081 4502 1139 4577 vel
1152 4501 1229 4577 illic
1245 4501 1304 4576 vol
1322 4502 1361 4575 in
1379 4505 1537 4576 Romana
1553 4501 1602 4576 ci·
