3638 5294
739 383 937 448 ntes-

223 503 482 578 modocreatus
498 503 695 603 Episcopus
713 502 834 593 fuerit,
851 525 922 578 non
939 502 1055 578 solum
1072 502 1148 602 ipse
1169 503 1231 578 sed
1255 503 1363 587 etiam
1388 507 1451 606 qui

223 617 446 694 consecravit
462 641 545 692 sum
562 621 657 693 inter
674 621 853 718 episcopos
870 641 941 692 non
958 618 1037 706 erit,
1055 618 1116 692 sed
1138 617 1291 715 pecunia
1307 617 1367 694 vel
1394 643 1450 695 res

222 732 313 806 dala
337 733 614 807 consecrationis
630 758 751 818 causa.
768 732 1006 808 sacrosanctis
1031 731 1203 808 ecclesiis
1226 731 1450 808 addicantur.

224 844 309 920 Sive
327 845 522 942 Episcopus
539 845 615 920 sive
633 846 788 944 clericus
805 846 933 945 estqui
953 845 1058 920 dedit.
1072 845 1110 917 Si
1132 854 1253 920 autem
1271 846 1333 942 qui
1350 870 1449 922 acoe-
1489 843 1490 846 ’

223 959 288 1056 pit,
305 957 487 1034 noneolas
512 982 569 1034 res
586 959 740 1050 amittat,
756 960 817 1034 sed
833 959 941 1034 etiam
966 957 1121 1054 gradum
1147 967 1254 1056 atque
1278 957 1448 1034 honorem

223 1071 424 1147 clericatus.
442 1071 615 1146 Similiter
631 1083 753 1148 autem
771 1082 807 1148 et
823 1073 854 1146 si
869 1072 985 1147 laicus
1010 1071 1058 1146 sit
1083 1070 1144 1169 qui
1170 1071 1370 1168 pecuniam,
1387 1071 1447 1146 vel

222 1209 295 1262 rem
307 1185 455 1283 accepit,
468 1194 504 1260 et
516 1185 610 1284 ipsas
623 1187 777 1276 amittat,
790 1196 825 1262 et
838 1186 936 1261 aliud
949 1196 1093 1262 tantum
1107 1194 1283 1284 quantum
1296 1185 1447 1284 aceepit,

224 1322 313 1396 pene
329 1299 472 1374 nomine
489 1309 623 1374 sanate
639 1300 812 1376 aecclasiae
828 1307 997 1399 praestare
1015 1296 1259 1395 compellatur.
1277 1297 1347 1372 Sed
1363 1307 1400 1372 et
1416 1296 1448 1371 si

222 1410 476 1507 magistratum
493 1421 609 1507 gerat,
617 1423 652 1487 et
668 1413 705 1486 in
717 1413 970 1508 magistratum
981 1422 1060 1486 'esse
1073 1411 1222 1499 desinet,
1235 1418 1270 1484 et
1283 1410 1389 1484 exilio
1401 1411 1448 1484 ir-

223 1522 414 1598 revocabili
423 1525 751 1623 condempnabitur.
761 1526 801 1600 Si
814 1535 934 1599 autem
943 1523 1075 1620 aliquis
1084 1522 1278 1620 Presbyter
1290 1533 1353 1614 aut
1366 1522 1448 1596 Dia·
1562 1607 1567 1618 ,

222 1657 333 1708 conus
355 1633 572 1709 constitutus
588 1637 740 1734 pecunia
759 1641 841 1710 data
858 1638 903 1710 ad
928 1636 1152 1734 episcopatus
1176 1635 1312 1732 apicem
1325 1659 1448 1732 perve-

222 1747 328 1836 nerit,
345 1770 417 1822 non
437 1747 552 1822 solum
579 1751 773 1850 Episcopus
799 1774 875 1824 esse
901 1749 1050 1837 desinet,
1074 1747 1135 1822 sed
1160 1747 1268 1821 etiam
1294 1747 1446 1843 priorem

225 1858 380 1954 gradum
394 1858 595 1958 presbyteri
609 1863 666 1937 vel
680 1863 819 1938 diaconi
829 1864 982 1938 amittat.
996 1860 1224 1937 Consecratio
1233 1869 1352 1934 autem
1363 1861 1447 1957 Epi-

223 1973 320 2071 scopi
338 1975 400 2048 liat
416 1997 557 2050 omnem
574 1977 845 2076 antepopulum
863 1974 1151 2063 christianitatis,
1169 1981 1210 2046 ut
1227 1971 1275 2046 sit
1291 1971 1445 2048 facultas

222 2089 417 2187 unicuique
435 2089 466 2164 si
480 2090 571 2166 velit
586 2094 837 2169 contradicere.
856 2096 902 2166 llt
919 2089 1024 2191 paulo
1041 2098 1127 2187 post.
1146 2087 1245 2174 Quod
1270 2084 1301 2158 si
1326 2085 1359 2158 is
1384 2085 1446 2182 qui

222 2203 437 2278 contradixit
454 2205 714 2303 calumpniator
732 2207 901 2304 probatus
925 2203 1045 2292 suerit,
1069 2200 1128 2275 vel
1153 2197 1447 2276 contradictionis

224 2315 400 2390 iudicium
418 2317 626 2409 deseruerit,
643 2329 680 2394 st
696 2321 877 2418 peregerit
905 2342 1063 2406 causam,
1089 2313 1320 2412 prohibeatur
1344 2336 1447 2386 sacra
1549 2365 1553 2371 -

221 2429 471 2508 communione
484 2432 627 2509 inomni
641 2433 793 2508 ritasua
806 2431 972 2530 absequi
985 2427 1210 2505 consecravit
1223 2425 1446 2526 Episcopum.

787 2633 887 2720 otu.

437 2838 520 2890 Item
539 2851 580 2892 ex
600 2839 655 2894 uu.
677 2837 794 2892 eodem
813 2840 856 2892 VI
877 2850 949 2904 cap.
970 2833 1230 2888 ccccxxvm.

318 3004 412 3074 Ante
430 3002 549 3075 omnia
561 3001 653 3076 illud
665 3002 846 3078 observari
860 3000 1042 3076 sancimus
1055 3007 1096 3072 ut
1110 3018 1213 3072 nemo
1226 2994 1291 3069 sub
1305 2999 1447 3092 praesta·

223 3111 318 3187 tione
336 3112 415 3186 auri
433 3113 492 3187 vel
508 3113 659 3190 alterius
676 3115 727 3189 rei
751 3115 946 3214 Episcopus
971 3121 1208 3190 consecretur.
1233 3112 1280 3184 Et
1305 3116 1446 3205 propter

222 3225 288 3300 hoe
305 3227 367 3323 qui
384 3227 445 3300 dat
461 3237 497 3302 et
510 3229 572 3325 qui
585 3229 728 3328 accipit,
746 3241 781 3303 et
799 3229 860 3326 qui
878 3229 1050 3304 mediator
1066 3227 1185 3301 factus
1202 3233 1267 3313 est,
1288 3220 1446 3296 sacerdo·

222 3339 271 3414 tio
288 3339 346 3414 vel
360 3339 552 3416 clericatus
564 3341 696 3416 honore
710 3331 942 3417 removeatur.
956 3342 1057 3430 Quod
1071 3350 1190 3414 autem
1204 3362 1266 3436 pro
1279 3362 1320 3412 ea
1334 3363 1444 3414 cansa

224 3455 346 3530 datum
365 3465 430 3544 est,
447 3455 501 3529 illi
523 3458 686 3533 ecclesiae
704 3459 927 3545 vendicetur,
944 3457 1049 3531 cuins
1066 3453 1303 3529 sacerdotium
1322 3453 1446 3531 voluit.

226 3567 264 3641 Si
282 3577 401 3642 autem
420 3568 534 3644 laicus
551 3571 620 3644 erit
637 3571 697 3668 qui
716 3595 778 3668 per
795 3572 889 3646 hanc
906 3595 1052 3647 oausam
1070 3568 1208 3666 aliquid
1225 3569 1375 3666 accepit,
1389 3568 1445 3643 vel

224 3681 396 3756 mediator
413 3683 464 3758 rei
481 3684 600 3759 lactus
617 3695 672 3760 est
685 3710 726 3760 ea
743 3710 822 3784 quae
839 3686 921 3760 data
938 3695 1024 3761 sunt
1037 3685 1237 3785 induplum
1252 3683 1333 3782 plus
1346 3683 1391 3758 ab
1404 3707 1444 3758 eo

224 3795 417 3891 exigantur
434 3796 941 3882 aecclesiaevcndicandaNon
954 3799 1068 3873 solum
1082 3809 1203 3875 autem
1217 3822 1259 3874 sa
1271 3823 1350 3897 quaa
1362 3797 1445 3872 data
1507 3885 1508 3888 Ἴ
1549 3881 1550 3885 ¹

223 3917 309 3982 sunt
327 3909 510 3985 vindicare
528 3910 766 4008 praecipimus
783 3911 845 3986 sed
861 3935 1001 3988 omnem
1019 3913 1225 3988 cautionem
1247 3936 1354 4012 super
1377 3899 1445 4010 lieo

225 4045 449 4120 quocumque
467 4025 567 4098 modo
592 4024 786 4122 expositam
803 4034 840 4100 et
855 4025 1046 4124 pignorum
1072 4026 1326 4123 obligationem
1351 4035 1388 4101 et
1411 4048 1446 4100 o

225 4161 343 4212 mnem
369 4135 489 4223 aliam,
503 4137 800 4236 qualemcumque
824 4138 1000 4213 actionem
1026 4162 1166 4214 cessare
1190 4138 1386 4228 sancimus,
1403 4147 1445 4213 ut

224 4248 285 4324 ille
295 4250 356 4347 qui
366 4249 632 4347 promissionem
646 4253 796 4350 accepit,
805 4275 876 4326 non
885 4251 999 4326 solum
1009 4253 1210 4328 cautionem
1219 4251 1374 4343 reddere,
1384 4252 1445 4327 sed

225 4373 261 4437 et
277 4363 375 4436 aliud
392 4373 533 4438 tautum
552 4375 727 4463 quantum
750 4367 869 4440 cautio
892 4367 1051 4442 continet
1075 4369 1310 4442 conveniatur
1333 4367 1445 4443 eecle-

225 4476 288 4550 siae
304 4475 397 4552 dare.
415 4480 504 4559 Item
523 4503 568 4554 ex
584 4479 675 4558 libro
687 4480 806 4558 eodem
820 4480 960 4558 constit.
974 4483 1018 4555 II.
1032 4484 1226 4582 Imperator
1239 4484 1309 4559 Leo
1320 4487 1446 4558 Arma-
