3582 5288
898 401 1093 466 -160-

387 527 559 626 Episcopo
575 525 787 620 cognomine
804 525 1005 601 Benedicto.
1022 529 1070 602 Et
1085 525 1190 600 infra.
1216 529 1353 601 Verum
1377 527 1421 602 de
1441 525 1607 601 omnibus

388 667 476 740 pene
493 641 649 716 eiusdem
668 639 862 738 provinciae
878 640 1104 714 monasteriis
1128 640 1173 715 ad
1197 640 1414 715 audiendum
1439 640 1603 716 eumdem

386 755 579 831 Iohannem
596 755 658 853 qui
677 753 845 829 cantandi
863 764 966 829 erant
983 753 1088 852 periti
1106 751 1341 829 confluebant.
1354 753 1423 829 Sed
1440 763 1477 829 et
1489 753 1607 851 ipsum

389 894 452 968 per
470 869 546 944 loca
562 869 600 941 in
618 868 747 967 quibus
768 869 919 958 doceret,
940 867 1044 942 multi
1066 867 1221 945 invitare
1239 868 1423 946 curabant.
1444 873 1524 967 Ipse
1544 893 1607 942 au·

389 994 461 1058 tem
480 991 624 1080 excepto
642 980 811 1057 cantandi
829 981 888 1056 vel
904 981 1046 1078 legendi
1065 1008 1223 1074 munere,
1241 993 1277 1059 et
1293 983 1391 1058 aliud
1408 983 1446 1056 in
1465 982 1608 1056 manda·

388 1097 435 1170 tis
451 1096 496 1171 ab
513 1095 713 1194 Apostolico
730 1097 826 1192 Papa
842 1103 1038 1192 acceperat,
1055 1105 1097 1171 ut
1113 1097 1218 1172 cuius
1243 1107 1336 1172 esset
1361 1096 1441 1172 fidei
1468 1094 1604 1192 Anglo-

388 1235 468 1284 rum
487 1207 638 1284 ecclesia
654 1207 847 1302 diligenter
863 1207 1045 1285 edisceret.
1063 1213 1279 1309 Romamque
1296 1211 1435 1287 rediens
1447 1211 1605 1286 referret.

916 1403 1077 1486 CCXXX.

513 1605 607 1659 Idem
624 1606 657 1657 ln
675 1603 878 1670 expositione
896 1605 1064 1670 Evangelii
1084 1605 1264 1660 seeundum
1281 1609 1482 1663 Matthaeum.

484 1777 554 1864 Qui
572 1779 706 1874 Regem
724 1775 881 1851 celorum
900 1775 1024 1851 maiori
1042 1802 1114 1876 pree
1135 1781 1274 1854 caeteris
1298 1781 1502 1856 devotiones
1526 1802 1607 1855 con·

388 1890 504 1965 fessus
521 1898 585 1980 est,
602 1889 728 1964 merito
745 1913 816 1987 prae
833 1889 972 1965 caeteris
988 1891 1063 1989 ipse
1080 1891 1219 1967 collatis
1235 1893 1399 1970 clavibus
1422 1894 1527 1990 regni
1552 1917 1607 1968 ce·

388 2003 489 2078 lestis
505 2003 656 2078 donatus
672 2012 737 2092 est,
753 2011 795 2077 ut
812 2012 991 2078 constaret
1007 2006 1182 2097 omnibus
1200 2008 1261 2106 qui
1278 2008 1411 2106 absque
1427 2033 1469 2083 ea
1486 2008 1554 2082 fide
1572 2016 1607 2081 et

388 2115 607 2192 confessione
625 2139 776 2212 regnum
791 2115 960 2192 caelorum
973 2118 1096 2192 nullus
1110 2129 1226 2218 posset
1239 2123 1384 2196 intrare.
1398 2121 1529 2197 Claves
1546 2144 1608 2192 au·

387 2239 460 2306 tem
475 2229 579 2326 regni
593 2229 761 2304 caelorum
775 2229 852 2328 ipsa
865 2230 1089 2306 discernendi
1107 2234 1257 2308 seientia
1271 2234 1535 2332 potentiamque
1549 2255 1608 2306 no

388 2344 513 2434 minat,
537 2367 607 2442 qna
624 2343 752 2440 dignos
770 2343 943 2442 reciperet
963 2346 1000 2417 in
1026 2369 1192 2442 regnum,
1209 2357 1245 2422 et
1263 2348 1432 2444 indignos
1451 2346 1607 2423 seclude

388 2483 427 2534 re
443 2457 554 2533 debet.
572 2461 619 2532 Et
635 2459 738 2531 infra.
757 2457 929 2532 Omnibus
947 2457 1125 2555 Apostolis
1149 2471 1185 2534 et
1211 2459 1381 2535 Ecclesiae
1406 2459 1606 2536 rectoribus

387 2569 526 2667 ligandi
543 2580 580 2646 et
596 2571 755 2646 solvendi
772 2597 793 2644 a
812 2570 959 2646 Domino
975 2572 1057 2646 data
1070 2581 1124 2647 est
1136 2573 1340 2647 auctoritas.
1354 2574 1424 2648 Sed
1437 2573 1515 2648 ideo
1527 2573 1607 2648 bea-

386 2692 446 2757 tus
464 2687 593 2758 Petrus
610 2683 812 2782 specialiter
828 2685 949 2760 claves
966 2685 1071 2781 regni
1089 2685 1247 2760 celorum
1264 2695 1300 2762 et
1323 2685 1448 2762 indicii
1475 2686 1607 2784 princi-

387 2806 510 2893 patum
528 2795 677 2894 acoepit,
693 2806 735 2871 nt
750 2819 872 2872 omnes
885 2821 948 2895 per
959 2799 1078 2874 orbem
1092 2801 1276 2876 credentes
1289 2800 1509 2897 intelligant,
1522 2800 1606 2898 quia

388 2908 605 3008 quicumque
624 2911 668 2984 ab
684 2909 822 2984 unitate
841 2909 921 2984 fidei
939 2909 998 2986 vel
1016 2913 1196 2988 societatis
1213 2913 1313 2988 illius
1330 2913 1487 3012 quolibet
1506 2915 1606 2988 modo

386 3021 593 3121 semetipsos
606 3031 813 3119 segregant,
826 3022 916 3098 tales
928 3047 995 3098 nco
1010 3025 1166 3101 vinculis
1179 3036 1405 3124 peccatorum
1418 3025 1521 3116 solvi,
1539 3050 1606 3102 neo

387 3134 533 3209 ianuam
551 3146 699 3233 possunt
716 3136 821 3233 regni
839 3137 1006 3213 caelorum
1024 3137 1176 3235 ingredi.

909 3339 1090 3423 cdxxxi.

382 3537 431 3589 Ex
441 3539 542 3604 gestis
555 3539 585 3592 S.
597 3536 747 3592 Bonifatii
758 3539 910 3606 Martyris
924 3541 958 3593 et
969 3539 1213 3606 Archiepiscopi
1223 3543 1339 3607 Legati
1346 3545 1438 3597 Rom.
1449 3543 1612 3598 Ecclesiae.

484 3701 617 3775 Sancta
645 3703 806 3774 Romana
837 3709 874 3776 et
904 3701 1106 3799 Apostolica
1131 3701 1293 3778 Ecclesia
1319 3703 1510 3802 privilegio
1535 3729 1608 3802 spe·

388 3811 472 3885 ciali
490 3820 526 3886 et
542 3811 767 3887 auctoritatis
784 3812 961 3888 divinitus
977 3825 1014 3890 et
1029 3815 1240 3889 humanitus
1257 3827 1366 3914 caput
1378 3817 1537 3891 omnium
1555 3842 1608 3892 eo·

388 3923 579 3999 elesiarum
600 3948 661 4022 per
679 3924 865 4000 Christum
882 3926 1027 4002 Ihesum
1053 3927 1189 4016 effecta,
1213 3931 1412 4004 secundum
1436 3930 1608 4006 antistitis

387 4037 447 4111 vel
464 4037 612 4113 rectoris
628 4037 685 4112 sui
702 4039 911 4136 qualitatem
928 4049 965 4115 et
984 4039 1221 4116 valitudinem
1246 4041 1359 4118 afficit
1375 4043 1485 4117 totins
1508 4043 1609 4118 Obri-

388 4149 584 4224 stianitatis
601 4150 770 4242 membra,
787 4162 829 4228 nt
845 4151 946 4228 illius
961 4152 1201 4229 incolumitati
1220 4179 1285 4228 sua
1304 4157 1538 4254 respondeant
1554 4157 1607 4230 in·

389 4259 595 4336 columitate
617 4270 654 4336 et
672 4264 934 4360 congaudeant,
954 4275 991 4340 et
1012 4267 1243 4342 nihilominus
1269 4269 1348 4344 eius
1373 4269 1607 4366 languoribus

388 4395 453 4448 suo
467 4372 642 4470 languore
655 4375 887 4452 consentiant
902 4380 949 4452 Et
962 4378 1057 4454 sicut
1069 4379 1147 4454 eius
1159 4381 1275 4477 gloria
1288 4382 1389 4456 iuxta
1402 4383 1608 4480 Apostolum

389 4487 717 4582 conglorificemur,
735 4489 788 4566 sio
805 4490 883 4566 eius
899 4489 1094 4567 deiectione
1110 4491 1325 4584 deiciuntur,
1339 4504 1382 4569 ut
1393 4493 1485 4568 illud
1498 4495 1580 4592 prof
1597 4537 1609 4551 ·
