3582 5288
710 341 907 460 „109„.

759 622 859 705 otu.
1044 701 1048 710 .

295 853 494 949 Gregorius
513 853 667 950 Agnello
685 855 858 952 Episcopo
875 855 1057 928 Fundano.
1075 857 1174 928 luter
1190 863 1318 929 cetera.
1332 858 1423 942 Quo·

198 967 295 1042 niam
310 977 451 1065 propter
463 967 600 1042 cladem
615 967 823 1042 hostilitatis
837 993 904 1043 nec
921 969 959 1042 in
977 969 1125 1043 civitate
1139 969 1255 1044 necin
1269 969 1422 1044 ecclesia

197 1088 330 1153 tuaest
347 1079 516 1178 cuiquam
530 1079 714 1154 habitandi
728 1081 885 1172 lieentia,
898 1082 974 1156 ideo
987 1093 1022 1156 te
1035 1081 1103 1156 hac
1117 1082 1329 1158 auctoritate
1342 1085 1424 1156 Ter-

199 1194 398 1270 racinensis
423 1194 583 1271 ecclesiae
606 1195 833 1270 Cardinalem
855 1195 1108 1270 constituimus
1129 1194 1356 1270 sacerdotem.
1378 1199 1424 1268 Et

198 1316 276 1405 post
293 1331 416 1405 pauoa.
429 1307 522 1381 Illud
541 1331 680 1405 quoque
698 1307 960 1384 fraternitatem
978 1319 1078 1384 tuam
1096 1308 1189 1384 scire
1203 1331 1348 1384 necesse
1368 1317 1423 1382 est

201 1422 367 1521 quoniam
391 1423 443 1497 sic
469 1431 504 1497 te
530 1422 698 1520 predicte
716 1422 984 1497 Tarracinensis
1007 1421 1168 1498 ecolesiae
1194 1421 1420 1496 Oardinalem

198 1535 452 1612 constituimus
470 1536 696 1612 Sacerdotem
718 1547 759 1610 ut
785 1547 821 1611 et
843 1536 1042 1611 Eundensis
1060 1535 1232 1612 Ecclesiae
1258 1535 1422 1611 Pontifex

198 1675 275 1728 esse
305 1673 375 1722 non
404 1649 557 1738 desinas,
584 1674 647 1724 nec
678 1675 801 1725 curam
828 1651 1196 1748 gubernationemque
1227 1651 1305 1726 eius
1335 1674 1423 1747 prae-

198 1771 326 1836 tereas.

750 1985 868 2068 otlll.

295 2215 493 2309 Gregorius
509 2215 659 2289 Iohanni
678 2218 849 2315 Episcopo
867 2217 1101 2315 Squillaeeno.
1121 2215 1315 2292 Pastoralis
1333 2242 1421 2292 cura

199 2326 309 2402 officii
327 2351 391 2402 nos
407 2327 581 2419 admonet,
606 2329 788 2404 destitutis
814 2331 997 2429 Episcopis
1021 2332 1179 2430 proprios
1204 2331 1422 2407 constituere

199 2440 411 2528 sacerdotes
436 2441 496 2539 qui
521 2465 672 2538 gregem
692 2443 919 2530 Dominioum
938 2445 1105 2542 pastorali
1127 2445 1278 2521 debeant
1294 2445 1424 2521 sollici·

200 2553 325 2628 tudine
351 2555 565 2652 gubernare.
591 2560 780 2654 Propterea
805 2568 840 2632 ta
866 2557 1059 2633 Iohannem
1085 2559 1130 2632 ab
1154 2559 1289 2634 ostibus
1314 2559 1424 2656 capti-

201 2669 315 2744 vitate
338 2670 525 2745 Lissitanae
542 2671 702 2746 civitatis
719 2673 932 2770 Episcopum
950 2672 987 2743 in
1006 2671 1235 2769 Squillacena
1255 2672 1424 2746 Cardine·

202 2765 271 2857 lein
286 2807 430 2858 necesse
449 2785 617 2858 duximus
634 2785 851 2865 constituere
869 2785 1097 2874 sacerdotem,
1110 2782 1151 2860 ut
1169 2795 1204 2860 et
1221 2795 1423 2883 susceptam

202 2895 312 2970 semel
334 2897 536 2970 animarum
560 2922 684 2972 curam
702 2898 838 2972 intuitu
853 2900 986 2974 futurae
1004 2900 1247 2978 retributionis
1264 2901 1423 2998 impleas.

202 3012 249 3083 Et
274 3009 360 3086 lieet
384 3036 405 3083 a
427 3020 491 3113 tua
508 3010 609 3086 hoste
627 3011 837 3087 imminente
855 3012 1024 3110 depulsus
1042 3013 1102 3102 sis,
1120 3013 1227 3088 aliam
1254 3013 1337 3111 quia
1363 3037 1424 3111 pa-

203 3133 296 3198 store
320 3133 427 3199 vacat
450 3125 579 3199 debeas
603 3123 790 3200 eeclesiam
815 3125 1028 3222 gubernare.
1045 3129 1099 3200 Ita
1116 3137 1238 3202 tamen
1256 3136 1297 3200 ut
1321 3126 1352 3198 si
1378 3127 1425 3200 oi·

202 3235 353 3311 vitatem
377 3237 477 3311 illam
503 3237 662 3312 hostibus
687 3238 835 3314 liberam
860 3240 955 3316 effici
982 3249 1016 3315 et
1040 3231 1189 3316 Dominb
1215 3248 1423 3338 protegente

203 3349 248 3424 ad
268 3349 420 3446 priorem
437 3359 573 3425 statum
589 3350 783 3446 contigerit
800 3353 973 3441 revocari,
990 3353 1028 3426 in
1045 3377 1124 3427 eam
1141 3353 1179 3426 in
1197 3376 1303 3451 quam
1323 3349 1423 3449 prius

201 3459 386 3536 ordinatus
402 3487 440 3537 ss
456 3461 644 3538 ecelesiam
663 3465 867 3542 revertaris.

743 3675 878 3760 OhlIlI.

298 3905 498 4002 Gregorius
521 3907 678 4004 Agapito
696 3905 826 3982 Abbati
844 3895 938 3984 inter
956 3919 1084 3986 cetera.
1102 3911 1192 3995 Quia
1213 3910 1329 4006 igitur
1351 3912 1423 3984 Mo-

204 4020 400 4096 nesterium
416 4019 508 4117 quod
522 4020 559 4092 in
573 4017 683 4095 fundo
696 4021 873 4095 Martiano
890 4022 1085 4120 provinciae
1098 4021 1301 4120 Campaniae
1314 4021 1424 4098 situm

204 4135 337 4224 aetite
361 4133 560 4210 hostilitate
585 4133 739 4210 faciente
763 4158 785 4208 a
809 4135 1088 4232 congregatione
1113 4134 1276 4209 funditus
1293 4133 1425 4210 dicitur

201 4248 410 4336 desolatum,
435 4257 477 4322 ut
499 4272 566 4323 nec
591 4273 689 4330 unus
712 4249 837 4324 exinde
864 4246 1059 4322 monachus
1083 4248 1144 4346 qui
1169 4247 1327 4344 aliquam
1346 4245 1423 4322 illic

203 4359 481 4436 sollicitudinem
504 4357 562 4433 rel
581 4383 705 4434 eurem
723 4359 848 4434 debeat
868 4358 1036 4436 adhibere
1054 4359 1273 4436 remanserit.
1291 4361 1367 4433 Tuo
1383 4358 1425 4431 il·

203 4471 263 4546 lud
277 4471 492 4548 monasterio
509 4497 592 4547 cum
605 4469 770 4557 omnibus
787 4471 892 4547 rebus
910 4473 986 4548 suis
1004 4473 1061 4548 vel
1075 4498 1153 4571 quae
1170 4472 1202 4546 ei
1220 4481 1426 4570 competunt
