3582 5288
730 445 902 505 ..99-

207 563 371 640 custodia
391 566 646 669 manciparent.
664 569 710 640 Et
723 565 827 644 infra.
840 564 932 654 Quid
948 587 1034 662 rogo
1045 553 1327 660 de'Presbpt'eri's
1343 574 1379 636 et
1391 561 1433 637 de

207 676 390 752 inferioris
407 678 544 774 gradus
561 678 703 754 clericis
718 691 900 775 ageretur,
919 701 1069 777 quorum
1087 675 1181 774 apud
1206 699 1270 751 nos
1295 699 1434 774 quoque

209 815 319 866 causa
338 818 358 864 a
373 791 672 868 Chalcedonensis
688 793 830 869 concilii
850 793 977 890 regula
990 818 1072 870 oum
1088 791 1177 865 ratio
1190 789 1304 886 exigit
1316 789 1434 868 audiri

208 905 365 996 iubetur,
383 908 413 982 si
432 908 623 1007 Episcopos
640 919 741 985 tanta
766 908 941 984 facilitate
966 905 1150 1004 deponitis.
1175 907 1222 978 Et
1247 904 1351 978 infra.
1376 910 1434 978 An

208 1019 310 1094 sedes
329 1021 532 1118 Apostolica
550 1034 658 1120 caput
674 1047 744 1102 non
763 1032 826 1097 est.
844 1025 994 1096 Frustra
1012 1043 1099 1117 ergo
1117 1029 1158 1096 ut
1176 1017 1289 1092 multa
1311 1027 1433 1116 praete·

212 1157 285 1222 rea,
310 1133 513 1209 Concilium
541 1136 751 1212 Sardiceuse
767 1137 812 1210 ad
838 1136 970 1212 Iulium
994 1137 1125 1232 Papam
1153 1133 1315 1210 scribens
1339 1133 1434 1208 inter

209 1255 329 1320 cetera
342 1247 442 1322 dixit.
457 1249 641 1347 Optimum
655 1260 691 1324 et
703 1249 807 1326 valde
820 1249 1187 1347 congruentissimum
1201 1273 1278 1324 esse
1291 1248 1434 1322 videtur

208 1359 239 1431 si
257 1361 302 1434 ad
320 1371 428 1459 caput
445 1362 536 1438 idest
553 1363 596 1437 ad
615 1362 708 1438 beati
728 1363 824 1437 Petri
843 1364 969 1437 Sedem
986 1363 1029 1437 de
1054 1362 1211 1458 singulis
1235 1361 1435 1460 quibusque

209 1474 407 1569 provinciis
424 1475 557 1550 domini
572 1477 730 1552 reserant
744 1477 961 1552 Sacerdotes
979 1482 1026 1550 At
1039 1487 1163 1553 contra
1175 1477 1261 1551 adeo
1272 1475 1365 1552 hanc
1378 1475 1435 1550 de·

208 1588 349 1684 spicitis
370 1599 412 1663 ut
428 1590 473 1664 ad
495 1613 536 1665 ea
553 1590 646 1664 nihil
664 1591 706 1669 de
724 1592 917 1668 maioribus
942 1592 1103 1668 ccolesiae
1124 1592 1279 1690 negotiis
1305 1592 1436 1666 referre

208 1699 353 1776 curctis,
371 1704 417 1775 Et
433 1711 560 1778 cetera.

741 1851 912 1935 cxxxu.

305 2050 488 2125 Inferioris
500 2051 636 2146 gradus
649 2051 859 2126 clericorum
873 2076 1001 2126 causas
1013 2051 1108 2149 apud
1121 2075 1185 2125 nos
1201 2077 1285 2126 cum
1293 2060 1435 2148 tempus

210 2162 268 2239 vol
292 2189 350 2239 res
367 2165 528 2261 exegerit
545 2189 623 2240 esse
641 2165 827 2254 finiendas,
843 2189 862 2239 o
879 2165 1020 2238 diverso
1037 2163 1161 2262 procul
1177 2163 1283 2238 dubio
1299 2162 1437 2258 colligi·

208 2303 290 2351 mus
307 2278 403 2353 sicut
418 2278 544 2353 beatus
562 2281 657 2377 Papa
674 2277 906 2354 Innocentius
923 2277 1020 2352 dicit.
1038 2277 1075 2350 Si
1094 2302 1174 2375 quae
1191 2276 1297 2352 etiam
1317 2301 1436 2351 causae

208 2391 267 2465 vel
285 2392 530 2468 contentiones
555 2394 650 2468 inter
675 2394 824 2469 clericos
842 2401 916 2464 tarn
939 2391 1133 2488 superioris
1157 2390 1302 2479 ordinis
1328 2414 1434 2488 quam

208 2504 317 2577 ctiam
335 2504 514 2580 inferioris
532 2505 669 2581 suerint
686 2516 816 2594 exorte,
834 2505 971 2603 placuit
988 2515 1029 2580 ut
1047 2507 1244 2582 secundum
1258 2505 1436 2604 synodum

206 2619 398 2714 Nyeenam
416 2619 650 2716 congregatis
667 2619 827 2693 eiusdem
845 2619 1041 2718 provinciae
1065 2619 1249 2717 Episcopis
1273 2607 1435 2714 iurgium

208 2733 434 2808 terminetur.
451 2738 528 2812 Neo
545 2733 655 2808 alicui
673 2734 875 2809 liceat'sine
897 2733 1030 2807 iudicIo
1047 2741 1167 2806 tamen
1186 2735 1352 2806 Romanae
1370 2735 1436 2806 Eo·

209 2843 329 2919 clesiae
347 2845 485 2921 ¹relictis
497 2845 554 2920 his
568 2846 821 2935 sacerdotibus,
834 2847 895 2945 qui
909 2847 948 2920 in
961 2846 1082 2921 ead'em
1096 2846 1278 2943 provincia
1292 2845 1358 2920 Dei
1371 2870 1436 2920 {ec-

206 2959 352 3036 clesiam
370 2969 464 3035 nutu
481 2960 604 3035 divino
621 2960 837 3057 gubernant,
850 2961 894 3034 ad
911 2959 1001 3034 alias
1014 2959 1201 3036 convolare
1219 2957 1433 3056 provincias.

726 3187 916 3273 CXXXIII.

299 3407 387 3478 Nau
402 3405 503 3479 Sedis
518 3405 732 3502 Apostolicse
744 3405 934 3493 sententia,
947 3413 1048 3478 tanta
1061 3427 1199 3500 semper
1211 3403 1351 3478 consilii
1367 3427 1436 3477 mo.-

206 3516 387 3592 deratione
405 3518 615 3616 concipitur,
640 3528 740 3593 tanta
765 3517 947 3616 patientiae
974 3515 1181 3590 maturitate
1206 3515 1434 3615 decoquatur,

207 3638 377 3728 tantaque
403 3631 666 3707 deliberationis
691 3633 873 3729 gravitate
899 3631 1088 3728 profertur,
1114 3639 1155 3704 ut
1180 3631 1433 3706 retractatione

206 3767 276 3818 non
295 3755 412 3841 egeat,
425 3771 492 3822 nec
505 3746 689 3822 immutari
707 3745 948 3824 necessarium
966 3743 1085 3839 ducat,
1102 3742 1172 3817 nisi
1188 3743 1345 3839 fortasis
1358 3767 1433 3842 pro·

207 3857 280 3931 lata
297 3858 411 3948 situl
428 3859 598 3934 retentari
615 3859 735 3958 possit,
753 3859 812 3934 vel
829 3857 1052 3944 immutanda
1070 3857 1266 3933 secundum
1288 3859 1434 3956 permis·

207 3981 433 4049 saetenorem
450 3974 669 4050 condicionis
686 3976 826 4051 existat.
1234 3967 1240 3974 ’

725 4197 931 4284 OXXXHII.

271 4483 276 4488 .
302 4419 444 4491 Brutus
462 4416 628 4490 Gelasius
647 4419 743 4514 Papa
760 4416 920 4492 scribens
937 4417 1120 4516 Episcopis
1139 4442 1200 4515 per
1217 4419 1433 4493 Dardaniam

207 4531 417 4606 constitutis
433 4530 528 4605 inter
545 4541 674 4606 caetera
691 4532 818 4628 inquit.
835 4533 920 4606 Post
936 4531 1154 4629 quingentos
1178 4555 1290 4608 annos
1306 4533 1437 4610 consti-
