3642 5294
902 383 1079 446 -.10-

929 618 1044 704 XVII.

471 846 649 922 Similiter
665 871 712 922 ne
727 869 950 922 summorum
967 848 1145 947 quispiam
1162 847 1343 923 minorum
1367 848 1604 923 assumtioni-

377 961 444 1036 bus
461 960 657 1059 impetatur
672 969 738 1034 aut
753 960 944 1059 dispereat,
958 987 1078 1061 neque
1094 963 1133 1036 in
1151 985 1190 1036 re
1213 962 1323 1036 dubia
1347 971 1446 1037 certa
1469 962 1604 1037 iudiea-

378 1085 439 1151 tur
454 1075 643 1162 sententia,
656 1099 724 1150 neo
741 1074 859 1148 ullum
876 1075 1053 1151 iudicium
1075 1077 1148 1150 nisi
1172 1076 1419 1154 ordinabiliter
1441 1076 1606 1151 habitum

377 1199 554 1277 teneatur,
567 1188 672 1287 plura
685 1188 727 1264 de
739 1187 798 1262 bis
810 1188 888 1264 ideo
899 1188 960 1264 hio
972 1215 1044 1266 non
1057 1191 1291 1278 inseruimus,
1302 1215 1371 1266 neo
1382 1212 1540 1265 vacuare
1551 1191 1606 1262 vi-

377 1303 494 1379 lemve
512 1304 630 1380 facere
647 1301 855 1401 predictam
874 1303 1063 1401 Synodum
1089 1305 1306 1394 videremur,
1329 1315 1394 1378 aut
1417 1305 1604 1378 fastidium

379 1417 584 1514 legentibus
600 1425 666 1490 aut
680 1417 910 1492 audientibus
926 1418 1063 1515 prolixa
1076 1420 1212 1496 faceret
1224 1420 1384 1518 epistola.
1397 1420 1436 1494 Si
1449 1419 1531 1518 quis
1543 1445 1605 1492 au·

379 1542 450 1608 tem
467 1533 510 1608 de
527 1533 584 1608 his
600 1533 772 1632 ampliora
788 1534 883 1609 scire
899 1533 1054 1608 voluerit
1067 1533 1105 1606 in
1120 1557 1221 1609 sacro
1234 1544 1353 1609 nostre
1366 1533 1469 1608 Sedis
1481 1533 1605 1608 Euole-

378 1647 442 1724 sim
458 1647 601 1738 scrinio,
616 1648 736 1725 atalia
752 1660 789 1724 et
804 1673 846 1724 ea
862 1673 942 1746 quae
957 1646 1187 1746 prediximus
1203 1647 1368 1724 invenire
1384 1647 1521 1746 poterit.

927 1867 1060 1952 XVIII.

479 2097 618 2172 Statuit
633 2095 771 2172 Nicena
796 2095 956 2196 synodus
973 2103 1015 2168 ut
1031 2095 1173 2170 nullum
1199 2093 1378 2170 sententia
1402 2093 1473 2168 nisi
1496 2118 1519 2166 a
1543 2117 1610 2167 suo

384 2213 503 2290 iudice
521 2212 617 2288 diota
633 2212 870 2307 constringat.
887 2208 1029 2284 Iudices
1045 2217 1167 2281 autem
1184 2207 1248 2280 alii
1272 2231 1350 2282 esse
1373 2229 1444 2278 non
1468 2204 1608 2292 debent,

385 2327 456 2400 nisi
474 2349 562 2424 quos
579 2325 656 2423 ipse
673 2325 735 2423 qui
760 2325 948 2423 impetitur
972 2320 1137 2417 elegerit,
1150 2331 1215 2394 aut
1231 2343 1320 2418 quos
1343 2341 1409 2393 suo
1433 2341 1608 2393 consensu

384 2441 461 2517 haee
479 2451 605 2516 saneta
623 2441 731 2515 Sedes
748 2450 813 2514 aut
830 2441 909 2516 eius
926 2436 1098 2536 primates
1113 2433 1329 2510 auctoritate
1349 2431 1459 2506 huius
1484 2441 1607 2507 sancte

387 2553 490 2628 Sedis
507 2552 769 2648 delegaverint.
785 2555 876 2628 Item
894 2551 933 2625 in
950 2547 1084 2654 eadem

480 2669 659 2742 Daouerat
674 2689 739 2740 vos
759 2667 861 2741 iuxta
886 2671 1054 2764 prefatas
1079 2665 1227 2761 regulas
1250 2666 1283 2740 si
1308 2665 1422 2762 aliqui
1447 2664 1609 2760 egissent

385 2788 510 2857 eontra
526 2805 633 2854 suum
651 2780 811 2855 ordinem
825 2783 994 2859 mandare
1006 2781 1109 2857 uobis
1120 2789 1157 2854 et
1173 2788 1361 2876 expectare
1377 2779 1469 2876 quod
1486 2777 1531 2850 ad
1548 2801 1609 2851 ve-

385 2901 461 2968 stra
478 2892 647 2982 consulta„
659 2893 909 2982 scriberemus,
926 2896 963 2970 in
985 2906 1129 2972 tantum
1154 2903 1196 2968 ut
1220 2892 1253 2966 si
1277 2892 1387 2968 etiam
1412 2892 1607 2989 quiequam

389 3030 504 3103 grave
521 3005 872 3106 intollerandumque
897 3010 1173 3098 committerent,
1198 3017 1318 3081 nostra
1343 3005 1610 3104 prestolaretur

387 3146 550 3208 censura,
567 3129 604 3195 et
620 3120 713 3194 nihil
731 3122 831 3218 prius
855 3123 955 3199 aliud
980 3123 1232 3210 decerneretis
1257 3146 1364 3220 quam
1390 3121 1483 3218 quod
1507 3118 1608 3194 nobis

388 3231 544 3331 placeret
560 3232 829 3328 cognovissetis.

462 3349 554 3421 Data
571 3350 615 3420 Κ.
632 3348 822 3424 Novembr.
840 3350 1023 3426 Feliaiano
1040 3360 1076 3427 et
1092 3349 1310 3425 Maximiano
1327 3351 1409 3423 VV.
1427 3349 1498 3424 00.

924 3571 1074 3656 XVIIII.

486 3799 621 3872 Domno
633 3807 688 3872 tar
700 3797 904 3872 beatissimo
913 3807 949 3874 et
958 3793 1155 3876 honorabili
1165 3809 1288 3875 saneto
1298 3798 1397 3874 Patri
1405 3796 1518 3872 Felici
1531 3821 1611 3870 san-

389 3921 457 3987 etae
475 3911 577 3986 Sedis
595 3911 805 4010 Apostolioae
823 3913 931 3988 Urbis
957 3917 1077 3990 Romae
1098 3917 1213 4012 Papae,
1232 3912 1463 3999 Athanasius,
1480 3921 1517 3986 et
1533 3909 1612 3984 uni·

391 4025 486 4101 versi
504 4025 757 4124 Egyptiorum,
770 4026 1043 4116 Thebaidorum,
1055 4027 1284 4116 etLibiorum
1298 4027 1463 4124 Episcopi
1477 4025 1516 4098 in
1529 4050 1610 4098 san-

391 4148 449 4216 eta
467 4138 712 4214 Alexandrina
732 4141 868 4238 synodo
882 4142 948 4217 Dei
962 4143 1082 4238 gratia
1096 4151 1328 4238 congregata.
1342 4144 1388 4214 Et
1401 4140 1505 4214 infra.
1518 4139 1613 4228 Quia

391 4277 530 4351 semper
546 4263 787 4330 antecessores
805 4256 930 4345 nostri,
947 4265 983 4331 et
1008 4280 1072 4330 nos
1088 4273 1112 4330 a
1126 4265 1248 4330 vestra
1265 4253 1471 4352 Apostoliea
1488 4263 1614 4330 saneta

392 4369 481 4443 Sede
497 4368 674 4442 auxilium
700 4370 872 4460 ausimne,
890 4381 925 4446 et
951 4371 1062 4446 nostri
1081 4394 1145 4444 vos
1169 4395 1295 4444 curem
1321 4369 1426 4443 abere
1447 4368 1617 4464 eognovi-

393 4508 474 4558 mus
492 4483 680 4582 prefatam
697 4493 733 4558 et
758 4483 1000 4583 Apostolieam
1025 4494 1061 4560 et
1085 4509 1263 4559 summam
1289 4481 1491 4580 expetimus
1515 4479 1618 4555 iuxta
