3642 5294
925 405 1099 468 ..30-

395 533 484 604 Item
498 531 540 605 de
554 531 674 606 eadem
690 554 734 605 re.
749 530 833 627 Cap.
847 531 964 606 XXX.
974 528 1109 602 XXXI.
1120 529 1290 600 XXXIII.
1299 528 1478 602 XLVIIII.
1487 529 1612 601 LXVI.

467 646 542 721 XC.
560 647 680 720 CLVI.

395 761 494 848 Quod
518 769 600 835 ante
626 758 845 833 vocationem
872 762 925 833 III
951 779 1054 834 nemo
1079 755 1330 852 condempnari
1360 754 1493 830 debeat.
1530 755 1613 851 Cap.

464 875 618 948 XXVII.
635 875 815 948 XXVIIII
833 872 871 945 in
889 874 922 947 1⁰
940 872 1040 947 libro.

393 986 586 1060 Intentatio
603 985 839 1059 damnationis
857 1008 919 1082 pro
937 984 1175 1060 Xenodochio.
1194 986 1278 1082 Cap.
1295 985 1439 1059 LVIIII.

394 1097 585 1173 Intentatio
601 1098 977 1173 excommunicationis
993 1098 1152 1173 Lotharii
1170 1098 1289 1192 Regis.
1307 1099 1390 1195 Cap.
1407 1098 1464 1172 CI.

396 1211 727 1287 Excommunicatio
746 1210 916 1285 Archadii
934 1212 1170 1309 Imperatoris
1188 1213 1273 1309 Cap.
1291 1212 1383 1287 CVI.
1397 1211 1613 1286 CXXXIIII.

394 1325 723 1402 Exoommunicatio
741 1324 888 1398 Maximi
906 1325 1145 1422 Imperatoris.
1163 1325 1248 1421 Cap.
1266 1325 1396 1400 CXXI.

394 1443 481 1514 Item
526 1439 846 1514 excommunicatio
887 1438 1077 1514 Theodoxii
1119 1441 1358 1536 Imperatoris.
1396 1439 1480 1536 Cap.
1523 1438 1615 1512 CVI.

394 1669 447 1742 De
462 1666 667 1740 humilitate
684 1668 912 1764 Imperatoris
929 1667 1098 1765 Philippi,
1115 1678 1151 1742 et
1169 1667 1361 1743 Theodosii.
1384 1668 1469 1763 Cap.
1494 1667 1614 1742 CXLI.

394 1896 446 1969 De
462 1892 600 1967 iustitia
618 1893 1002 1969 excommunicationis.
1020 1893 1104 1989 Cap.
1121 1891 1301 1966 XLVIIII.

395 2008 446 2081 De
462 2005 766 2104 partecipantibus
782 2032 866 2081 cum
884 2004 1211 2083 excommunicatis.
1230 2006 1314 2103 Cap.
1341 2007 1497 2081 CLVIII.
1521 2005 1558 2079 in
1583 2007 1616 2080 Γ

465 2119 524 2194 lib.
542 2143 617 2216 cap.
635 2121 678 2192 II.
696 2119 734 2191 in
753 2119 804 2192 II⁰
822 2144 897 2216 cap.
915 2122 1029 2192 VIIII.

397 2235 448 2307 De
466 2232 790 2308 consecratIonibus
808 2232 1208 2307 excommunicatorum.
1223 2234 1307 2332 Cap.
1321 2237 1465 2310 XLIIII.
1478 2243 1515 2309 et
1531 2234 1568 2307 in
1582 2235 1615 2308 1⁰

466 2345 525 2420 lib.
543 2347 672 2420 CXLII
689 2355 724 2420 et
742 2347 898 2420 CXLIII.
916 2348 1090 2422 CXLIIII.
1109 2347 1282 2422 CLVIIII.
1330 2348 1339 2368 ¹

395 2461 446 2533 Dc
475 2458 823 2534 communicantibus
852 2485 936 2534 cum
961 2459 1143 2534 sceleratis
1173 2447 1256 2536 ante
1286 2462 1617 2538 excommunicatio·

466 2597 557 2646 nem.
575 2572 659 2668 Cap.
677 2572 805 2646 CXVI.
824 2572 1006 2648 CXXIIII.
1024 2575 1207 2649 CXXVII.
1227 2576 1427 2650 CXXVIII.

395 2683 572 2759 Iudicium
590 2683 787 2759 Clementis
804 2693 840 2759 et
857 2685 1024 2762 Anacleti
1042 2689 1110 2760 ΡΡ.
1128 2686 1170 2761 de
1187 2685 1245 2760 his
1271 2687 1400 2784 quibus
1425 2691 1520 2786 Papa
1545 2710 1615 2761 non

465 2795 624 2894 loquitur
639 2819 702 2894 pro
718 2820 840 2872 eorum
859 2798 964 2873 malis
981 2799 1131 2874 actibus.
1149 2800 1233 2898 Cap.
1251 2799 1344 2876 CVI.

395 2909 495 2996 Quod
517 2911 615 2983 Rom.
629 2911 793 2986 Pontifex
805 2911 922 2988 solvat
938 2938 960 2986 a
972 2913 1173 2988 iuramento
1186 2937 1245 2988 eos
1258 2914 1320 3012 qui
1334 2916 1547 2990 iuraverunt
1559 2915 1616 2989 de·

468 3022 592 3120 positis
610 3023 687 3121 (sic)
704 3023 748 3097 ab
765 3024 835 3098 illo.
853 3026 938 3122 Cap.
955 3027 1027 3101 eod.
1045 3028 1293 3102 cxxxvln..

395 3139 512 3223 Quare
529 3139 626 3210 Rom.
643 3137 808 3213 Pontifex
825 3138 1014 3215 abstulerit
1030 3138 1174 3214 Italiam
1187 3143 1384 3217 Grecorum
1399 3139 1615 3239 Imperatori.

468 3249 553 3345 Cap.
572 3249 791 3324 CXXXVII.

395 3361 572 3447 Quomodo
602 3369 756 3436 rectores
781 3362 941 3439 ecclesia
965 3390 1002 3440 se
1027 3374 1183 3463 tempore
1211 3365 1469 3462 persecutionis
1493 3376 1613 3462 agant.

465 3472 549 3569 Cap.
567 3473 695 3547 CXVI.
713 3473 859 3550 CXXII.

392 3584 552 3672 Qualiter
568 3584 784 3682 suscipiendi
801 3587 884 3662 sint.
902 3589 986 3687 Cap.
1004 3593 1103 3665 XXI.

393 3698 445 3771 De
461 3695 629 3771 hereticis
646 3705 682 3771 et
698 3697 922 3774 scismaticis.
945 3703 1030 3799 Cap.
1052 3706 1142 3778 LIII.
1160 3704 1324 3780 LXXIII.
1343 3703 1418 3779 XC.
1436 3705 1478 3778 In
1495 3702 1554 3780 lib.
1580 3705 1613 3777 1⁰

464 3809 604 3885 CXLV.
621 3810 798 3888 CCXIIII.
816 3812 958 3888 CCXV.
976 3816 1138 3891 CCXVI.
1156 3816 1335 3893 CCXVII.

392 3925 444 3998 De
461 3923 757 4021 participantibus
774 3949 858 4000 cum
875 3926 1019 4001 eisdem.
1036 3928 1079 4000 In
1096 3929 1129 4002 1⁰
1147 3927 1236 4004 libro
1253 3955 1328 4028 cap.
1347 3929 1490 4005 CCXV.

392 4038 444 4111 De
459 4035 693 4110 sacramentis
709 4048 744 4111 et
761 4039 1103 4134 congregationibus
1121 4050 1157 4116 et
1174 4041 1463 4116 ordenationibus
1480 4063 1612 4121 eorum.

464 4150 549 4246 Cap.
577 4150 666 4223 LIII.
701 4150 866 4225 CXVIII.
901 4151 1105 4227 CXXVIII.
1139 4153 1359 4228 CXXVIIII.
1389 4157 1430 4227 In
1465 4155 1497 4226 1⁰
1523 4152 1614 4227 libro

465 4264 637 4336 XXXVI.
656 4264 892 4339 LXXXVIII.
909 4265 1165 4338 LXXXVIIII.
1183 4265 1359 4340 CLVIIII.

391 4376 443 4448 De
459 4372 516 4446 his
532 4396 611 4470 quae
628 4372 790 4468 legitime
808 4398 878 4448 non
896 4377 999 4450 fiunt.
1016 4379 1060 4450 In
1076 4380 1103 4452 Ι.
1121 4377 1210 4452 libro
1223 4401 1299 4476 cap.
1313 4379 1532 4454 LXXXIIII.

391 4483 491 4571 Quod
507 4484 715 4579 symoniaca
732 4485 867 4560 heresis
882 4487 1036 4562 deterior
1052 4489 1100 4562 sit
1118 4490 1379 4566 macedoniana.
1401 4489 1486 4586 Cap.
1511 4490 1613 4562 XIII.
