3638 5294
716 375 913 442 -451-

205 500 314 574 care?
330 499 457 573 Nonne
473 497 516 573 de
534 498 589 573 his
610 498 671 596 qui
692 497 792 574 intus
812 508 898 574 sunt
918 523 981 575 vos
1002 499 1196 578 iudicatis?
1217 503 1268 576 De
1289 501 1347 586 his
1367 527 1430 597 au·

204 618 277 684 tem
291 611 352 708 qui
367 611 452 686 foris
465 621 551 685 sunt
562 611 735 687 iudicabit
749 613 854 687 Dens.
869 613 1019 688 Auferte
1033 612 1168 686 malum
1182 639 1204 689 a
1216 613 1316 688 vobis
1333 614 1430 711 ipsis

208 723 348 810 Quibus
366 724 485 824 verbis
502 725 591 800 satis
609 726 774 816 ostendit,
791 749 860 799 non
881 736 1015 801 temere
1031 735 1068 801 et
1081 726 1353 826 quomodolibet,
1366 727 1428 802 sed

207 858 270 932 per
288 836 460 912 iudicium
478 838 689 913 auferendos
706 864 784 914 esse
802 839 913 913 melos
925 839 970 914 ab
983 840 1154 915 aecclesia
1171 841 1431 929 communione,

207 959 248 1024 ut
266 949 296 1024 si
314 950 563 1047 praeindicium
580 953 715 1028 auferri
728 977 797 1028 non
813 953 933 1050 possit,
945 955 1140 1032 tolerentur
1154 956 1282 1054 potius,
1295 980 1341 1030 ne
1354 980 1430 1054 per-

208 1088 313 1138 verse
328 1063 438 1138 malos
451 1064 616 1140 evitando
633 1065 677 1141 ab
690 1066 851 1142 ecelesia
865 1067 938 1168 ipse
951 1067 1146 1158 discedens,
1159 1091 1218 1144 eos
1231 1067 1318 1166 quos
1331 1067 1433 1164 luge·
1522 1149 1524 1154 ,

208 1201 245 1251 re
264 1177 407 1252 videtur
423 1178 563 1254 vinciat
579 1179 623 1253 ed
640 1179 855 1277 gehennam.
872 1180 964 1268 Quia
977 1191 1013 1257 et
1025 1182 1069 1256 ad
1086 1173 1153 1258 hoc
1169 1181 1269 1256 nobis
1282 1181 1323 1257 ⁴in
1345 1181 1432 1257 scri-

207 1292 322 1390 pturis
339 1301 424 1368 sunt
441 1295 603 1391 exempla
621 1295 805 1394 proposita,
822 1292 924 1368 velut
941 1294 978 1367 in
997 1319 1110 1369 messe
1128 1305 1170 1368 ut
1191 1294 1305 1393 palea,
1317 1293 1433 1368 ''suffe-

208 1415 335 1480 rentur
352 1433 465 1508 usque
482 1408 526 1482 ad
543 1407 711 1482 ultimum
725 1404 980 1495 ventilabrum,
992 1405 1051 1480 vel
1063 1406 1157 1481 inter
1174 1406 1237 1479 illa
1252 1405 1354 1497 retia,
1367 1406 1428 1480 ubi

209 1519 323 1616 pisces
340 1521 420 1596 boni
438 1545 520 1595 curn
541 1520 646 1594 malis
664 1545 777 1619 usque
790 1520 835 1594 ad
847 1518 1137 1616 segregationem
1151 1545 1230 1618 quae
1242 1520 1366 1594 futura
1379 1531 1434 1595 est

207 1634 245 1706 in
263 1633 376 1724 litore,
393 1635 483 1711 idest
498 1635 537 1708 in
555 1635 625 1710 fine
643 1635 766 1710 saeculi
794 1656 894 1730 aequo
918 1631 1040 1706 animo
1064 1627 1271 1707 tolerentur.
1289 1632 1434 1707 Duobus

207 1747 304 1822 eninr
322 1749 434 1824 modis
451 1773 521 1824 non
539 1758 574 1824 te
592 1748 752 1825 maculat
770 1747 897 1822 mulus.
913 1745 951 1819 Si
969 1768 1040 1820 non
1058 1746 1271 1832 consentias,
1284 1754 1320 1822 et
1335 1745 1366 1840 si
1381 1769 1433 1820 re-

208 1859 377 1956 darguas,
389 1861 454 1936 boc
471 1871 607 1936 estnon
621 1861 898 1947 communicare,
910 1883 981 1933 non
995 1859 1206 1934 consentire.
1224 1845 1432 1936 Communi·

210 1983 268 2049 cat
285 1973 435 2072 quisque
453 1963 592 2072 quando
608 1967 764 2050 alicuius
783 1964 918 2070 iniquis
934 1971 1040 2049 sactis
1057 1972 1095 2046 in
1117 1973 1292 2049 consortio
1308 1973 1434 2048 volun·

209 2087 295 2160 tatis
313 2085 371 2160 vel
388 2086 649 2183 approbationis
665 2086 888 2184 adiungitur,
905 2087 972 2161 hoc
989 2108 1076 2182 ergo
1094 2108 1158 2159 nos
1175 2109 1322 2160 monens
1342 2091 1432 2185 Apo·

209 2197 322 2273 stolus
338 2199 398 2274 ait.
414 2200 532 2276 Nolite
549 2199 813 2275 communicare
830 2199 993 2297 operibus
1015 2197 1250 2274 infructuosis
1275 2198 1436 2275 tenebra·

211 2338 302 2386 rum.
319 2317 367 2388 Et
384 2313 467 2412 quia
484 2339 610 2410 parurn
628 2322 705 2389 erat
722 2336 792 2387 non
811 2313 1023 2401 consentire,
1040 2313 1069 2386 si
1088 2322 1297 2412 sequeretur
1313 2314 1435 2411 negle-

211 2426 335 2522 gentia
345 2426 682 2524 disciplinae,magis
694 2435 813 2502 autem
824 2424 949 2522 inquid
959 2422 1307 2522 redarguite.Videte
1316 2449 1437 2525 qnem-

212 2539 399 2614 admodum
419 2548 610 2638 utrumque
628 2537 833 2637 complexus
850 2551 913 2614 cst.
930 2539 1049 2616 Nolite
1063 2531 1358 2616 communicare?
1375 2537 1433 2614 no-

212 2652 275 2726 lite
300 2653 512 2741 consentire,
529 2637 639 2728 nolite
661 2651 817 2740 laudere,
834 2651 944 2727 nolite
961 2652 1162 2750 approbare.
1183 2653 1278 2740 Quid
1300 2662 1355 2728 est
1374 2677 1436 2726 au·

212 2776 284 2842 tem
304 2765 672 2862 magisredarguite‘?
698 2764 944 2864 reprehendite
970 2765 1136 2863 corripite
1161 2777 1331 2842 coercete.
1357 2770 1435 2840 Non

213 2877 307 2952 enim
327 2878 545 2955 contrarium
564 2889 619 2953 est
635 2877 721 2953 huic
739 2877 866 2968 locoid
884 2878 976 2976 quod
993 2879 1031 2952 in
1048 2878 1119 2964 elio
1136 2877 1210 2954 loco
1235 2879 1323 2954 dicit
1346 2883 1436 2976 Apo-

213 2991 334 3066 stolus
352 2991 441 3082 Quis
459 3001 513 3066 est
529 3001 581 3077 tu,
598 2991 660 3089 qui
677 2990 813 3066 iudices
829 2990 987 3066 alienum
1005 2996 1180 3068 servum?
1204 2996 1276 3068 Suo
1296 2993 1436 3067 domino

213 3113 287 3178 stat
299 3113 363 3178 aut
375 3105 482 3180 cadit.
496 3103 620 3178 Noluit
632 3103 726 3178 enim
741 3102 919 3180 hominem
934 3105 979 3178 eb
992 3104 1135 3181 homine
1153 3105 1306 3182 iudicari
1323 3131 1368 3182 ex
1383 3131 1438 3180 ar·

213 3217 318 3293 bitrio
334 3216 548 3315 suspicionis
564 3215 622 3291 vel
639 3217 917 3292 extraordinario
934 3229 1105 3316 usurpato
1127 3218 1269 3308 iudici0,
1294 3219 1354 3297 sed
1379 3243 1438 3317 po·

214 3330 287 3405 tius
299 3355 343 3406 ex
355 3329 439 3426 lege
450 3329 515 3404 Dei
528 3329 724 3422 seeundum
739 3330 895 3405 ordinem
910 3330 1091 3418 aecclesie,
1104 3331 1182 3406 sive
1194 3331 1288 3406 ultro
1302 3332 1387 3408 conf
1424 3375 1437 3388 ·

214 3441 389 3529 sum,sive
403 3451 613 3518 accusatum
626 3451 734 3539 atque
746 3427 964 3517 convictum.
979 3443 1147 3542 Alioquin
1161 3441 1252 3518 illud
1265 3469 1332 3520 cur
1345 3444 1436 3519 dixit

214 3555 245 3628 si
263 3557 344 3653 quis
361 3555 470 3632 frater
483 3555 698 3644 nominetur,
709 3565 773 3630 eut
789 3555 991 3644 fornicator,
1008 3565 1072 3629 aut
1081 3555 1202 3653 ydolis
1214 3556 1386 3646 serviens,
1399 3567 1436 3632 et

215 3678 343 3756 cetera,
360 3667 429 3740 nisi
447 3667 531 3765 quie
548 3693 627 3742 eam
645 3665 921 3743 nominationem
941 3667 1100 3766 intelligi
1113 3669 1239 3758 voluit,
1252 3694 1332 3768 quae
1347 3671 1386 3744 fit
1399 3669 1450 3742 in·

215 3803 430 3878 quemquam
448 3803 531 3854 curn
549 3777 726 3854 sententia
743 3787 779 3854 et
795 3779 917 3854 ordine
935 3780 1133 3870 iudiciario,
1154 3791 1261 3880 atque
1285 3781 1438 3878 integri·

214 3902 287 3968 tate
300 3893 504 3992 prefertur?
517 3895 610 3966 Nam
624 3891 654 3965 si
667 3891 862 3966 nominatio
875 3893 1018 3981 sufficit,
1033 3885 1138 3968 inulti
1148 3893 1436 3968 damnandisnnt

214 4005 433 4094 innocentes,
449 4005 533 4105 quia
549 4028 631 4102 sepe
647 4003 736 4079 falso
753 4003 790 4077 in
816 4027 991 4102 quoquam
1017 4004 1169 4082 crimine
1194 4007 1437 4080 nominantur.

215 4123 295 4194 Non
313 4143 400 4215 ergo
417 4119 470 4192 illi
488 4143 575 4216 quos
593 4141 778 4192 monemus
802 4142 912 4214 agere
934 4117 1178 4216 penitentiam,
1194 4128 1348 4217 querant
1369 4119 1436 4192 sibi

216 4233 363 4308 comites
380 4232 424 4306 ad
441 4231 628 4330 supplicia,
645 4255 711 4306 nec
724 4232 906 4327 gaudeant
919 4233 1003 4330 quia
1017 4232 1137 4330 plures
1149 4232 1356 4308 invenerint
1369 4233 1437 4306 sibi

216 4347 363 4422 similes.
380 4349 472 4421 Nam
491 4371 561 4422 non
580 4356 763 4443 propterea
781 4346 901 4420 minus
918 4345 1065 4434 ardebit,
1090 4345 1174 4443 quia
1199 4370 1282 4419 curn
1313 4344 1438 4420 multis

215 4460 362 4537 ardebit.
383 4465 437 4543 An
451 4459 540 4536 forte
553 4457 954 4548 attendendumrnnltos
968 4457 1074 4540 etiam
1089 4457 1127 4532 in
1142 4457 1229 4557 ipsis
1243 4456 1438 4565 bonoribus
