3638 5294
749 397 945 462 -485-

231 507 327 582 dices
352 508 578 608 deputentur.
605 511 659 586 Ad
677 537 862 610 personam
881 518 918 592 in
936 521 1048 618 primo
1070 522 1146 599 loeo
1171 526 1319 622 positam
1346 532 1454 630 respi-

230 618 291 708 cit,
307 621 479 718 qnioquid
495 646 522 696 a·
535 625 662 700 minori
680 629 929 721 committitur,
946 633 1016 708 nisi
1033 636 1186 713 sollicite
1203 653 1452 736 cognoscatur.

229 733 426 830 Gregorius
443 737 713 812 comonitorium
733 741 881 815 Iohanni
899 743 1074 819 defensori
1092 748 1193 822 eunti
1215 751 1451 849 Hyspaniam.

230 849 344 932 Quare
362 857 455 923 retro
472 847 509 922 in
528 849 617 925 libro
635 855 704 926 Illl
727 854 883 952 capitulo
908 859 1065 949 LXXV,
1079 863 1245 951 LXXVI,
1270 867 1450 943 LXXVII.

229 959 440 1058 Hysidorus.
457 965 571 1059 Leges
588 964 711 1041 saculi
725 967 868 1058 habent,
886 979 928 1044 ut
944 973 1125 1047 accusetis
1142 975 1255 1072 primo
1269 979 1450 1073 permitta-

227 1081 288 1146 tur
302 1097 358 1147 res
371 1073 569 1150 familiares
581 1101 701 1151 eorum
717 1079 826 1156 libere
844 1091 879 1156 rt
891 1082 1028 1158 diutius
1041 1085 1215 1176 ordinare,
1227 1097 1306 1162 tum
1324 1089 1450 1169 deinde

228 1185 437 1282 respondere
450 1187 606 1264 obiectis.
616 1190 880 1268 Antiochenam
891 1196 1218 1296 concilium,capite
1226 1202 1341 1276 XIIII.
1356 1203 1449 1279 Cum

227 1298 412 1398 episeopus
424 1326 445 1373 a
458 1301 534 1376 suis
547 1305 905 1402 comprovincialibus
918 1309 1110 1399 iudicatus,
1122 1311 1168 1386 ab
1179 1311 1261 1387 aliis
1278 1314 1449 1392 innocens

225 1413 269 1487 ab
282 1413 364 1488 aliis
378 1439 460 1490 reus
473 1417 674 1508 estimatur,
688 1419 981 1516 metropolitanus
994 1445 1013 1493 a
1027 1421 1148 1496 vicina
1166 1424 1348 1523 provincia
1359 1429 1448 1504 alios

225 1525 404 1624 episcopos
420 1539 602 1617 convocet,
620 1541 661 1605 ut
676 1556 760 1606 curn
778 1533 829 1606 eis
847 1543 884 1608 et
905 1533 981 1607 suis
1005 1534 1220 1634 coepiscopis
1245 1549 1448 1616 controver-

224 1639 315 1714 siam
332 1641 444 1715 tollat.
462 1641 647 1718 Calcedon.
665 1669 740 1743 cap.
758 1648 873 1720 VIIII.
892 1645 1056 1722 Clericus
1076 1647 1249 1723 adversus
1273 1651 1446 1728 alericum

224 1751 360 1828 habens
377 1755 575 1850 negotium,
592 1757 686 1854 apud
703 1757 906 1854 episcopum
923 1760 1105 1859 proprium
1123 1761 1181 1835 val
1195 1762 1342 1838 consilio
1354 1765 1448 1840 eins·

223 1866 302 1940 dem
316 1867 410 1964 apud
423 1891 509 1966 quos
522 1869 625 1943 ambo
638 1870 1041 1945 voluerintiudicentur.
1051 1871 1220 1970 Alioquin
1230 1875 1443 1974 correptioni

223 1979 440 2055 subiaceant.
458 1983 558 2068 Quod
575 1983 606 2056 si
623 1983 796 2058 adversus
814 1984 995 2082 proprium
1013 1984 1072 2060 vel
1093 1985 1265 2060 adversus
1289 1987 1444 2065 alterum

223 2092 426 2192 episcopum
436 2119 581 2170 causam
595 2095 728 2171 habent
741 2098 835 2197 apud
844 2097 1021 2194 synodum
1036 2099 1237 2196 pmvinciae.
1247 2101 1316 2176 Vel
1329 2101 1361 2176 si
1374 2103 1443 2178 cle·

222 2208 319 2283 ricus
343 2218 407 2284 aut
431 2208 615 2308 episcopus
636 2211 808 2286 adversus
834 2211 1154 2308 metropolitanum,
1171 2215 1266 2313 apud
1291 2217 1444 2313 primate

222 2321 397 2399 dioceseos
415 2324 630 2401 iudicentur.
648 2329 738 2401 ltem
756 2325 947 2401 concilium
967 2325 1107 2401 Caleed.
1125 2325 1282 2404 Clericus
1299 2339 1363 2404 aut
1380 2330 1443 2406 lai-

220 2461 280 2513 cos
297 2448 507 2514 accusantes
525 2438 703 2537 episcopos
720 2449 784 2514 aut
800 2439 946 2516 clericos
963 2439 1228 2516 adcusationem
1247 2443 1355 2542 recipi
1370 2469 1442 2520 non

220 2549 357 2640 debere,
386 2549 457 2624 nisi
487 2551 588 2648 prins
616 2575 738 2626 eorum
768 2553 969 2628 disentatur
997 2555 1122 2654 opinio.
1153 2556 1337 2652 Cartagin.
1365 2584 1441 2658 cap.

222 2668 319 2738 VIII.
344 2665 413 2753 Qui
438 2665 619 2764 aliquibus
636 2667 830 2743 sceleribus
848 2667 1009 2744 irretitus
1026 2674 1091 2758 tat,
1116 2694 1242 2744 vocem
1266 2672 1441 2749 adversus

221 2779 389 2853 maiorem
410 2790 536 2856 natum
562 2804 633 2855 non
657 2781 786 2856 habeat
809 2783 1013 2856 accusandi.
1038 2787 1128 2859 Item
1154 2785 1193 2858 in
1217 2785 1337 2861 eodem
1361 2813 1437 2886 cap.

218 2895 369 2967 XVIIII.
399 2893 488 2980 Quis
512 2893 755 2992 episcoporum
780 2907 983 2985 accusatur,
1008 2896 1052 2970 ad
1082 2898 1269 2997 primatem
1299 2901 1441 2997 provin·

221 3005 286 3080 cire
303 3005 416 3103 ipsius
434 3032 580 3081 causam
606 3007 743 3083 deferat
766 3017 962 3084 accusator.
979 3013 1055 3084 Nec
1079 3036 1100 3083 a
1116 3011 1364 3087 communione
1382 3041 1438 3089 su·

143 3170 150 3186 .
218 3120 411 3216 spendatur
440 3121 501 3195 eui
530 3123 667 3196 crimen
697 3123 897 3198 intenditur
927 3121 996 3198 nisi
1020 3123 1065 3198 ad
1089 3148 1235 3199 causam
1261 3151 1362 3202 snam
1388 3129 1438 3202 di-

219 3233 367 3307 cendam
385 3233 577 3308 electorum
599 3234 773 3310 indicium
799 3236 857 3310 die
881 3245 1017 3310 statuta
1041 3235 1172 3312 litteris
1189 3249 1357 3315 evocatus
1375 3242 1439 3316 mi-

217 3344 314 3421 nime
331 3347 538 3436 occurrerit,
555 3347 622 3423 hoc
638 3359 693 3422 est
710 3348 805 3422 infra
823 3347 979 3444 spatium
1004 3349 1150 3439 mensis,
1167 3375 1211 3425 ex
1235 3375 1276 3426 ea
1293 3351 1349 3427 die
1366 3377 1437 3450 qua

217 3485 298 3534 eum
316 3459 457 3534 litteras
478 3461 658 3559 accepisse
684 3461 893 3536 eonstiterit.
920 3463 1021 3548 Quod
1045 3463 1076 3536 si
1100 3463 1240 3560 aliquas
1256 3489 1361 3539 veras
1378 3491 1437 3542 ne-

216 3572 394 3648 cessitatis
419 3598 547 3650 causas
572 3574 785 3672 probaverit,
810 3574 941 3672 quibus
963 3595 1046 3650 eum
1071 3599 1257 3652 occurrere
1283 3602 1353 3653 non
1379 3602 1435 3676 po-

216 3687 329 3762 tuisse
352 3687 582 3762 manifestum
601 3689 659 3777 sit,
669 3713 786 3763 causae
803 3710 877 3761 suae
893 3686 1052 3762 dioendae
1063 3688 1158 3762 intra
1171 3688 1325 3764 alterum
1338 3715 1435 3766 men-

216 3825 290 3876 sem
316 3801 496 3897 integram
518 3800 648 3877 habeat
672 3801 892 3876 facultatem.
909 3806 1048 3878 Verum
1073 3803 1211 3877 tamdiu
1237 3814 1314 3902 post
1339 3829 1433 3880 men-

214 3939 289 3989 sem
306 3915 504 3990 secundum
522 3913 892 4004 communicet,donec
905 3925 1091 4014 purgetur.
1102 3917 1140 3990 Si
1152 3927 1274 3992 autem
1291 3917 1335 3992 ad
1353 3942 1435 3993 eon·
1495 3961 1497 3966 ·

214 4029 349 4104 cilium¹
364 4027 568 4104 universale
593 4029 882 4103 anniversarium
906 4053 1092 4106 occurrere
1118 4029 1282 4120 noluerit,
1307 4041 1349 4106 ut
1373 4032 1433 4107 vel

213 4142 262 4216 ibi
280 4167 388 4217 eausa
406 4143 484 4218 eius
501 4143 725 4231 terminetur,
741 4141 816 4241 ipse
841 4143 880 4216 in
897 4167 934 4218 se
955 4143 1193 4218 damnationis
1218 4143 1433 4220 sententiam

212 4256 342 4332 dixisse
366 4257 554 4332 iudicetur.
579 4260 750 4355 Tempore
774 4281 860 4332 sane
885 4281 955 4356 quo
979 4281 1050 4332 non
1075 4258 1335 4347 communicat,
1366 4283 1433 4333 nec

212 4370 251 4444 in
272 4395 338 4443 sua
363 4369 514 4445 ecelesia
538 4370 596 4444 vel
621 4371 804 4468 parrochia
826 4371 1075 4447 communicet.
1094 4377 1292 4447 Accusator
1309 4379 1431 4446 autem

213 4485 291 4559 eius
311 4485 341 4560 si
363 4510 547 4585 nunquam
564 4485 688 4562 diebus
705 4508 812 4562 cause
829 4485 976 4561 dicende
992 4484 1155 4576 deluerit,
1172 4509 1194 4559 a
1215 4485 1430 4562 communio
