3654 5302
724 400 921 466 -421-

208 520 296 618 quis
313 517 457 614 ignorat
474 540 599 594 vocem
616 516 760 592 Domini
777 542 820 593 ac
834 515 1037 596 Salvatoris
1048 521 1161 596 nostri
1178 522 1284 598 ihesu
1298 522 1433 598 Christi
1457 493 1465 504 .

213 629 394 708 dicentis
382 655 421 703 ιιι
438 630 638 727 evangelio.
652 633 706 705 Τιι
724 655 762 706 es
775 633 959 706 Petrus
922 641 959 706 e
975 657 1081 730 super
1093 633 1260 710 hanct
1201 643 1260 734 pet
1262 659 1336 708 ram
1352 636 1432 710 aedi-

213 744 531 823 ficaboaeoclesiam
542 754 715 832 meamet
727 754 844 820 cetera
846 768 979 843 usque
988 746 1159 822 errtsolu
1143 756 1268 823 ttume
1252 747 1431 823 ctaelisin.

212 858 396 957 Numquid
408 865 495 932 sunt
505 857 655 934 heretici
674 882 779 955 reges
796 858 962 954 excepti?
978 869 1043 933 eut
1059 882 1128 934 non
1147 869 1233 934 sunt
1248 860 1291 934 de
1304 860 1432 936 ovibus

212 996 303 1070 quas
320 969 417 1044 filius
433 969 498 1044 Dei
524 969 625 1044 beato
642 973 748 1046 Petro
772 969 979 1045 commisit?
997 970 1086 1058 Quis
1111 972 1251 1067 rogoin
1269 972 1337 1048 hac
1354 974 1434 1048 u'ni-

212 1082 343 1160 versali
362 1082 588 1158 concessione
604 1081 743 1177 ligandi
760 1091 867 1179 atque
884 1083 1043 1160 solvendi
1061 1111 1081 1158 ι
1099 1095 1271 1184 potestate
1282 1087 1379 1162 Petri
1393 1113 1431 1162 se

215 1196 401 1272 exclusum
421 1219 497 1270 esse
514 1193 707 1283 existimat,
724 1194 795 1269 nisi
812 1195 901 1270 forte
919 1197 1046 1272 infelix
1063 1198 1123 1274 ille
1140 1198 1201 1296 qui
1219 1193 1432 1295 iugum‘Do·

212 1335 302 1382 mrnr
294 1308 452 1406 portare
461 1306 918 1395 nolenedrabolrsesubrcr
925 1309 1116 1400 honer1‚et
1106 1335 1301 1388 innumero
1311 1335 1433 1387 ovium

216 1419 352 1498 Christi
366 1445 444 1496 esse
457 1423 683 1496 recuset‘lE
667 1429 761 1518 tpos
763 1423 960 1520 quasdam
973 1433 1032 1522 op
1033 1449 1123 1499 imas
1136 1424 1432 1536 interposrtmnes

213 1536 323 1625 Quod
331 1561 361 1609 ιι
352 1534 459 1610 beet
444 1543 504 1609 tus
517 1533 716 1629 Gregorius
732 1535 911 1612 doctort
870 1563 893 1611 ιι
895 1537 995 1635 tique
1011 1537 1235 1626 mitissimus,
1249 1561 1352 1634 reges
1369 1537 1432 1635 qui

213 1661 267 1726 sta
269 1658 537 1744 utasuesuper
546 1672 659 1720 unum
669 1647 926 1724 xenodochrnm
939 1649 1126 1736 vroleren
1100 1661 1208 1725 non
1221 1650 1321 1725 modo
1330 1649 1431 1746 depo

215 1763 265 1854 ni,
275 1762 337 1838 sed
350 1761 458 1837 etiam
471 1761 777 1835 excommunicari
787 1771 894 1858 atque
907 1761 945 1834 in
958 1769 1088 1837 aeterno
1097 1763 1431 1838 examinedamnari

213 1874 454 1972 decrevitqui
467 1873 751 1950 nosHeinricum
763 1899 834 1949 non
843 1875 958 1949 solum
969 1875 1205 1974 apostolorum
1216 1875 1430 1952 iudiciorum

212 1999 490 2086 contemptorem
508 2011 635 2062 verum
661 1987 770 2062 etiem
788 1987 902 2086 ipsius
919 1988 1045 2064 matris
1070 1989 1230 2066 ecclesiae
1255 1999 1430 2088 quantum

210 2106 248 2179 in
266 2104 341 2202 ipso
357 2111 412 2178 est
429 2099 724 2190 conculcatorem,
734 2102 914 2200 totiusque
928 2102 1032 2199 regni
1050 2103 1285 2180 ecclesiarum
1302 2105 1431 2201 impro

211 2217 398 2294 bissimum
413 2213 944 2312 praedonem‚et·atrocissimum
957 2215 1215 2292 destructorem
1229 2241 1430 2292 excommu-

211 2331 352 2406 nicasse
377 2319 623 2424 reprehendat,
640 2325 711 2399 nisi
736 2326 884 2403 fortasse
906 2328 1059 2404 similem
1078 2330 1184 2404 eius?
1201 2329 1305 2405 Sicut
1328 2329 1430 2405 beato
1509 2423 1512 2430 .

210 2449 315 2520 Petro
324 2442 471 2518 docente
480 2439 762 2536 cognovimusin
775 2442 923 2538 epistole
935 2444 978 2519 de
990 2443 1210 2520 ordinatione
1221 2443 1429 2535 Clementie

211 2558 251 2632 in
269 2582 339 2655 qua
356 2555 409 2630 sie
421 2553 481 2628 ait.
492 2553 530 2627 Si
544 2552 624 2652 quis
637 2553 777 2629 amicus
794 2555 903 2630 suerit
919 2555 990 2630 hiis
1007 2557 1139 2656 quibus
1155 2557 1230 2654 ipse
1247 2557 1289 2632 de
1306 2558 1427 2633 eodem

211 2671 394 2748 Clemente
410 2667 533 2743 dicens
550 2690 619 2740 non
639 2667 807 2765 loquitur,
816 2693 911 2742 unus
925 2678 980 2745 est
996 2682 1032 2745 ιι
1049 2671 1122 2771 ipse
1140 2697 1184 2746 ex
1201 2671 1274 2745 illis
1291 2671 1354 2769 qui
1371 2696 1430 2746 ex-

211 2782 406 2859 terminare
417 2778 606 2856 ecclesiam
620 2779 685 2854 Dei
704 2779 887 2870 voluntet
850 2790 981 2856 etcum
996 2806 1139 2880 corpore
1152 2807 1229 2858 esse
1242 2783 1427 2859 nobiscum

210 2897 331 2972 videet
316 2906 387 2982 ι,ιιι
400 2904 518 2970 mente
536 2903 573 2969 et
588 2893 707 2968 animo
724 2903 925 2970 contrarios
941 2897 1262 2971 estttEttestmulto
1279 2897 1428 3024 nequior

214 3011 306 3088 host
280 3021 328 3086 ιιι
352 3009 423 3100 hic,
439 3032 547 3106 quam
571 3007 626 3081 illi
648 3031 709 3106 qur
701 3008 813 3084 soris
830 3019 968 3084 suntet
953 3009 1127 3085 tevident
1113 3019 1167 3085 ter
1191 3010 1341 3085 inimici
1358 3013 1428 3088 Hic

211 3126 307 3204 enim
325 3149 387 3222 per
404 3123 645 3198 amicitiarum
664 3121 919 3220 speciemque
931 3123 1039 3198 unice
1056 3132 1142 3198 sunt
1155 3123 1261 3219 gerit,
1269 3139 1305 3198 et
1317 3123 1428 3200 eccle·

214 3241 304 3316 siam
319 3236 496 3335 dispergit
507 3260 550 3340 ao
563 3245 691 3311 vastet.
701 3236 769 3311 Sed
786 3248 823 3312 et
837 3237 1033 3313 Anaoletus
1049 3237 1093 3312 ab
1110 3237 1230 3312 eodem
1244 3237 1428 3314 Clemente

214 3353 395 3429 secundus
412 3351 488 3424 hmo
505 3349 627 3424 eedem
654 3349 793 3424 in1111·
813 3375 879 3424 sua
904 3349 1052 3448 epistola
1076 3349 1143 3424 sub
1159 3350 1290 3425 eisdem
1309 3351 1428 3426 verbis

211 3467 320 3542 iterat
332 3463 500 3540 adiciens.
509 3463 609 3550 Quod
621 3462 650 3537 si
662 3463 829 3561 quishaeo
838 3471 1013 3563 praecepta
1022 3485 1093 3537 non
1106 3462 1429 3554 observaveritho-

209 3579 276 3654 stis
292 3577 422 3653 animae
438 3603 522 3665 suae,
539 3587 576 3651 et
591 3600 662 3650 non
679 3585 821 3650 tantum
839 3575 996 3665 infamis,
1012 3576 1073 3650 sed
1099 3577 1428 3652 excommunicatus

210 3703 317 3793 atque
334 3693 475 3768 alienus
491 3691 536 3766 ab
553 3690 714 3766 aeoclesia
732 3690 897 3780 efficitur,
905 3690 1073 3788 quoniam
1086 3715 1230 3766 necesse
1247 3701 1302 3765 est
1317 3715 1359 3766 ea
1376 3693 1428 3766 vi·

210 3801 1428 3902 tiaserroabscinderequaealiismedicamentisnoucurentur.Note

210 3945 297 4019 ergo
313 3920 498 3996 carissime
516 3921 547 3994 si
564 3943 647 3995 eum
666 3917 728 4016 qui
753 3915 913 3992 amicitia
934 3916 993 3994 vel
1019 3916 1192 4015 colloquio
1215 3916 1273 3990 his
1297 3917 1427 4015 quibus

210 4035 363 4134 propriis
379 4057 442 4133 pro
465 4034 606 4110 actibus
630 4033 706 4109 suis
730 4056 880 4108 aversus
900 4040 956 4106 est
979 4029 1147 4120 sociatur,
1164 4039 1237 4106 tam
1264 4029 1427 4126 graviter

208 4147 336 4224 beatus
349 4151 478 4223 Petrus
495 4147 641 4236 iudicat,
655 4155 789 4246 quanta
801 4144 905 4220 illum
919 4144 1037 4245 ipsum
1051 4145 1110 4220 oui
1123 4168 1185 4246 pro
1197 4144 1337 4221 actibus
1350 4145 1427 4221 suis

210 4269 384 4336 aususest
396 4260 701 4336 animadversione
714 4261 992 4357 dampnetltem
1006 4269 1083 4358 post
1096 4261 1266 4358 quasdam
1276 4259 1428 4360 optimas

209 4373 505 4471 interpositiones.
523 4373 671 4447 Talibus
687 4397 774 4469 ergo
791 4373 970 4448 institutis
987 4374 1191 4472 talibusque
1209 4375 1292 4448 lulti
1309 4383 1429 4448 aucto

210 4486 377 4564 ritatibus
394 4486 555 4589 plerique
573 4486 799 4576 Pontificum,
816 4485 878 4560 elii
904 4510 1019 4584 rogeo,
1035 4485 1099 4560 alii
1125 4488 1353 4586 imperatores
1369 4511 1429 4564 ex·
