3646 5292
718 411 757 428 -
781 377 842 442 241
871 409 914 424 —

205 491 365 567 omnium
382 493 564 571 dominum
583 519 770 596 properare
787 495 926 587 debent,
943 503 979 571 et
996 496 1047 571 ita
1065 519 1160 572 more
1181 497 1283 573 solito
1307 497 1426 574 decre·

205 615 283 680 turn
301 605 472 698 facientes
490 618 525 684 et
542 607 580 684 in
597 633 638 686 eo
650 609 773 687 cuncti
787 610 922 708 pariter
934 611 1188 687 concordantes
1201 611 1426 688 subscribere

205 719 343 811 debent,
359 720 424 796 hoc
442 723 562 822 itaque
580 733 616 800 et
632 725 670 798 in
688 725 769 800 aliis
785 723 947 801 ecclesiis
964 724 1031 799 sub
1048 724 1162 800 divini
1184 725 1310 801 iudicii
1334 726 1428 801 obte-

207 834 369 924 statione,
386 845 421 910 et
438 837 678 914 anathematis
695 839 889 916 indictione
913 840 1140 916 decernimus
1157 841 1428 917 observandum.

207 947 259 1022 De
277 948 405 1023 castris
418 959 538 1026 autem
553 953 692 1028 Tusciae
709 961 745 1028 et
758 955 963 1052 Campaniae
980 965 1015 1032 et
1032 957 1074 1031 dc
1091 956 1173 1031 aliis
1189 955 1288 1046 locis,
1305 955 1428 1030 nullus

207 1062 355 1134 Romam
373 1063 503 1137 audeat
519 1063 674 1160 ingredi,
691 1090 758 1142 nec
775 1091 795 1139 a
814 1067 979 1164 quopiam
1005 1068 1217 1160 invitentur,
1242 1079 1306 1143 aut
1331 1069 1427 1143 infra

208 1173 393 1250 civitatem
410 1175 695 1268 introducantur,
713 1179 774 1255 sed
786 1204 853 1256 nec
867 1181 1056 1280 quisquam
1069 1207 1113 1258 ex
1125 1183 1241 1259 servis
1253 1194 1326 1259 tam
1340 1182 1427 1258 oleri

207 1311 313 1384 quam
329 1287 466 1363 nilitiae
479 1289 517 1362 iu
530 1293 653 1366 eadem
666 1293 836 1370 electione
849 1295 1068 1389 inveniatur,
1081 1323 1148 1374 nec
1161 1297 1259 1374 ullus
1273 1297 1428 1397 paenitus

208 1425 291 1475 cum
304 1403 415 1477 armis
432 1413 496 1480 aut
512 1405 677 1482 fustibus.

728 1650 820 1702 Actio
841 1651 912 1702 1111.

305 1861 343 1935 Si
360 1861 405 1936 ad
418 1863 632 1937 Sanctorum
645 1864 863 1938 consortium
876 1863 1000 1939 venire
1015 1863 1429 1963 optamus,p1·oiectohic

210 1973 341 2063 omnia,
358 1973 396 2047 in
413 1973 545 2049 honore
563 1976 788 2066 Sanctorum,
805 1978 882 2053 sive
900 1977 1072 2076 reliquias
1096 2001 1167 2074 non
1184 1977 1298 2052 solum
1315 2001 1433 2078 corpo-

211 2111 292 2161 rum
308 2087 367 2162 sed
382 2096 419 2162 et
430 2088 821 2179 vestimentorum,sive
834 2091 1001 2167 basilicas
1013 2092 1216 2167 nominibus
1228 2115 1349 2168 eorum
1363 2117 1434 2167 me·
1522 2095 1525 2100 ’

210 2210 375 2291 moratas
385 2203 462 2278 sive
472 2203 581 2277 etiam
594 2203 783 2301 imagines,
793 2213 829 2280 et
838 2204 964 2280 vultus
977 2205 1119 2282 illorum
1134 2205 1172 2279 in
1185 2204 1343 2304 quolibet
1356 2204 1432 2281 loco

211 2315 367 2412 depictos
384 2315 615 2392 celeberrimo
631 2316 763 2393 honore
780 2318 944 2395 venerari
965 2318 1144 2393 debemus.
1169 2321 1269 2394 Item.
1294 2321 1433 2392 Paven-

210 2429 297 2504 dum
314 2439 368 2506 est
385 2454 430 2506 ne
445 2431 512 2506 sub
525 2431 710 2506 iconarum
724 2431 908 2508 occasione
921 2431 965 2505 ad
978 2430 1097 2529 peiora
1114 2454 1192 2506 seso
1209 2439 1326 2505 status
1340 2430 1433 2507 male

213 2543 422 2619 assensionis
438 2544 567 2641 erIgat,
584 2555 621 2620 et
637 2567 782 2643 corpora
803 2549 1028 2633 Sanctorum,
1045 2553 1082 2618 et
1104 2543 1273 2642 reliquias
1298 2555 1435 2643 marty-

212 2682 293 2732 rum
311 2657 448 2732 adorari
465 2668 637 2757 tanquam
651 2659 810 2735 membra
824 2655 978 2746 Domini,
990 2655 1060 2732 hac
1072 2656 1238 2733 venerari
1251 2657 1434 2756 prohibea-

212 2778 283 2843 tur.
296 2772 396 2844 Item.
409 2770 648 2867 Interrogatio
663 2769 829 2845 Antiochi
843 2769 887 2844 ad
900 2779 1067 2846 sanctum
1080 2770 1329 2846 Athanasium.
1343 2774 1435 2858 Quo-

213 2884 313 2959 modo
330 2908 393 2958 vos
410 2884 529 2960 facitis
546 2885 724 2987 imagines
742 2894 777 2961 et
801 2883 956 2958 adoratis
982 2888 1051 2959 aa?
1077 2887 1113 2983 rt.
1137 2907 1208 2958 non
1233 2883 1328 2960 sicut
1352 2884 1434 2959 deos

212 2997 392 3094 imagines
407 2998 596 3073 adoramus
613 3023 676 3073 nos
693 2998 824 3073 fideles.
842 2997 957 3086 Absit,
982 2997 1077 3073 sicut
1101 2996 1246 3095 pagani,
1270 2996 1332 3071 sed
1356 3006 1434 3072 tan-

212 3111 393 3185 tummodo
410 3111 575 3187 affectum
594 3121 630 3186 et
645 3111 834 3187 caritatem
851 3111 981 3185 animae
998 3119 1128 3185 nostrae
1145 3110 1189 3184 ad
1214 3109 1356 3184 vultum
1383 3110 1435 3184 fa·

215 3223 284 3299 ciei
301 3223 474 3321 imaginis
491 3235 666 3324 aptamus,
683 3223 778 3300 unde
795 3233 832 3299 et
849 3222 1057 3298 multotiens
1074 3221 1180 3296 vultu
1203 3221 1317 3298 deleto
1341 3221 1437 3298 sicut

214 3335 356 3432 lignum
375 3361 506 3435 purum
523 3349 630 3437 atque
647 3361 799 3414 comune
816 3338 888 3412 iarn
909 3337 1001 3435 quod
1022 3335 1156 3410 dudum
1177 3335 1295 3410 luerat
1315 3337 1436 3432 imago

215 3449 469 3524 comburimus,
492 3454 592 3527 Item.
610 3452 763 3528 Crucem
781 3475 844 3548 pro
864 3450 1035 3526 crucifixo
1059 3448 1097 3522 in
1122 3473 1163 3525 ea
1189 3448 1333 3525 Christo
1357 3450 1437 3525 ado·

214 3587 338 3638 ramus
351 3572 387 3639 et
399 3563 650 3662 amplectimur
663 3564 823 3640 fideliter.
839 3567 940 3639 Item.
953 3561 991 3637 Si
1005 3562 1086 3660 quis
1102 3569 1246 3638 sanctas
1258 3562 1437 3659 imagines

215 3675 350 3751 domini
367 3677 480 3751 nostri
497 3677 604 3751 Ihesu
623 3676 759 3752 Christi
780 3687 816 3751 et
837 3676 917 3752 eius
937 3675 1137 3773 genitricis,
1153 3684 1260 3774 atque
1276 3675 1437 3750 omnium

217 3799 434 3880 sanctorum,
452 3790 649 3866 secundum
668 3800 874 3866 sanctorum
892 3799 1034 3889 patrum
1053 3797 1189 3863 statuta
1202 3788 1366 3865 venerari
1379 3813 1437 3865 no

213 3903 335 3993 luerit,
351 3901 543 3978 anathema
561 3903 617 3978 sit.
633 3905 733 3978 Item.
749 3907 831 3978 Non
848 3902 1005 4001 amplius
1029 3900 1274 3998 suscipiantur
1291 3905 1438 4000 Aposto-

214 4016 331 4092 lorum
348 4040 526 4093 canonum
544 4017 680 4118 prolata
705 4041 768 4117 per
794 4025 959 4092 sanctum
987 4014 1220 4103 Clementem,
1241 4014 1312 4088 nisi
1336 4015 1439 4113 quin·

215 4131 391 4228 quaginta
421 4131 538 4230 capita
563 4155 642 4229 quae
667 4129 819 4227 suscipit
846 4137 970 4204 sancta
988 4127 1054 4202 Dei
1079 4126 1255 4203 catholica
1280 4129 1438 4201 Romana

216 4243 388 4319 Ecclesia.
406 4246 504 4319 Item.
522 4245 560 4318 si
574 4243 655 4342 quis
667 4267 712 4318 ex
724 4243 908 4342 episcopis,
920 4241 980 4317 vel
999 4241 1229 4340 presbyteris,
1242 4240 1301 4316 vel
1320 4263 1440 4315 mona-

216 4355 306 4446 chis,
322 4363 386 4429 aut
402 4380 447 4431 ex
470 4355 573 4431 laicis
590 4365 713 4430 contra
730 4379 908 4431 canonum
934 4365 970 4431 et
987 4364 1190 4430 sanctorum
1209 4364 1350 4452 patrum
1369 4363 1440 4428 sta-

216 4478 297 4544 tuta
310 4491 543 4567 prorumpens
556 4468 594 4542 in
608 4469 743 4566 gradus
752 4468 965 4546 clericorum
975 4471 1010 4544 S.
1019 4472 1059 4544 R.
1070 4467 1440 4632 EcclesiapqidestPre-
