<?xml version="1.0" encoding="UTF-8"?>
<!DOCTYPE html PUBLIC "-//W3C//DTD XHTML 1.0 Transitional//EN"
    "http://www.w3.org/TR/xhtml1/DTD/xhtml1-transitional.dtd">
<html xmlns="http://www.w3.org/1999/xhtml" xml:lang="en" lang="en">
 <head>
  <title>
</title>
<meta http-equiv="Content-Type" content="text/html;charset=utf-8" />
  <meta name='ocr-system' content='tesseract 3.04.00' />
  <meta name='ocr-capabilities' content='ocr_page ocr_carea ocr_par ocr_line ocrx_word'/>
</head>
<body>
  <div class='ocr_page' id='page_1' title='image "./deusdeditpresby00martgoog_0362.png"; bbox 0 0 3618 5316; ppageno 0'>
   <div class='ocr_carea' id='block_1_1' title="bbox 723 423 919 488">
    <p class='ocr_par' dir='ltr' id='par_1_1' title="bbox 723 423 919 488">
     <span class='ocr_line' id='line_1_1' title="bbox 723 423 919 488; baseline 0 0"><span class='ocrx_word' id='word_1_1' title='bbox 723 423 919 488; x_wconf 82' lang='lat'><strong>-337-</strong></span> 
     </span>
    </p>
   </div>
   <div class='ocr_carea' id='block_1_2' title="bbox 199 545 1428 4490">
    <p class='ocr_par' dir='ltr' id='par_1_2' title="bbox 199 545 1428 4490">
     <span class='ocr_line' id='line_1_2' title="bbox 203 545 1426 646; baseline -0.005 -24"><span class='ocrx_word' id='word_1_2' title='bbox 203 551 294 624; x_wconf 88' lang='lat' dir='ltr'>Item</span> <span class='ocrx_word' id='word_1_3' title='bbox 311 548 349 621; x_wconf 91' lang='lat' dir='ltr'>in</span> <span class='ocrx_word' id='word_1_4' title='bbox 367 547 527 646; x_wconf 86' lang='lat' dir='ltr'>partibus</span> <span class='ocrx_word' id='word_1_5' title='bbox 544 547 684 623; x_wconf 85' lang='lat' dir='ltr'>Tusciae</span> <span class='ocrx_word' id='word_1_6' title='bbox 705 545 1019 642; x_wconf 81' lang='lat' dir='ltr'>Langobardorum</span> <span class='ocrx_word' id='word_1_7' title='bbox 1047 545 1235 622; x_wconf 87' lang='lat' dir='ltr'>castellnm</span> <span class='ocrx_word' id='word_1_8' title='bbox 1261 545 1426 622; x_wconf 80' lang='lat' dir='ltr'>Felicita-</span> 
     </span>
     <span class='ocr_line' id='line_1_3' title="bbox 203 660 1428 757; baseline -0.003 -21"><span class='ocrx_word' id='word_1_9' title='bbox 203 661 261 750; x_wconf 93' lang='lat' dir='ltr'>tis,</span> <span class='ocrx_word' id='word_1_10' title='bbox 278 661 411 737; x_wconf 81' lang='lat' dir='ltr'>Urbem</span> <span class='ocrx_word' id='word_1_11' title='bbox 429 671 601 750; x_wconf 80' lang='lat' dir='ltr'>veterem,</span> <span class='ocrx_word' id='word_1_12' title='bbox 618 660 794 735; x_wconf 86' lang='lat' dir='ltr'><strong>Balneum</strong></span> <span class='ocrx_word' id='word_1_13' title='bbox 821 661 938 757; x_wconf 84' lang='lat' dir='ltr'>regis,</span> <span class='ocrx_word' id='word_1_14' title='bbox 965 661 1121 750; x_wconf 76' lang='lat' dir='ltr'>Ferenti,</span> <span class='ocrx_word' id='word_1_15' title='bbox 1147 661 1348 748; x_wconf 85' lang='lat' dir='ltr'>Viterbum,</span> <span class='ocrx_word' id='word_1_16' title='bbox 1365 663 1428 735; x_wconf 90' lang='lat' dir='ltr'>Or·</span> 
     </span>
     <span class='ocr_line' id='line_1_4' title="bbox 202 773 1427 873; baseline -0.004 -23"><span class='ocrx_word' id='word_1_17' title='bbox 202 773 305 863; x_wconf 91' lang='lat' dir='ltr'>clem,</span> <span class='ocrx_word' id='word_1_18' title='bbox 333 777 499 864; x_wconf 80' lang='lat' dir='ltr'>Mariam,</span> <span class='ocrx_word' id='word_1_19' title='bbox 527 775 740 862; x_wconf 82' lang='lat' dir='ltr'>Tuscanam,</span> <span class='ocrx_word' id='word_1_20' title='bbox 775 775 944 863; x_wconf 87' lang='lat' dir='ltr'>Suauam,</span> <span class='ocrx_word' id='word_1_21' title='bbox 981 774 1228 873; x_wconf 87' lang='lat' dir='ltr'>Populonium,</span> <span class='ocrx_word' id='word_1_22' title='bbox 1257 773 1427 862; x_wconf 88' lang='lat' dir='ltr'>Rosellas,</span> 
     </span>
     <span class='ocr_line' id='line_1_5' title="bbox 203 885 1426 983; baseline -0.003 -21"><span class='ocrx_word' id='word_1_23' title='bbox 203 909 285 962; x_wconf 90' lang='lat' dir='ltr'>cum</span> <span class='ocrx_word' id='word_1_24' title='bbox 303 885 518 960; x_wconf 83' lang='lat' dir='ltr'>suburbanis</span> <span class='ocrx_word' id='word_1_25' title='bbox 534 895 641 983; x_wconf 89' lang='lat' dir='ltr'>atque</span> <span class='ocrx_word' id='word_1_26' title='bbox 659 885 792 962; x_wconf 84' lang='lat' dir='ltr'>viculis</span> <span class='ocrx_word' id='word_1_27' title='bbox 809 887 983 977; x_wconf 89' lang='lat' dir='ltr'>omuibus,</span> <span class='ocrx_word' id='word_1_28' title='bbox 1000 895 1036 962; x_wconf 87' lang='lat' dir='ltr'>et</span> <span class='ocrx_word' id='word_1_29' title='bbox 1053 887 1302 964; x_wconf 83' lang='lat' dir='ltr'>territoriisac</span> <span class='ocrx_word' id='word_1_30' title='bbox 1321 886 1426 960; x_wconf 88' lang='lat' dir='ltr'>mari·</span> 
     </span>
     <span class='ocr_line' id='line_1_6' title="bbox 201 998 1426 1098; baseline 0 -25"><span class='ocrx_word' id='word_1_31' title='bbox 201 998 300 1073; x_wconf 90' lang='lat' dir='ltr'>timis</span> <span class='ocrx_word' id='word_1_32' title='bbox 318 999 463 1097; x_wconf 73' lang='lat' dir='ltr'>oppidis</span> <span class='ocrx_word' id='word_1_33' title='bbox 480 1024 523 1074; x_wconf 90' lang='lat' dir='ltr'>ac</span> <span class='ocrx_word' id='word_1_34' title='bbox 540 999 683 1087; x_wconf 87' lang='lat' dir='ltr'>viculis,</span> <span class='ocrx_word' id='word_1_35' title='bbox 701 1023 771 1073; x_wconf 88' lang='lat' dir='ltr'>seu·</span> <span class='ocrx_word' id='word_1_36' title='bbox 783 999 914 1073; x_wconf 86' lang='lat' dir='ltr'>linibus</span> <span class='ocrx_word' id='word_1_37' title='bbox 928 999 1102 1074; x_wconf 85' lang='lat' dir='ltr'>omnibus.</span> <span class='ocrx_word' id='word_1_38' title='bbox 1115 1003 1277 1098; x_wconf 82' lang='lat' dir='ltr'>Itemque</span> <span class='ocrx_word' id='word_1_39' title='bbox 1295 999 1426 1074; x_wconf 87' lang='lat' dir='ltr'>Alunis</span> 
     </span>
     <span class='ocr_line' id='line_1_7' title="bbox 202 1101 1427 1202; baseline 0 -18"><span class='ocrx_word' id='word_1_40' title='bbox 202 1136 285 1185; x_wconf 93' lang='lat' dir='ltr'>curn</span> <span class='ocrx_word' id='word_1_41' title='bbox 302 1111 422 1186; x_wconf 88' lang='lat' dir='ltr'>insula</span> <span class='ocrx_word' id='word_1_42' title='bbox 433 1109 594 1188; x_wconf 79' lang='lat' dir='ltr'>Corsica.</span> <span class='ocrx_word' id='word_1_43' title='bbox 613 1112 748 1188; x_wconf 91' lang='lat' dir='ltr'>Deinde</span> <span class='ocrx_word' id='word_1_44' title='bbox 766 1111 804 1186; x_wconf 87' lang='lat' dir='ltr'>in</span> <span class='ocrx_word' id='word_1_45' title='bbox 822 1101 985 1202; x_wconf 84' lang='lat' dir='ltr'>Suriano,</span> <span class='ocrx_word' id='word_1_46' title='bbox 1003 1113 1129 1188; x_wconf 89' lang='lat' dir='ltr'>deiude</span> <span class='ocrx_word' id='word_1_47' title='bbox 1150 1113 1188 1186; x_wconf 90' lang='lat' dir='ltr'>in</span> <span class='ocrx_word' id='word_1_48' title='bbox 1206 1121 1325 1187; x_wconf 89' lang='lat' dir='ltr'>monte</span> <span class='ocrx_word' id='word_1_49' title='bbox 1342 1115 1427 1186; x_wconf 89' lang='lat' dir='ltr'>Bar-</span> 
     </span>
     <span class='ocr_line' id='line_1_8' title="bbox 203 1217 1426 1321; baseline -0.002 -21"><span class='ocrx_word' id='word_1_50' title='bbox 203 1225 314 1314; x_wconf 74' lang='lat' dir='ltr'>douiS,</span> <span class='ocrx_word' id='word_1_51' title='bbox 330 1225 456 1302; x_wconf 90' lang='lat' dir='ltr'>deinde</span> <span class='ocrx_word' id='word_1_52' title='bbox 473 1225 684 1315; x_wconf 80' lang='lat' dir='ltr'>inBerc&#39;etO,</span> <span class='ocrx_word' id='word_1_53' title='bbox 702 1225 841 1300; x_wconf 85' lang='lat' dir='ltr'>deinde</span> <span class='ocrx_word' id='word_1_54' title='bbox 855 1217 894 1299; x_wconf 91' lang='lat' dir='ltr'>iu</span> <span class='ocrx_word' id='word_1_55' title='bbox 920 1229 1061 1316; x_wconf 88' lang='lat' dir='ltr'>Parma,</span> <span class='ocrx_word' id='word_1_56' title='bbox 1087 1226 1213 1302; x_wconf 89' lang='lat' dir='ltr'>deinde</span> <span class='ocrx_word' id='word_1_57' title='bbox 1237 1226 1275 1299; x_wconf 94' lang='lat' dir='ltr'>in</span> <span class='ocrx_word' id='word_1_58' title='bbox 1301 1225 1426 1321; x_wconf 86' lang='lat' dir='ltr'>Regia,</span> 
     </span>
     <span class='ocr_line' id='line_1_9' title="bbox 205 1338 1427 1438; baseline 0 -24"><span class='ocrx_word' id='word_1_59' title='bbox 205 1338 328 1414; x_wconf 84' lang='lat' dir='ltr'>exinde</span> <span class='ocrx_word' id='word_1_60' title='bbox 346 1339 384 1413; x_wconf 93' lang='lat' dir='ltr'>in</span> <span class='ocrx_word' id='word_1_61' title='bbox 401 1343 563 1430; x_wconf 89' lang='lat' dir='ltr'>Mantua,</span> <span class='ocrx_word' id='word_1_62' title='bbox 579 1348 686 1438; x_wconf 90' lang='lat' dir='ltr'>atque</span> <span class='ocrx_word' id='word_1_63' title='bbox 703 1338 740 1412; x_wconf 93' lang='lat' dir='ltr'>in</span> <span class='ocrx_word' id='word_1_64' title='bbox 759 1348 878 1414; x_wconf 88' lang='lat' dir='ltr'>monte</span> <span class='ocrx_word' id='word_1_65' title='bbox 893 1339 1024 1430; x_wconf 84' lang='lat' dir='ltr'>Silicis,</span> <span class='ocrx_word' id='word_1_66' title='bbox 1037 1349 1144 1438; x_wconf 91' lang='lat' dir='ltr'>atque</span> <span class='ocrx_word' id='word_1_67' title='bbox 1158 1338 1343 1438; x_wconf 86' lang='lat' dir='ltr'>provincia</span> <span class='ocrx_word' id='word_1_68' title='bbox 1357 1342 1427 1414; x_wconf 85' lang='lat' dir='ltr'>Ve-</span> 
     </span>
     <span class='ocr_line' id='line_1_10' title="bbox 201 1452 1426 1553; baseline 0.002 -28"><span class='ocrx_word' id='word_1_69' title='bbox 201 1452 379 1527; x_wconf 89' lang='lat' dir='ltr'>netiarum</span> <span class='ocrx_word' id='word_1_70' title='bbox 402 1461 437 1529; x_wconf 90' lang='lat' dir='ltr'>et</span> <span class='ocrx_word' id='word_1_71' title='bbox 455 1453 618 1553; x_wconf 78' lang='lat' dir='ltr'>Hystria,</span> <span class='ocrx_word' id='word_1_72' title='bbox 635 1477 703 1528; x_wconf 89' lang='lat' dir='ltr'>neo</span> <span class='ocrx_word' id='word_1_73' title='bbox 721 1457 790 1526; x_wconf 83' lang='lat' dir='ltr'>non</span> <span class='ocrx_word' id='word_1_74' title='bbox 808 1453 1041 1528; x_wconf 84' lang='lat' dir='ltr'>et-Duoatum</span> <span class='ocrx_word' id='word_1_75' title='bbox 1061 1452 1255 1550; x_wconf 85' lang='lat' dir='ltr'>Spoletum,</span> <span class='ocrx_word' id='word_1_76' title='bbox 1272 1477 1339 1528; x_wconf 87' lang='lat' dir='ltr'>seu</span> <span class='ocrx_word' id='word_1_77' title='bbox 1361 1453 1426 1528; x_wconf 92' lang='lat' dir='ltr'>Be·</span> 
     </span>
     <span class='ocr_line' id='line_1_11' title="bbox 201 1564 1425 1663; baseline 0 -25"><span class='ocrx_word' id='word_1_78' title='bbox 201 1575 455 1657; x_wconf 88' lang='lat' dir='ltr'>neventanum,</span> <span class='ocrx_word' id='word_1_79' title='bbox 470 1591 541 1641; x_wconf 89' lang='lat' dir='ltr'>una</span> <span class='ocrx_word' id='word_1_80' title='bbox 556 1592 639 1643; x_wconf 91' lang='lat' dir='ltr'>oum</span> <span class='ocrx_word' id='word_1_81' title='bbox 653 1564 813 1641; x_wconf 85' lang='lat' dir='ltr'>aecolesia</span> <span class='ocrx_word' id='word_1_82' title='bbox 828 1573 962 1641; x_wconf 73' lang='lat' dir='ltr'>sauctae</span> <span class='ocrx_word' id='word_1_83' title='bbox 975 1565 1142 1640; x_wconf 81' lang='lat' dir='ltr'>Oristinae</span> <span class='ocrx_word' id='word_1_84' title='bbox 1156 1565 1305 1663; x_wconf 85' lang='lat' dir='ltr'>positam</span> <span class='ocrx_word' id='word_1_85' title='bbox 1320 1588 1425 1663; x_wconf 89' lang='lat' dir='ltr'>prope</span> 
     </span>
     <span class='ocr_line' id='line_1_12' title="bbox 200 1677 1425 1776; baseline 0.002 -26"><span class='ocrx_word' id='word_1_86' title='bbox 200 1677 347 1776; x_wconf 91' lang='lat' dir='ltr'>Papiam</span> <span class='ocrx_word' id='word_1_87' title='bbox 365 1679 466 1754; x_wconf 81' lang='lat' dir='ltr'>iuxta</span> <span class='ocrx_word' id='word_1_88' title='bbox 484 1679 620 1753; x_wconf 89' lang='lat' dir='ltr'>Padum</span> <span class='ocrx_word' id='word_1_89' title='bbox 638 1681 739 1753; x_wconf 74' lang='lat' dir='ltr'>IlIl⁰r</span> <span class='ocrx_word' id='word_1_90' title='bbox 758 1677 922 1752; x_wconf 88' lang='lat' dir='ltr'>miliaria.</span> <span class='ocrx_word' id='word_1_91' title='bbox 939 1681 986 1752; x_wconf 87' lang='lat' dir='ltr'>Et</span> <span class='ocrx_word' id='word_1_92' title='bbox 1001 1678 1106 1752; x_wconf 88' lang='lat' dir='ltr'>infra.</span> <span class='ocrx_word' id='word_1_93' title='bbox 1124 1681 1175 1754; x_wconf 91' lang='lat' dir='ltr'>De</span> <span class='ocrx_word' id='word_1_94' title='bbox 1197 1677 1344 1753; x_wconf 86' lang='lat' dir='ltr'>civitate</span> <span class='ocrx_word' id='word_1_95' title='bbox 1362 1703 1425 1751; x_wconf 86' lang='lat' dir='ltr'>au-</span> 
     </span>
     <span class='ocr_line' id='line_1_13' title="bbox 199 1789 1427 1891; baseline -0.001 -27"><span class='ocrx_word' id='word_1_96' title='bbox 199 1800 272 1865; x_wconf 89' lang='lat' dir='ltr'>tem</span> <span class='ocrx_word' id='word_1_97' title='bbox 289 1791 523 1891; x_wconf 87' lang='lat' dir='ltr'>Neapolitana</span> <span class='ocrx_word' id='word_1_98' title='bbox 541 1817 625 1867; x_wconf 92' lang='lat' dir='ltr'>cum</span> <span class='ocrx_word' id='word_1_99' title='bbox 639 1791 797 1867; x_wconf 89' lang='lat' dir='ltr'>castellis</span> <span class='ocrx_word' id='word_1_100' title='bbox 815 1800 851 1866; x_wconf 90' lang='lat' dir='ltr'>et</span> <span class='ocrx_word' id='word_1_101' title='bbox 867 1790 1115 1868; x_wconf 72' lang='lat' dir='ltr'>territoriis‘ac</span> <span class='ocrx_word' id='word_1_102' title='bbox 1130 1789 1264 1865; x_wconf 82' lang='lat' dir='ltr'>linibus</span> <span class='ocrx_word' id='word_1_103' title='bbox 1276 1795 1314 1865; x_wconf 89' lang='lat' dir='ltr'>et&#39;</span> <span class='ocrx_word' id='word_1_104' title='bbox 1328 1790 1427 1864; x_wconf 88' lang='lat' dir='ltr'>ins&#39;u·</span> 
     </span>
     <span class='ocr_line' id='line_1_14' title="bbox 201 1903 1425 2006; baseline -0.001 -29"><span class='ocrx_word' id='word_1_105' title='bbox 201 1903 246 1977; x_wconf 90' lang='lat' dir='ltr'>lis</span> <span class='ocrx_word' id='word_1_106' title='bbox 263 1903 338 1978; x_wconf 91' lang='lat' dir='ltr'>suis</span> <span class='ocrx_word' id='word_1_107' title='bbox 355 1905 421 1979; x_wconf 88' lang='lat' dir='ltr'>sibi</span> <span class='ocrx_word' id='word_1_108' title='bbox 439 1905 700 2003; x_wconf 90' lang='lat' dir='ltr'>pertinentibus</span> <span class='ocrx_word' id='word_1_109' title='bbox 718 1904 826 1980; x_wconf 87' lang='lat' dir='ltr'>sicuti</span> <span class='ocrx_word' id='word_1_110' title='bbox 848 1905 892 1978; x_wconf 90' lang='lat' dir='ltr'>ad</span> <span class='ocrx_word' id='word_1_111' title='bbox 917 1905 1058 2006; x_wconf 78' lang='lat' dir='ltr'>easdem</span> <span class='ocrx_word' id='word_1_112' title='bbox 1083 1905 1243 2003; x_wconf 77' lang='lat' dir='ltr'>aspicere</span> <span class='ocrx_word' id='word_1_113' title='bbox 1270 1903 1425 1996; x_wconf 82' lang='lat' dir='ltr'>videtur,</span> 
     </span>
     <span class='ocr_line' id='line_1_15' title="bbox 199 2016 1426 2114; baseline -0.001 -25"><span class='ocrx_word' id='word_1_114' title='bbox 199 2041 352 2092; x_wconf 91' lang='lat' dir='ltr'>necnon</span> <span class='ocrx_word' id='word_1_115' title='bbox 371 2016 623 2114; x_wconf 86' lang='lat' dir='ltr'>patrimonium</span> <span class='ocrx_word' id='word_1_116' title='bbox 639 2017 782 2093; x_wconf 86' lang='lat' dir='ltr'>Siciliae.</span> <span class='ocrx_word' id='word_1_117' title='bbox 796 2017 922 2092; x_wconf 87' lang='lat' dir='ltr'>Simili</span> <span class='ocrx_word' id='word_1_118' title='bbox 933 2019 1032 2094; x_wconf 92' lang='lat' dir='ltr'>modo</span> <span class='ocrx_word' id='word_1_119' title='bbox 1046 2019 1236 2094; x_wconf 87' lang='lat' dir='ltr'>civitatem</span> <span class='ocrx_word' id='word_1_120' title='bbox 1253 2017 1426 2106; x_wconf 82' lang='lat' dir='ltr'>Caietam,</span> 
     </span>
     <span class='ocr_line' id='line_1_16' title="bbox 199 2129 1427 2231; baseline 0 -27"><span class='ocrx_word' id='word_1_121' title='bbox 199 2137 236 2204; x_wconf 87' lang='lat' dir='ltr'>et</span> <span class='ocrx_word' id='word_1_122' title='bbox 251 2130 430 2218; x_wconf 87' lang='lat' dir='ltr'>Fundum,</span> <span class='ocrx_word' id='word_1_123' title='bbox 446 2153 531 2204; x_wconf 90' lang='lat' dir='ltr'>oum</span> <span class='ocrx_word' id='word_1_124' title='bbox 546 2129 714 2204; x_wconf 89' lang='lat' dir='ltr'>omnibus</span> <span class='ocrx_word' id='word_1_125' title='bbox 731 2155 856 2205; x_wconf 88' lang='lat' dir='ltr'>earum</span> <span class='ocrx_word' id='word_1_126' title='bbox 875 2133 1109 2230; x_wconf 87' lang='lat' dir='ltr'>pertinentiis.</span> <span class='ocrx_word' id='word_1_127' title='bbox 1137 2137 1289 2231; x_wconf 86' lang='lat' dir='ltr'>Insuper</span> <span class='ocrx_word' id='word_1_128' title='bbox 1313 2131 1427 2206; x_wconf 89' lang='lat' dir='ltr'>offeri-</span> 
     </span>
     <span class='ocr_line' id='line_1_17' title="bbox 200 2244 1427 2344; baseline -0.002 -25"><span class='ocrx_word' id='word_1_129' title='bbox 200 2270 281 2320; x_wconf 90' lang='lat' dir='ltr'>mus</span> <span class='ocrx_word' id='word_1_130' title='bbox 297 2245 363 2320; x_wconf 89' lang='lat' dir='ltr'>tibi</span> <span class='ocrx_word' id='word_1_131' title='bbox 380 2246 482 2321; x_wconf 88' lang='lat' dir='ltr'>beate</span> <span class='ocrx_word' id='word_1_132' title='bbox 500 2248 604 2320; x_wconf 88' lang='lat' dir='ltr'>Petre</span> <span class='ocrx_word' id='word_1_133' title='bbox 623 2245 788 2342; x_wconf 88' lang='lat' dir='ltr'>Apostole</span> <span class='ocrx_word' id='word_1_134' title='bbox 806 2245 1021 2344; x_wconf 84' lang='lat' dir='ltr'>Vinarioque</span> <span class='ocrx_word' id='word_1_135' title='bbox 1043 2255 1105 2321; x_wconf 88' lang='lat' dir='ltr'>tuo</span> <span class='ocrx_word' id='word_1_136' title='bbox 1122 2246 1258 2322; x_wconf 83' lang='lat' dir='ltr'>Domno</span> <span class='ocrx_word' id='word_1_137' title='bbox 1276 2244 1427 2320; x_wconf 84' lang='lat' dir='ltr'>Iohanni</span> 
     </span>
     <span class='ocr_line' id='line_1_18' title="bbox 199 2358 1425 2458; baseline -0.001 -26"><span class='ocrx_word' id='word_1_138' title='bbox 199 2359 288 2433; x_wconf 80' lang='lat' dir='ltr'>XII⁰</span> <span class='ocrx_word' id='word_1_139' title='bbox 305 2362 410 2458; x_wconf 84' lang='lat' dir='ltr'>Papae</span> <span class='ocrx_word' id='word_1_140' title='bbox 427 2367 463 2434; x_wconf 88' lang='lat' dir='ltr'>et</span> <span class='ocrx_word' id='word_1_141' title='bbox 480 2359 758 2434; x_wconf 86' lang='lat' dir='ltr'>Successoribus</span> <span class='ocrx_word' id='word_1_142' title='bbox 774 2358 865 2448; x_wconf 71' lang='lat' dir='ltr'>eius</span> <span class='ocrx_word' id='word_1_143' title='bbox 881 2383 945 2457; x_wconf 85' lang='lat' dir='ltr'>pro</span> <span class='ocrx_word' id='word_1_144' title='bbox 961 2369 1093 2434; x_wconf 77' lang='lat' dir='ltr'>nostrae</span> <span class='ocrx_word' id='word_1_145' title='bbox 1115 2360 1244 2436; x_wconf 79' lang='lat' dir='ltr'>animae</span> <span class='ocrx_word' id='word_1_146' title='bbox 1261 2358 1425 2452; x_wconf 85' lang='lat' dir='ltr'>remedio,</span> 
     </span>
     <span class='ocr_line' id='line_1_19' title="bbox 202 2471 1427 2572; baseline 0.001 -27"><span class='ocrx_word' id='word_1_147' title='bbox 202 2472 385 2570; x_wconf 89' lang='lat' dir='ltr'>nostrique</span> <span class='ocrx_word' id='word_1_148' title='bbox 402 2471 480 2563; x_wconf 92' lang='lat' dir='ltr'>filii,</span> <span class='ocrx_word' id='word_1_149' title='bbox 493 2483 528 2548; x_wconf 88' lang='lat' dir='ltr'>at</span> <span class='ocrx_word' id='word_1_150' title='bbox 540 2481 742 2549; x_wconf 87' lang='lat' dir='ltr'>nostrorum</span> <span class='ocrx_word' id='word_1_151' title='bbox 759 2482 960 2571; x_wconf 87' lang='lat' dir='ltr'>parentum,</span> <span class='ocrx_word' id='word_1_152' title='bbox 972 2474 1015 2550; x_wconf 91' lang='lat' dir='ltr'>de</span> <span class='ocrx_word' id='word_1_153' title='bbox 1028 2475 1167 2572; x_wconf 92' lang='lat' dir='ltr'>proprio</span> <span class='ocrx_word' id='word_1_154' title='bbox 1180 2482 1301 2549; x_wconf 84' lang='lat' dir='ltr'>nostro</span> <span class='ocrx_word' id='word_1_155' title='bbox 1314 2495 1427 2569; x_wconf 83' lang='lat' dir='ltr'>regno</span> 
     </span>
     <span class='ocr_line' id='line_1_20' title="bbox 201 2585 1427 2686; baseline -0.002 -24"><span class='ocrx_word' id='word_1_156' title='bbox 201 2585 369 2662; x_wconf 88' lang='lat' dir='ltr'>civitates</span> <span class='ocrx_word' id='word_1_157' title='bbox 382 2595 417 2662; x_wconf 92' lang='lat' dir='ltr'>et</span> <span class='ocrx_word' id='word_1_158' title='bbox 430 2587 555 2684; x_wconf 89' lang='lat' dir='ltr'>oppida</span> <span class='ocrx_word' id='word_1_159' title='bbox 568 2605 651 2662; x_wconf 88' lang='lat' dir='ltr'>cum</span> <span class='ocrx_word' id='word_1_160' title='bbox 666 2587 829 2686; x_wconf 88' lang='lat' dir='ltr'>piscariis</span> <span class='ocrx_word' id='word_1_161' title='bbox 847 2586 933 2673; x_wconf 89' lang='lat' dir='ltr'>suis,</span> <span class='ocrx_word' id='word_1_162' title='bbox 948 2587 1039 2662; x_wconf 87' lang='lat' dir='ltr'>idest</span> <span class='ocrx_word' id='word_1_163' title='bbox 1053 2590 1173 2676; x_wconf 84' lang='lat' dir='ltr'>Reate,</span> <span class='ocrx_word' id='word_1_164' title='bbox 1188 2587 1427 2676; x_wconf 85' lang='lat' dir='ltr'>Amiternum,</span> 
     </span>
     <span class='ocr_line' id='line_1_21' title="bbox 200 2699 1428 2790; baseline 0.001 -18"><span class='ocrx_word' id='word_1_165' title='bbox 200 2701 404 2788; x_wconf 86' lang='lat' dir='ltr'>Forcouem,</span> <span class='ocrx_word' id='word_1_166' title='bbox 417 2699 599 2788; x_wconf 88' lang='lat' dir='ltr'>Nursiam,</span> <span class='ocrx_word' id='word_1_167' title='bbox 612 2699 762 2773; x_wconf 85' lang='lat' dir='ltr'>Balvam</span> <span class='ocrx_word' id='word_1_168' title='bbox 778 2710 814 2776; x_wconf 90' lang='lat' dir='ltr'>et</span> <span class='ocrx_word' id='word_1_169' title='bbox 824 2700 984 2790; x_wconf 87' lang='lat' dir='ltr'>Marsim,</span> <span class='ocrx_word' id='word_1_170' title='bbox 999 2709 1036 2775; x_wconf 86' lang='lat' dir='ltr'>et</span> <span class='ocrx_word' id='word_1_171' title='bbox 1047 2699 1134 2773; x_wconf 82' lang='lat' dir='ltr'>a&#39;llbi</span> <span class='ocrx_word' id='word_1_172' title='bbox 1147 2699 1331 2774; x_wconf 85' lang='lat' dir='ltr'>civitatem</span> <span class='ocrx_word' id='word_1_173' title='bbox 1345 2702 1428 2774; x_wconf 87' lang='lat' dir='ltr'>Ter-</span> 
     </span>
     <span class='ocr_line' id='line_1_22' title="bbox 201 2811 1427 2912; baseline 0.002 -28"><span class='ocrx_word' id='word_1_174' title='bbox 201 2835 324 2885; x_wconf 87' lang='lat' dir='ltr'>rauem</span> <span class='ocrx_word' id='word_1_175' title='bbox 341 2837 425 2887; x_wconf 92' lang='lat' dir='ltr'>cum</span> <span class='ocrx_word' id='word_1_176' title='bbox 442 2811 671 2909; x_wconf 90' lang='lat' dir='ltr'>pertinentiis</span> <span class='ocrx_word' id='word_1_177' title='bbox 688 2812 774 2900; x_wconf 90' lang='lat' dir='ltr'>suis,</span> <span class='ocrx_word' id='word_1_178' title='bbox 791 2811 858 2886; x_wconf 88' lang='lat' dir='ltr'>has</span> <span class='ocrx_word' id='word_1_179' title='bbox 871 2835 994 2888; x_wconf 90' lang='lat' dir='ltr'>omnes</span> <span class='ocrx_word' id='word_1_180' title='bbox 1012 2812 1275 2912; x_wconf 89' lang='lat' dir='ltr'>suprascriptas</span> <span class='ocrx_word' id='word_1_181' title='bbox 1285 2811 1427 2910; x_wconf 87' lang='lat' dir='ltr'>provin-</span> 
     </span>
     <span class='ocr_line' id='line_1_23' title="bbox 200 2925 1427 3024; baseline -0.003 -24"><span class='ocrx_word' id='word_1_182' title='bbox 200 2926 285 3016; x_wconf 84' lang='lat' dir='ltr'>cias,</span> <span class='ocrx_word' id='word_1_183' title='bbox 301 2925 408 3000; x_wconf 88' lang='lat' dir='ltr'>urbes</span> <span class='ocrx_word' id='word_1_184' title='bbox 424 2936 461 3000; x_wconf 91' lang='lat' dir='ltr'>et</span> <span class='ocrx_word' id='word_1_185' title='bbox 477 2925 654 3014; x_wconf 89' lang='lat' dir='ltr'>civitates,</span> <span class='ocrx_word' id='word_1_186' title='bbox 670 2926 796 3023; x_wconf 86' lang='lat' dir='ltr'>oppida</span> <span class='ocrx_word' id='word_1_187' title='bbox 812 2935 921 3024; x_wconf 89' lang='lat' dir='ltr'>atque</span> <span class='ocrx_word' id='word_1_188' title='bbox 939 2925 1099 3014; x_wconf 85' lang='lat' dir='ltr'>castolla,</span> <span class='ocrx_word' id='word_1_189' title='bbox 1109 2925 1255 3001; x_wconf 83' lang='lat' dir='ltr'>¹viculos</span> <span class='ocrx_word' id='word_1_190' title='bbox 1268 2949 1311 3000; x_wconf 89' lang='lat' dir='ltr'>ao</span> <span class='ocrx_word' id='word_1_191' title='bbox 1324 2925 1427 3001; x_wconf 89' lang='lat' dir='ltr'>terri·</span> 
     </span>
     <span class='ocr_line' id='line_1_24' title="bbox 204 3036 1427 3135; baseline -0.002 -22"><span class='ocrx_word' id='word_1_192' title='bbox 204 3039 294 3113; x_wconf 88' lang='lat' dir='ltr'>toria</span> <span class='ocrx_word' id='word_1_193' title='bbox 312 3036 421 3110; x_wconf 91' lang='lat' dir='ltr'>simul</span> <span class='ocrx_word' id='word_1_194' title='bbox 438 3046 474 3112; x_wconf 90' lang='lat' dir='ltr'>et</span> <span class='ocrx_word' id='word_1_195' title='bbox 491 3037 714 3134; x_wconf 88' lang='lat' dir='ltr'>patrimonia,</span> <span class='ocrx_word' id='word_1_196' title='bbox 731 3059 793 3135; x_wconf 87' lang='lat' dir='ltr'>pro</span> <span class='ocrx_word' id='word_1_197' title='bbox 810 3039 964 3114; x_wconf 88' lang='lat' dir='ltr'>remedio</span> <span class='ocrx_word' id='word_1_198' title='bbox 982 3038 1111 3114; x_wconf 83' lang='lat' dir='ltr'>animae</span> <span class='ocrx_word' id='word_1_199' title='bbox 1136 3047 1266 3113; x_wconf 81' lang='lat' dir='ltr'>nostrae</span> <span class='ocrx_word' id='word_1_200' title='bbox 1283 3061 1346 3113; x_wconf 87' lang='lat' dir='ltr'>seu</span> <span class='ocrx_word' id='word_1_201' title='bbox 1368 3062 1427 3135; x_wconf 87' lang='lat' dir='ltr'>pa·</span> 
     </span>
     <span class='ocr_line' id='line_1_25' title="bbox 202 3154 1426 3249; baseline 0.002 -27"><span class='ocrx_word' id='word_1_202' title='bbox 202 3159 345 3225; x_wconf 90' lang='lat' dir='ltr'>rentum</span> <span class='ocrx_word' id='word_1_203' title='bbox 362 3174 405 3226; x_wconf 89' lang='lat' dir='ltr'>ac</span> <span class='ocrx_word' id='word_1_204' title='bbox 422 3173 669 3225; x_wconf 88' lang='lat' dir='ltr'>successorum</span> <span class='ocrx_word' id='word_1_205' title='bbox 686 3159 902 3241; x_wconf 87' lang='lat' dir='ltr'>nostrorum,</span> <span class='ocrx_word' id='word_1_206' title='bbox 918 3160 955 3227; x_wconf 92' lang='lat' dir='ltr'>ct</span> <span class='ocrx_word' id='word_1_207' title='bbox 972 3173 1033 3249; x_wconf 93' lang='lat' dir='ltr'>pro</span> <span class='ocrx_word' id='word_1_208' title='bbox 1050 3161 1180 3227; x_wconf 88' lang='lat' dir='ltr'>cuncto</span> <span class='ocrx_word' id='word_1_209' title='bbox 1205 3154 1426 3227; x_wconf 83' lang='lat' dir='ltr'>Francorum</span> 
     </span>
     <span class='ocr_line' id='line_1_26' title="bbox 200 3261 1424 3364; baseline 0.001 -26"><span class='ocrx_word' id='word_1_210' title='bbox 200 3262 338 3363; x_wconf 90' lang='lat' dir='ltr'>populo,</span> <span class='ocrx_word' id='word_1_211' title='bbox 355 3263 426 3336; x_wconf 87' lang='lat' dir='ltr'>iam</span> <span class='ocrx_word' id='word_1_212' title='bbox 444 3261 537 3338; x_wconf 89' lang='lat' dir='ltr'>dicte</span> <span class='ocrx_word' id='word_1_213' title='bbox 555 3261 715 3338; x_wconf 86' lang='lat' dir='ltr'>ecclesiae</span> <span class='ocrx_word' id='word_1_214' title='bbox 733 3273 804 3337; x_wconf 84' lang='lat' dir='ltr'>tuae</span> <span class='ocrx_word' id='word_1_215' title='bbox 821 3264 923 3340; x_wconf 87' lang='lat' dir='ltr'>beato</span> <span class='ocrx_word' id='word_1_216' title='bbox 945 3267 1050 3340; x_wconf 90' lang='lat' dir='ltr'>Petre</span> <span class='ocrx_word' id='word_1_217' title='bbox 1070 3265 1235 3362; x_wconf 88' lang='lat' dir='ltr'>Apostole</span> <span class='ocrx_word' id='word_1_218' title='bbox 1252 3273 1289 3340; x_wconf 91' lang='lat' dir='ltr'>et</span> <span class='ocrx_word' id='word_1_219' title='bbox 1305 3288 1368 3364; x_wconf 91' lang='lat' dir='ltr'>pro</span> <span class='ocrx_word' id='word_1_220' title='bbox 1389 3275 1424 3339; x_wconf 87' lang='lat' dir='ltr'>te</span> 
     </span>
     <span class='ocr_line' id='line_1_27' title="bbox 200 3374 1424 3473; baseline 0.004 -27"><span class='ocrx_word' id='word_1_221' title='bbox 200 3375 335 3451; x_wconf 86' lang='lat' dir='ltr'>vicario</span> <span class='ocrx_word' id='word_1_222' title='bbox 347 3383 408 3450; x_wconf 91' lang='lat' dir='ltr'>tuo</span> <span class='ocrx_word' id='word_1_223' title='bbox 425 3375 603 3473; x_wconf 89' lang='lat' dir='ltr'>spirituali</span> <span class='ocrx_word' id='word_1_224' title='bbox 621 3374 713 3472; x_wconf 87' lang='lat' dir='ltr'>patri</span> <span class='ocrx_word' id='word_1_225' title='bbox 730 3384 851 3451; x_wconf 84' lang='lat' dir='ltr'>nostro</span> <span class='ocrx_word' id='word_1_226' title='bbox 868 3377 995 3452; x_wconf 92' lang='lat' dir='ltr'>domno</span> <span class='ocrx_word' id='word_1_227' title='bbox 1011 3375 1161 3452; x_wconf 85' lang='lat' dir='ltr'>Iohanni</span> <span class='ocrx_word' id='word_1_228' title='bbox 1175 3401 1317 3453; x_wconf 86' lang='lat' dir='ltr'>summo</span> <span class='ocrx_word' id='word_1_229' title='bbox 1334 3381 1424 3452; x_wconf 94' lang='lat' dir='ltr'>Pon-</span> 
     </span>
     <span class='ocr_line' id='line_1_28' title="bbox 201 3487 1425 3588; baseline 0 -24"><span class='ocrx_word' id='word_1_230' title='bbox 201 3489 290 3564; x_wconf 88' lang='lat' dir='ltr'>tifici</span> <span class='ocrx_word' id='word_1_231' title='bbox 307 3497 343 3563; x_wconf 88' lang='lat' dir='ltr'>et</span> <span class='ocrx_word' id='word_1_232' title='bbox 360 3487 556 3564; x_wconf 84' lang='lat' dir='ltr'>universali</span> <span class='ocrx_word' id='word_1_233' title='bbox 574 3491 679 3586; x_wconf 87' lang='lat' dir='ltr'>Papae</span> <span class='ocrx_word' id='word_1_234' title='bbox 695 3487 843 3587; x_wconf 90' lang='lat' dir='ltr'>eiusque</span> <span class='ocrx_word' id='word_1_235' title='bbox 856 3489 1123 3564; x_wconf 85' lang='lat' dir='ltr'>successoribus</span> <span class='ocrx_word' id='word_1_236' title='bbox 1137 3514 1250 3588; x_wconf 87' lang='lat' dir='ltr'>usque</span> <span class='ocrx_word' id='word_1_237' title='bbox 1263 3490 1302 3564; x_wconf 93' lang='lat' dir='ltr'>iu</span> <span class='ocrx_word' id='word_1_238' title='bbox 1317 3490 1425 3566; x_wconf 86' lang='lat' dir='ltr'>finem</span> 
     </span>
     <span class='ocr_line' id='line_1_29' title="bbox 201 3601 1425 3700; baseline 0 -25"><span class='ocrx_word' id='word_1_239' title='bbox 201 3602 335 3692; x_wconf 87' lang='lat' dir='ltr'>saecuh&#39;,</span> <span class='ocrx_word' id='word_1_240' title='bbox 351 3625 392 3678; x_wconf 94' lang='lat' dir='ltr'>eo</span> <span class='ocrx_word' id='word_1_241' title='bbox 410 3601 509 3676; x_wconf 91' lang='lat' dir='ltr'>modo</span> <span class='ocrx_word' id='word_1_242' title='bbox 525 3601 790 3690; x_wconf 87' lang='lat' dir='ltr'>confirmamus,</span> <span class='ocrx_word' id='word_1_243' title='bbox 807 3608 849 3675; x_wconf 92' lang='lat' dir='ltr'>ut</span> <span class='ocrx_word' id='word_1_244' title='bbox 865 3601 904 3674; x_wconf 93' lang='lat' dir='ltr'>in</span> <span class='ocrx_word' id='word_1_245' title='bbox 918 3624 982 3676; x_wconf 86' lang='lat' dir='ltr'>suo</span> <span class='ocrx_word' id='word_1_246' title='bbox 994 3601 1178 3677; x_wconf 87' lang='lat' dir='ltr'>detineant</span> <span class='ocrx_word' id='word_1_247' title='bbox 1190 3602 1280 3692; x_wconf 90' lang='lat' dir='ltr'>iure,</span> <span class='ocrx_word' id='word_1_248' title='bbox 1293 3601 1425 3700; x_wconf 91' lang='lat' dir='ltr'>prinoi-</span> 
     </span>
     <span class='ocr_line' id='line_1_30' title="bbox 202 3712 1426 3813; baseline 0.002 -25"><span class='ocrx_word' id='word_1_249' title='bbox 202 3723 300 3812; x_wconf 90' lang='lat' dir='ltr'>patu,</span> <span class='ocrx_word' id='word_1_250' title='bbox 308 3723 415 3813; x_wconf 88' lang='lat' dir='ltr'>atque</span> <span class='ocrx_word' id='word_1_251' title='bbox 428 3714 570 3790; x_wconf 92' lang='lat' dir='ltr'>ditione.</span> <span class='ocrx_word' id='word_1_252' title='bbox 583 3717 630 3788; x_wconf 84' lang='lat' dir='ltr'>Et</span> <span class='ocrx_word' id='word_1_253' title='bbox 643 3713 748 3788; x_wconf 86' lang='lat' dir='ltr'>iufra.</span> <span class='ocrx_word' id='word_1_254' title='bbox 764 3715 805 3788; x_wconf 92' lang='lat' dir='ltr'>Iu</span> <span class='ocrx_word' id='word_1_255' title='bbox 820 3712 973 3790; x_wconf 87' lang='lat' dir='ltr'>lectione</span> <span class='ocrx_word' id='word_1_256' title='bbox 986 3737 1070 3790; x_wconf 90' lang='lat' dir='ltr'>vero</span> <span class='ocrx_word' id='word_1_257' title='bbox 1082 3717 1321 3790; x_wconf 87' lang='lat' dir='ltr'>Romanorum</span> <span class='ocrx_word' id='word_1_258' title='bbox 1335 3717 1426 3791; x_wconf 91' lang='lat' dir='ltr'>Pon·</span> 
     </span>
     <span class='ocr_line' id='line_1_31' title="bbox 203 3825 1426 3928; baseline 0.003 -28"><span class='ocrx_word' id='word_1_259' title='bbox 203 3826 354 3917; x_wconf 87' lang='lat' dir='ltr'>tidcum,</span> <span class='ocrx_word' id='word_1_260' title='bbox 370 3850 485 3925; x_wconf 90' lang='lat' dir='ltr'>neque</span> <span class='ocrx_word' id='word_1_261' title='bbox 502 3825 593 3901; x_wconf 87' lang='lat' dir='ltr'>liber</span> <span class='ocrx_word' id='word_1_262' title='bbox 608 3849 723 3924; x_wconf 90' lang='lat' dir='ltr'>neque</span> <span class='ocrx_word' id='word_1_263' title='bbox 741 3849 869 3902; x_wconf 86' lang='lat' dir='ltr'>servus</span> <span class='ocrx_word' id='word_1_264' title='bbox 886 3827 931 3902; x_wconf 81' lang='lat' dir='ltr'>a‘d</span> <span class='ocrx_word' id='word_1_265' title='bbox 948 3827 1014 3904; x_wconf 91' lang='lat' dir='ltr'>hoc</span> <span class='ocrx_word' id='word_1_266' title='bbox 1027 3829 1151 3906; x_wconf 89' lang='lat' dir='ltr'>venire</span> <span class='ocrx_word' id='word_1_267' title='bbox 1165 3833 1368 3928; x_wconf 76' lang='lat' dir='ltr'>presumat,</span> <span class='ocrx_word' id='word_1_268' title='bbox 1384 3839 1426 3905; x_wconf 91' lang='lat' dir='ltr'>ut</span> 
     </span>
     <span class='ocr_line' id='line_1_32' title="bbox 202 3936 1426 4038; baseline 0.002 -27"><span class='ocrx_word' id='word_1_269' title='bbox 202 3938 263 4014; x_wconf 89' lang='lat' dir='ltr'>ille</span> <span class='ocrx_word' id='word_1_270' title='bbox 279 3939 448 4014; x_wconf 87' lang='lat' dir='ltr'>Romanis</span> <span class='ocrx_word' id='word_1_271' title='bbox 465 3961 553 4037; x_wconf 87' lang='lat' dir='ltr'>quos</span> <span class='ocrx_word' id='word_1_272' title='bbox 569 3938 614 4012; x_wconf 90' lang='lat' dir='ltr'>ad</span> <span class='ocrx_word' id='word_1_273' title='bbox 629 3937 723 4014; x_wconf 91' lang='lat' dir='ltr'>hanc</span> <span class='ocrx_word' id='word_1_274' title='bbox 740 3936 949 4014; x_wconf 87' lang='lat' dir='ltr'>electionem</span> <span class='ocrx_word' id='word_1_275' title='bbox 969 3965 1031 4038; x_wconf 91' lang='lat' dir='ltr'>per</span> <span class='ocrx_word' id='word_1_276' title='bbox 1048 3940 1319 4018; x_wconf 85' lang='lat' dir='ltr'>constitutiones</span> <span class='ocrx_word' id='word_1_277' title='bbox 1344 3965 1426 4014; x_wconf 88' lang='lat' dir='ltr'>sau·</span> 
     </span>
     <span class='ocr_line' id='line_1_33' title="bbox 202 4051 1425 4152; baseline 0.001 -25"><span class='ocrx_word' id='word_1_278' title='bbox 202 4061 340 4127; x_wconf 76' lang='lat' dir='ltr'>otor-um</span> <span class='ocrx_word' id='word_1_279' title='bbox 358 4061 501 4150; x_wconf 89' lang='lat' dir='ltr'>patrum</span> <span class='ocrx_word' id='word_1_280' title='bbox 519 4051 668 4148; x_wconf 88' lang='lat' dir='ltr'>antiqua</span> <span class='ocrx_word' id='word_1_281' title='bbox 685 4052 1065 4129; x_wconf 88' lang='lat' dir='ltr'>admisit&#39;consuetudo</span> <span class='ocrx_word' id='word_1_282' title='bbox 1081 4053 1224 4152; x_wconf 92' lang='lat' dir='ltr'>aliquod</span> <span class='ocrx_word' id='word_1_283' title='bbox 1237 4053 1347 4128; x_wconf 81' lang='lat' dir='ltr'>faciat</span> <span class='ocrx_word' id='word_1_284' title='bbox 1359 4054 1425 4128; x_wconf 93' lang='lat' dir='ltr'>im·</span> 
     </span>
     <span class='ocr_line' id='line_1_34' title="bbox 201 4163 1425 4262; baseline -0.002 -20"><span class='ocrx_word' id='word_1_285' title='bbox 201 4165 454 4262; x_wconf 84' lang='lat' dir='ltr'>pedimeutum.</span> <span class='ocrx_word' id='word_1_286' title='bbox 467 4165 567 4252; x_wconf 87' lang='lat' dir='ltr'>Quod</span> <span class='ocrx_word' id='word_1_287' title='bbox 580 4163 611 4240; x_wconf 91' lang='lat' dir='ltr'>si</span> <span class='ocrx_word' id='word_1_288' title='bbox 624 4165 706 4262; x_wconf 91' lang='lat' dir='ltr'>quis</span> <span class='ocrx_word' id='word_1_289' title='bbox 719 4166 946 4242; x_wconf 85' lang='lat' dir='ltr'>contrahanc</span> <span class='ocrx_word' id='word_1_290' title='bbox 958 4175 1116 4241; x_wconf 89' lang='lat' dir='ltr'>nostram</span> <span class='ocrx_word' id='word_1_291' title='bbox 1130 4165 1425 4242; x_wconf 87' lang='lat' dir='ltr'>constitutionem</span> 
     </span>
     <span class='ocr_line' id='line_1_35' title="bbox 202 4277 1427 4379; baseline 0.003 -29"><span class='ocrx_word' id='word_1_292' title='bbox 202 4279 468 4379; x_wconf 88' lang='lat' dir='ltr'>praesumpserit</span> <span class='ocrx_word' id='word_1_293' title='bbox 483 4277 588 4354; x_wconf 89' lang='lat' dir='ltr'>exilio</span> <span class='ocrx_word' id='word_1_294' title='bbox 605 4278 776 4353; x_wconf 90' lang='lat' dir='ltr'>tradatur.</span> <span class='ocrx_word' id='word_1_295' title='bbox 793 4281 943 4378; x_wconf 90' lang='lat' dir='ltr'>Insuper</span> <span class='ocrx_word' id='word_1_296' title='bbox 961 4281 1081 4366; x_wconf 85' lang='lat' dir='ltr'>etiam,</span> <span class='ocrx_word' id='word_1_297' title='bbox 1099 4289 1140 4353; x_wconf 91' lang='lat' dir='ltr'>ut</span> <span class='ocrx_word' id='word_1_298' title='bbox 1160 4278 1288 4353; x_wconf 72' lang='lat' dir='ltr'>&#39;nullus</span> <span class='ocrx_word' id='word_1_299' title='bbox 1305 4279 1427 4354; x_wconf 88' lang='lat' dir='ltr'>misso·</span> 
     </span>
     <span class='ocr_line' id='line_1_36' title="bbox 202 4390 1423 4490; baseline 0.001 -26"><span class='ocrx_word' id='word_1_300' title='bbox 202 4416 282 4465; x_wconf 90' lang='lat' dir='ltr'>rum</span> <span class='ocrx_word' id='word_1_301' title='bbox 300 4400 499 4466; x_wconf 88' lang='lat' dir='ltr'>nostrorum</span> <span class='ocrx_word' id='word_1_302' title='bbox 522 4390 781 4489; x_wconf 88' lang='lat' dir='ltr'>cuiuscumque</span> <span class='ocrx_word' id='word_1_303' title='bbox 799 4391 1039 4490; x_wconf 89' lang='lat' dir='ltr'>impeditionis</span> <span class='ocrx_word' id='word_1_304' title='bbox 1066 4401 1304 4488; x_wconf 84' lang='lat' dir='ltr'>augmentum</span> <span class='ocrx_word' id='word_1_305' title='bbox 1331 4415 1423 4466; x_wconf 91' lang='lat' dir='ltr'>oom-</span> 
     </span>
    </p>
   </div>
   <div class='ocr_carea' id='block_1_3' title="bbox 202 4503 1422 4674">
    <p class='ocr_par' dir='ltr' id='par_1_3' title="bbox 202 4503 1422 4674">
     <span class='ocr_line' id='line_1_37' title="bbox 202 4503 1422 4604; baseline -0.001 -25"><span class='ocrx_word' id='word_1_306' title='bbox 202 4527 329 4603; x_wconf 90' lang='lat' dir='ltr'>ponere</span> <span class='ocrx_word' id='word_1_307' title='bbox 347 4505 385 4580; x_wconf 89' lang='lat' dir='ltr'>iu</span> <span class='ocrx_word' id='word_1_308' title='bbox 411 4505 592 4604; x_wconf 84' lang='lat' dir='ltr'>praephata</span> <span class='ocrx_word' id='word_1_309' title='bbox 609 4503 781 4582; x_wconf 90' lang='lat' dir='ltr'>electione</span> <span class='ocrx_word' id='word_1_310' title='bbox 797 4505 937 4596; x_wconf 88' lang='lat' dir='ltr'>audeat,</span> <span class='ocrx_word' id='word_1_311' title='bbox 959 4504 1169 4580; x_wconf 88' lang='lat' dir='ltr'>omnimodis</span> <span class='ocrx_word' id='word_1_312' title='bbox 1186 4503 1422 4603; x_wconf 92' lang='lat' dir='ltr'>prohibemus.</span> 
     </span>
     <span class='ocr_line' id='line_1_38' title="bbox 1209 4619 1245 4674; baseline -0.111 0"><span class='ocrx_word' id='word_1_313' title='bbox 1209 4619 1245 4674; x_wconf 76' lang='lat'>22</span> 
     </span>
    </p>
   </div>
   <div class='ocr_carea' id='block_1_4' title="bbox 0 0 1814 5316">
    <p class='ocr_par' dir='ltr' id='par_1_4' title="bbox 0 0 1814 5316">
     <span class='ocr_line' id='line_1_39' title="bbox 0 0 1814 5316; baseline 0 0"><span class='ocrx_word' id='word_1_314' title='bbox 0 0 1814 5316; x_wconf 95' lang='lat' dir='ltr'> </span> 
     </span>
    </p>
   </div>
  </div>
 </body>
</html>
