3642 5294
389 535 613 631 Ballerini
631 536 881 660 opinentur
898 535 1140 658 exemplar
1155 536 1299 658 hujus
1317 531 1487 628 codicis
1504 559 1616 654 sup-

387 729 475 822 par
497 730 599 797 esse
631 700 720 824 ipsi
754 700 950 818 auctori,
974 700 1158 795 videtur
1189 703 1349 794 tamen
1382 699 1613 791 absonum

386 867 509 985 fidei,
532 867 655 991 quod
672 896 786 990 prae
809 866 954 983 oculis
978 865 1182 961 auctoris
1204 869 1303 959 tarn
1326 863 1488 958 multis
1511 889 1613 956 sca-

386 1032 482 1123 teat
521 1027 721 1144 mendis
754 1057 809 1122 ao
851 1029 1086 1151 plerisque
1124 1027 1171 1122 in
1205 1026 1318 1121 locis
1351 1053 1519 1121 sensus
1552 1024 1614 1118 sit

387 1218 586 1286 mancus
620 1195 666 1285 et
698 1192 941 1286 obscurus.
978 1189 1280 1312 Quapropter
1310 1188 1528 1311 proprius
1562 1187 1616 1280 fi·
1792 1309 1793 1312 Ν

388 1351 493 1445 dein
526 1354 767 1474 putamus,
790 1351 993 1474 sequiori
1020 1380 1133 1447 aevo
1157 1352 1215 1445 ab
1242 1349 1457 1473 imperito
1485 1375 1615 1442 arna

386 1541 566 1608 nuense
581 1510 1245 1638 fuissetranscripturn‚quu1n
1258 1503 1487 1635 ejusmodi
1505 1512 1616 1603 cha-

386 1678 624 1770 racterum
668 1673 821 1771 iorrna
852 1677 992 1771 etiarn
1026 1677 1213 1771 saeculo
1256 1673 1519 1796 insequenti
1553 1673 1614 1766 sit

388 1837 609 1932 adhibita.
635 1837 771 1946 Quae
805 1840 994 1962 quidem
1016 1839 1211 1934 assertio
1244 1865 1338 1931 non
1361 1833 1615 1930 661611611-

387 1999 620 2096 damento.
639 2001 767 2096 Nam
785 2002 833 2095 in
855 2003 1082 2126 principio
1102 2001 1285 2097 Codicis
1308 2000 1456 2095 nostri
1474 1999 1611 2094 Rom.

380 2163 672 2259 'Pontificum
711 2165 932 2260 elenchus
970 2165 1289 2288 praeponitur,
1320 2165 1374 2289 ‘in
1417 2192 1509 2286 quo
1546 2163 1614 2256 sio

384 2331 588 2424 notatur.
612 2381 674 2398 -
695 2328 768 2423 HI
799 2329 962 2423 Victor
994 2357 1056 2422 rn.
1081 2328 1166 2423 111.
1191 2329 1234 2422 (1.
1259 2327 1344 2422 111.
1367 2381 1429 2396 -
1452 2327 1498 2421 ΙΙ
1522 2326 1615 2422 Ur-

385 2493 538 2586 banus
560 2491 648 2585 XI.
682 2520 745 2584 nr.
779 2490 864 2586 ΙΙΙ.
900 2491 942 2584 (1.
976 2490 1085 2584 XV.
1109 2543 1171 2560 -
1193 2490 1240 2585 Π
1272 2489 1533 2585 Paschalis.
1552 2541 1614 2558 —

386 2657 550 2766 Quum
584 2659 741 2750 autem
776 2685 919 2779 epoca
950 2655 1262 2750 Pontificatus
1296 2655 1543 2750 Paschalis
1567 2685 1615 2750 o-

384 2821 617 2934 mittatur,
650 2821 837 2914 etcum
875 2847 927 2913 eo
966 2817 1148 2913 desinat
1191 2819 1434 2938 catalogus
1474 2817 1610 2913 Rern.

384 2981 687 3100 Pontificum,
719 2981 767 3075 ni
800 2980 1021 3098 fallimur,
1054 2981 1371 3104 consequitur,
1405 2982 1612 3077 codicem

387 3149 636 3286 exaratum
668 3144 812 3241 fuisse
844 3147 902 3239 ab
926 3174 1001 3239 an.
1031 3143 1328 3240 10996161.
1357 3145 1614 3241 111111111-

385 3308 484 3404 cilis
516 3309 711 3430 insuper
731 3307 940 3402 lectionis
963 3306 1110 3401 codex
1133 3311 1204 3402 est
1226 3311 1279 3402 ut
1295 3308 1511 3441 *dignosci
1534 3337 1615 3432 po-
1792 3347 1793 3366 ¹

384 3470 476 3562 test
497 3495 555 3562 ex
586 3467 839 3590 specimine
872 3469 1064 3564 alterius
1097 3470 1380 3594 6166311116,-
1414 3469 1538 3592 quod
1560 3469 1610 3564 in

384 3628 536 3726 fronte
567 3632 756 3724 nostrae
782 3629 995 3726 editionis
1019 3633 1310 3728 exhibemus.
1336 3633 1463 3727 Huic
1483 3632 1616 3727 Vati·

386 3817 531 3884 canae
548 3789 865 3886 Bibliothecae
887 3791 1084 3888 tortasse
1107 3793 1303 3888 accessit
1320 3821 1430 3888 curn
1448 3792 1615 3887 codici-

386 3956 474 4050 bus
494 3955 632 4050 Oard.
651 3955 960 4074 Bessarionis
979 3957 1150 4081 quippe
1168 3956 1226 4052 ad
1244 3958 1420 4051 calcem
1437 3959 1616 4080 postre-

236 4161 239 4168 ·
385 4146 491 4214 rnae
518 4119 719 4242 paginae
741 4121 858 4214 haec
879 4121 1024 4214 rerba
1044 4123 1285 4215 notantur:
1309 4118 1615 4216 66166616·-

387 4307 480 4376 cae
513 4277 597 4376 Ss.
631 4283 1010 4403 Apostolorum
1043 4283 1107 4376 de
1152 4279 1302 4376 Urbe.
1339 4279 1478 4388 Quod
1511 4279 1613 4374 erui
1792 4311 1793 4316 ¹

388 4443 573 4535 ridetur
603 4445 707 4535 turn
731 4472 790 4536 61(
823 4441 974 4535 fornia
1006 4445 1335 4536 characterum
1370 4471 1489 4535 saec.
1519 4440 1616 4534 XV
