3646 5292
907 387 1103 452 -182-

390 509 481 583 dem.
498 512 623 606 Neque
640 509 735 582 enim
753 507 909 583 iudicem
927 518 991 582 aut
1008 509 1229 606 cognitorem
1254 510 1483 585 saecularium
1508 535 1616 608 nego-

392 622 525 697 tiorum
542 631 577 696 ta
595 621 759 696 ordinare
777 620 857 697 vult
883 621 1122 714 Christusne
1145 625 1358 722 praefocatus
1382 626 1618 724 presentibus

392 734 578 810 hominum
596 735 704 823 curis,
721 757 790 810 non
809 735 921 836 possis
938 737 1045 811 verbo
1062 737 1127 812 Dei
1144 762 1286 828 vacare,
1302 736 1380 815 haec
1405 763 1490 815 vero
1511 763 1617 839 opera

393 875 473 950 quae
490 849 554 925 tibi
576 849 695 923 minus
708 873 908 946 congruere
921 849 1088 941 diximus
1101 849 1291 926 exhibeant
1304 851 1371 926 sibi
1385 851 1541 929 invicem
1555 879 1616 928 va·

394 973 529 1054 cantes,
546 963 639 1039 idest
654 963 751 1054 laici,
768 974 804 1039 et
821 973 855 1039 te
874 987 978 1039 nemo
994 973 1144 1060 occupet
1159 963 1204 1037 ab
1221 962 1279 1037 bis
1295 965 1425 1039 studiis
1450 991 1512 1066 per
1537 991 1618 1065 quae

393 1078 493 1154 salus
510 1077 675 1153 omnibus
693 1077 807 1152 datur.
825 1077 930 1153 Sicut
946 1077 1042 1152 enim
1060 1076 1125 1152 tibi
1143 1077 1338 1177 impietatis
1355 1079 1493 1160 crimen
1517 1089 1573 1156 est
1597 1104 1617 1156 o

393 1192 562 1269 Clemens
579 1191 755 1289 neglectis
773 1190 873 1266 verbi
892 1190 957 1266 Dei
983 1191 1124 1280 studiis,
1149 1190 1410 1268 sollicitudines
1435 1193 1616 1292 suscipere

392 1306 594 1394 saeculares,
612 1306 663 1381 ita
681 1305 877 1404 unicuique
894 1305 1068 1380 laicorum
1094 1315 1283 1404 peccatum
1301 1315 1355 1380 est
1372 1307 1443 1380 nisi
1460 1307 1617 1384 invicem

393 1422 461 1496 sibi
478 1422 584 1498 etiam
599 1421 637 1495 in
650 1421 708 1495 bis
721 1445 800 1520 quae
812 1421 857 1494 ad
871 1419 1072 1495 communis
1085 1420 1170 1494 vitae
1185 1447 1290 1494 usum
1309 1422 1489 1520 pertinent
1513 1446 1617 1521 opera

393 1536 546 1612 fideliter
559 1535 729 1610 dederint.
743 1537 794 1609 Te
805 1558 890 1609 vero
907 1543 1117 1610 secuturum
1136 1534 1252 1610 facere
1269 1559 1312 1610 ex
1325 1535 1382 1611 his
1399 1535 1529 1635 quibus
1545 1559 1616 1610 nou

393 1649 499 1726 debes
511 1649 646 1724 instare
659 1672 782 1725 omnes
794 1647 1032 1724 communiter
1048 1647 1239 1724 elaborent.
1258 1649 1359 1736 Quod
1376 1649 1406 1722 si
1429 1649 1519 1726 forte
1531 1675 1551 1723 a
1565 1675 1617 1726 se·

395 1761 556 1861 metipsis
569 1762 635 1838 hoc
648 1761 733 1838 laici
750 1786 820 1837 non
833 1761 1057 1858 intelligunt,
1074 1787 1136 1860 per
1153 1761 1318 1837 diaconos
1336 1763 1503 1840 edocendi
1521 1774 1616 1854 sunt,

395 1885 436 1951 ut
453 1874 517 1950 tibi
535 1874 645 1950 solius
662 1873 822 1950 ecclesiae
840 1873 1100 1950 sollicitudines
1116 1875 1377 1974 derelinquant.
1394 1879 1483 1952 Item
1505 1877 1544 1951 in
1561 1903 1618 1952 ea·

393 1989 482 2064 dem.
496 1988 645 2063 Diaconi
657 2010 742 2062 vero
755 1987 925 2062 aecclesiae
939 1987 1012 2061 sint
1028 1995 1210 2086 tamquam
1229 1988 1324 2063 oculi
1337 1983 1502 2088 Episcopi
1519 1990 1616 2065 ober-

395 2108 515 2174 rantes
528 2107 564 2174 et
576 2097 912 2174 circumlustrantes
929 2123 1012 2174 cum
1030 2102 1247 2177 verecundia
1264 2112 1368 2178 actus
1380 2103 1490 2179 totius
1508 2103 1619 2180 eccle-

394 2215 458 2289 siae
470 2223 506 2289 et
519 2221 787 2314 perscrutantes
804 2211 1019 2308 diligentius
1031 2214 1062 2288 si
1076 2240 1178 2314 quem
1198 2216 1345 2292 videant
1365 2217 1442 2292 fieri
1455 2217 1617 2292 vicinum

394 2326 588 2427 praecipitio
610 2335 645 2401 et
667 2325 866 2424 proximum
884 2350 961 2403 esse
978 2338 1133 2427 peccato,
1151 2340 1193 2405 ut
1210 2329 1367 2406 referant
1382 2330 1460 2407 haec
1476 2331 1520 2405 ad
1538 2329 1620 2428 Epi-

395 2465 551 2540 scopum.
564 2445 611 2515 Et
620 2449 697 2540 post
710 2465 834 2538 pauca.
847 2443 916 2516 Eos
929 2443 989 2540 qui
1004 2466 1075 2516 non
1089 2442 1244 2520 sollicite
1257 2444 1301 2518 ad
1311 2443 1476 2543 Episcopi
1489 2452 1620 2519 tracta-

394 2565 473 2632 tum
486 2555 717 2644 conveniunt,
732 2555 800 2654 ipsi
813 2567 1058 2633 commoneant
1068 2567 1283 2635 etortentur.
1298 2562 1344 2634 Et
1353 2567 1430 2658 post
1442 2558 1525 2634 alia.
1537 2558 1620 2658 Epi-

394 2693 499 2768 scopo
515 2693 712 2767 suggererc
738 2693 817 2767 quae
834 2670 879 2744 ad
896 2670 1035 2746 cultum
1053 2671 1224 2748 aecclesiae
1241 2682 1276 2749 et
1293 2673 1521 2774 disciplinam
1542 2672 1620 2749 eius

394 2783 588 2884 pertinent,
606 2782 813 2860 diaconibus
829 2807 917 2858 cura
930 2783 1087 2861 sitltem
1104 2785 1143 2861 in
1160 2788 1292 2862 eadem.
1310 2788 1519 2863 Sacerdotes
1535 2809 1620 2862 vero

395 2897 448 2973 sal
461 2907 567 2974 terrae
584 2898 723 2974 dicebat
735 2898 861 2974 beatus
874 2901 1003 2974 Petrus
1015 2909 1052 2975 et
1066 2901 1189 2976 mundi
1203 2901 1338 2990 lumen,
1351 2901 1516 2978 docentes
1533 2925 1620 3000 prm

395 3012 508 3111 ceptis
533 3011 571 3085 in
598 3012 781 3111 splendore
803 3035 948 3111 operum
974 3021 1010 3088 et
1029 3023 1166 3113 patrem
1189 3015 1391 3111 glorificare
1417 3015 1543 3091 Deum.
1567 3015 1619 3089 De

396 3126 526 3225 quibus
539 3128 713 3201 Dominus
726 3127 786 3203 ait.
803 3127 903 3202 Beati
921 3127 1007 3203 estis
1026 3155 1110 3206 cum
1125 3129 1372 3206 maledixerint
1389 3127 1490 3204 vobis
1509 3126 1621 3203 homi·

395 3267 469 3317 nes.
486 3245 533 3318 Et
550 3241 697 3340 reliqua.
715 3246 763 3318 Et
779 3241 923 3319 iterum.
938 3246 1012 3317 Vos
1029 3241 1115 3318 estis
1132 3242 1185 3318 sal
1203 3251 1317 3318 terrae.
1335 3245 1382 3317 Et
1397 3251 1536 3317 caetera.

952 3472 1063 3556 XXII.

467 3699 666 3777 Anacletus
684 3724 811 3775 servus
829 3697 967 3776 Christi
980 3697 1097 3774 lhesu.
1111 3702 1153 3774 In
1167 3697 1478 3797 sollempnioribus
1490 3695 1618 3795 quippe

397 3814 523 3890 diebus
537 3818 766 3905 autVll,aut
778 3817 824 3905 V,
840 3824 904 3888 aut
916 3817 969 3888 ΙΙΙ
981 3813 1146 3888 diaconos
1163 3812 1226 3910 qui
1242 3812 1320 3887 eius
1332 3811 1426 3888 oculi
1438 3811 1620 3898 dicuntur,

396 3938 432 4005 et
449 3928 681 4005 subdiaconos
697 3937 805 4027 atque
822 3928 910 4002 alios
928 3927 1113 4002 ministros
1130 3951 1252 4001 secum
1270 3925 1399 4000 habeat
1423 3925 1620 4023 Episcopus

397 4041 460 4142 qui
477 4042 590 4118 saeris
607 4042 725 4117 induti
742 4043 967 4119 vestimentis
982 4041 1023 4115 in
1041 4039 1157 4115 fronte
1174 4049 1211 4114 et
1228 4049 1377 4135 atergo,
1390 4048 1425 4114 et
1438 4037 1620 4137 prosbyte-

399 4157 430 4230 ri
443 4181 463 4232 e
477 4155 649 4254 religione
658 4157 802 4233 dextera
814 4157 975 4256 laevaque
989 4154 1141 4230 contrito
1153 4152 1256 4228 corde
1269 4161 1305 4228 et
1316 4151 1502 4226 humiliato
1518 4149 1621 4249 spiri·

397 4282 438 4346 tu
455 4295 498 4346 ac
516 4279 677 4369 prostent
693 4270 809 4346 vultu.
