3642 5294
920 436 1094 499 ..38-

393 559 477 636 bere
494 567 622 657 preter
639 555 856 633 sententiam
873 545 1024 631 Romani
1049 554 1237 631 Pontificio
1254 554 1328 629 ullo
1346 555 1446 630 modo
1469 551 1622 630 concilia

396 673 580 760 celebrari,
596 697 664 749 neo
681 671 873 771 Episcopos
889 669 1064 744 damnari.

491 790 672 862 Secuntur
680 784 987 883 haecexpraedicto
1000 785 1161 862 Concilio
1168 785 1306 860 Niceno
1318 783 1488 882 capitula,
1497 782 1597 858 idest.

952 1035 1069 1120 Vllll.

467 1271 517 1345 Ut
533 1291 655 1343 omnes
673 1267 838 1366 Episcopi
856 1267 919 1366 qui
937 1267 974 1343 in
993 1265 1206 1364 quibusdam
1223 1263 1452 1360 gravioribus
1477 1263 1620 1362 pulsan·

394 1393 456 1456 tur
472 1381 530 1456 vel
548 1380 791 1456 criminantur
803 1381 936 1470 causis,
949 1380 1114 1480 quotiens
1127 1403 1272 1455 necesse
1284 1377 1396 1453 fuerit
1408 1377 1518 1453 libere
1532 1382 1623 1475 Apo

395 1494 558 1571 stolicam
575 1493 759 1593 appellant
776 1494 902 1568 Sedem
919 1504 1028 1593 atque
1041 1494 1086 1568 ad
1103 1517 1181 1569 eam
1199 1492 1302 1592 quasi
1319 1492 1364 1567 ad
1378 1503 1528 1566 matrem
1542 1515 1623 1568 con-

395 1609 552 1706 fugiant,
570 1619 611 1682 ut
635 1607 680 1682 ab
697 1633 738 1684 ea
755 1608 850 1684 sicut
868 1609 1041 1707 profuerit
1063 1607 1120 1705 pie
1141 1606 1352 1696 fulciantur,
1373 1604 1622 1692 defendantur,

395 1723 604 1798 liberentur.
621 1722 735 1797 Cuius
752 1723 973 1820 dispositioni
995 1747 1119 1798 omnes
1137 1721 1287 1796 maiores
1305 1725 1342 1794 et
1358 1717 1621 1795 ecclesiasticas

396 1863 523 1914 causas
537 1837 836 1934 etEpiscoporunr
850 1837 1153 1936 iudiciaantiqua
1169 1835 1416 1935 Apostolorum
1429 1857 1623 1932 eorumque

395 1975 645 2028 successorum
663 1959 771 2048 atque
788 1973 966 2026 canonum
985 1951 1183 2027 auctoritas
1209 1949 1419 2026 reservavit.
1444 1945 1620 2035 Quoniam

394 2063 760 2164 culpanturEpiscopi
770 2064 925 2162 qualiter
938 2089 1027 2161 erga
1041 2065 1449 2164 fratresegerint,quam
1462 2061 1620 2138 eiusdem

397 2180 490 2256 sedis
507 2183 612 2278 Papae
629 2178 705 2253 fieri
724 2178 909 2275 placuerit.

992 2400 1033 2484 ll.

495 2627 640 2704 Placuit
652 2635 693 2702 ut
705 2637 898 2703 accusatus
916 2627 974 2703 vel
988 2627 1169 2704 iudicatus
1182 2623 1573 2726 acomprcviucialibus
1586 2623 1624 2697 in

396 2744 519 2842 aliqua
536 2767 645 2818 causa
662 2742 870 2841 Episcopus,
887 2743 1041 2818 licenter
1057 2740 1213 2840 appellet
1229 2750 1266 2816 et
1282 2740 1387 2814 adeat
1411 2736 1624 2835 Apostolicae

397 2857 491 2934 sedis
509 2857 730 2942 Pontificem,
749 2855 810 2954 qui
828 2865 892 2929 aut
909 2881 972 2954 per
990 2882 1028 2933 se
1045 2866 1110 2931 aut
1127 2879 1188 2954 per
1206 2855 1361 2930 vicarios
1378 2874 1461 2927 suos
1477 2851 1557 2928 eius
1574 2875 1627 2926 re·

397 2981 553 3047 tractare
571 2968 756 3064 negotium
776 2979 951 3066 procuret.
969 2973 1017 3045 Et
1041 2970 1126 3045 dnm
1152 2969 1279 3045 iterato
1303 2967 1435 3043 iudicio
1460 2964 1626 3040 Pontifex

398 3110 542 3160 causam
560 3108 661 3156 suam
679 3081 770 3177 agit,
787 3083 911 3156 nullus
936 3083 1030 3156 alius
1048 3082 1084 3156 iu
1099 3082 1177 3157 eius
1195 3082 1271 3158 loco
1288 3091 1441 3180 ponatur
1453 3087 1518 3152 aut
1531 3077 1622 3152 ordi·

398 3207 504 3272 uetur
521 3195 726 3293 Episcopus.
743 3196 919 3282 Quoniam
938 3219 1156 3296 quamquam
1170 3193 1530 3293 comprovincialibus
1544 3191 1624 3288 Epi·

398 3307 681 3408 scopisaccusati
691 3332 838 3382 causam
853 3311 1037 3385 Pontificis
1050 3312 1205 3386 scrutari
1218 3311 1337 3400 liceat,
1351 3334 1420 3384 non
1434 3319 1554 3384 tamen
1569 3307 1626 3382 de·

400 3426 495 3500 finiri
513 3423 716 3501 inconsulto
733 3427 830 3498 Rom.
848 3425 1020 3500 Pontifice
1038 3426 1253 3524 permissum
1271 3435 1431 3515 osteum
1448 3423 1550 3497 beato
1563 3423 1628 3495 Pe·

398 3549 453 3615 tro
469 3562 539 3613 non
556 3539 601 3614 ab
618 3537 688 3612 alio
705 3563 811 3637 quam
831 3537 905 3635 ipso
918 3539 1055 3614 dictum
1069 3539 1117 3614 sit
1130 3541 1213 3630 Dee,
1226 3543 1470 3636 Quaecumque
1483 3536 1624 3631 ligave-

402 3653 460 3728 ris
480 3656 527 3728 Et
544 3652 693 3752 reliqua.

986 3873 1046 3958 lll.

499 4104 537 4178 Si
555 4104 637 4203 quis
650 4103 834 4197 putaverit
851 4127 888 4177 se
900 4127 922 4174 a
936 4103 1074 4200 proprio
1087 4103 1359 4203 Metropolitano
1371 4099 1520 4198 gravari
1533 4099 1629 4198 apud

403 4217 654 4294 Patriarcham
666 4215 725 4291 vel
739 4216 934 4290 Primatem
950 4217 1139 4304 dioceseos.
1154 4227 1219 4292 aut
1237 4241 1335 4315 paene
1353 4212 1570 4290 universalis
1584 4217 1631 4286 Α-

402 4331 580 4431 postolicae
598 4330 767 4406 Ecclesiae
780 4329 960 4405 iudicetur
977 4332 1106 4406 sedem.
1119 4333 1167 4406 Et
1179 4329 1283 4404 infra.
1301 4329 1505 4426 Culpantur
1521 4325 1630 4414 enim,

402 4456 443 4520 ut
456 4446 630 4545 scriptum
644 4453 708 4534 est,
718 4444 847 4520 fratres
861 4443 922 4542 qui
936 4443 1042 4519 aliter
1055 4445 1151 4520 circa
1165 4434 1531 4542 Episcoposiudicare
1545 4463 1632 4538 prae-

403 4571 687 4658 sumuntquam
709 4558 920 4657 Apostolicae
938 4557 1039 4632 Sedis
1057 4559 1162 4654 Papae
1179 4555 1340 4631 iudicare
1357 4552 1542 4654 placuerit.
