3582 5288
702 421 744 436 ..
768 389 810 452 85
836 419 877 438 ..

168 509 287 586 solvit.
300 513 460 607 Itemque
473 517 639 584 sanetum
649 509 865 594 Flavianum
874 511 1082 585 Graecorum
1093 511 1307 588 Pontificum
1318 537 1398 590 con-

168 621 382 719 gregatione
398 621 629 718 dampnatum
648 623 725 720 pari
742 632 868 720 tenore
888 621 1058 719 quoniam
1083 621 1157 696 sola
1181 625 1281 700 sedes
1306 631 1398 722 Apo·

163 735 293 812 stolica
310 759 381 810 non
398 734 579 810 consensit
595 735 761 810 absolvit.
779 733 1014 832 Potinsquam
1040 735 1102 832 qui
1128 734 1205 812 illic
1231 746 1396 834 receptus

167 849 286 924 fuerat
300 848 490 923 Dioscorus
503 849 669 922 secunda
682 847 775 923 sedis
789 845 978 946 praesulem
992 873 1058 922 sua
1070 849 1283 925 auctoritato
1297 850 1394 924 dam·

170 962 308 1061 pnavit,
321 971 358 1036 et
370 961 517 1059 impiam
531 961 695 1036 sinodum
708 986 778 1037 non
792 961 1043 1038 consentiendo
1056 962 1130 1036 sola
1143 964 1348 1053 summovit,
1361 973 1397 1039 et

168 1085 211 1150 ut
227 1076 388 1174 synodus
406 1075 678 1151 Calcedonensis
695 1078 797 1151 fieret
813 1075 887 1150 sola
904 1075 1072 1151 decrevit.
1090 1077 1187 1152 Idem
1204 1079 1243 1150 in
1261 1079 1393 1152 eadem.

165 1193 244 1264 Nec
261 1189 366 1286 plane
384 1199 545 1264 tacemus
563 1189 656 1286 quod
673 1198 805 1264 cuncta
823 1213 886 1287 per
905 1190 1078 1264 mundum
1103 1191 1204 1265 novit
1228 1191 1392 1266 ecclesia.

169 1303 346 1391 Quoniam
364 1301 605 1400 quorumlibet
616 1303 805 1377 sententiis
819 1303 934 1398 ligata
948 1301 1167 1398 pontificum,
1181 1304 1281 1377 sedes
1294 1303 1390 1378 beati

170 1417 269 1493 Petri
286 1415 345 1490 ius
362 1416 491 1492 habeat
508 1417 648 1506 resolvi,
666 1427 802 1514 utpote
819 1441 899 1514 quae
916 1417 959 1490 de
975 1416 1072 1490 omni
1089 1415 1243 1492 ecclesia
1260 1417 1315 1490 sas
1332 1417 1394 1490 ha-

168 1533 250 1606 beat
267 1531 461 1619 iudicandi,
478 1554 595 1629 neque
612 1531 781 1628 cuiquam
799 1530 907 1606 liccat
923 1531 966 1605 dc
983 1529 1060 1605 eius
1078 1529 1238 1606 iudicare
1252 1530 1392 1606 iudicio.

167 1645 350 1744 Siquidem
369 1645 414 1718 ad
431 1644 528 1718 illam
546 1645 589 1720 de
606 1645 765 1742 qualibet
784 1644 907 1718 mundi
926 1653 1024 1742 parte
1042 1666 1196 1718 canones
1208 1643 1392 1741 appellare

167 1759 359 1845 voluerint,
381 1759 424 1832 ab
442 1759 504 1832 illa
531 1768 652 1833 autem
677 1781 781 1834 nemo
805 1759 853 1833 sit
877 1757 1056 1856 appellare
1081 1757 1284 1854 permissus.
1302 1761 1395 1844 Qua-

166 1883 309 1970 propter
324 1871 413 1946 satis
434 1882 574 1947 constat
598 1873 792 1948 Achatium
818 1873 962 1946 nullum
983 1871 1151 1946 habuisse
1177 1871 1391 1946 Pontificum

166 1985 381 2060 sententiam
394 1985 489 2059 sedis
504 1987 703 2084 Apostolice
717 1986 793 2062 sine
808 1987 882 2062 ulla
895 1987 973 2062 eius
982 1987 1123 2062 notione
1133 1985 1302 2061 solvendi.
1312 1990 1391 2074 Qua

167 2109 264 2175 certe
281 2100 416 2198 synodo
433 2099 499 2175 hoc
517 2100 576 2176 ille
593 2101 821 2199 praesumpsit
836 2099 929 2197 quod
945 2123 1011 2174 uec
1029 2098 1082 2173 sic
1099 2098 1232 2196 absque
1257 2107 1392 2196 aposto·

169 2215 239 2288 lica
256 2213 337 2288 sede
355 2213 409 2287 las
426 2215 569 2311 quidem
587 2215 717 2289 habere
744 2215 893 2292 officere.
911 2213 1025 2286 Cuius
1051 2211 1145 2286 sedis
1170 2211 1394 2308 Episcopus?

167 2327 273 2402 cuius
291 2328 568 2424 metropolitana
586 2329 746 2404 civitatis
763 2327 937 2402 antistas?
954 2330 1080 2402 Nonne
1106 2324 1299 2423 parrochia
1326 2327 1393 2399 He·

173 2440 347 2516 molensis
364 2441 534 2517 ecclesiae.
648 2521 653 2530 ,

730 2669 839 2754 (lllll.

263 2903 518 2980 Dilectissimis
536 2901 708 2976 fratribus
725 2899 905 2976 universis
924 2900 1108 2999 Episcopis
1120 2925 1183 2998 per
1196 2901 1390 2976 Lucaniam

167 3015 381 3091 constitutis
399 3015 576 3090 Gelasius.
589 3014 763 3090 Basilicas
777 3015 917 3090 noviter
930 3015 1117 3090 institutas
1129 3038 1200 3090 nou
1214 3014 1335 3113 petitis
1347 3039 1391 3090 ex

168 3153 262 3204 more
280 3129 575 3228 praeceptionibus
592 3129 755 3204 dedicare
774 3152 877 3204 nemo
893 3129 1031 3203 audeat.

747 3353 816 3436 ΟΥ.

263 3582 358 3657 Satis
376 3582 566 3679 iudignum
584 3593 639 3660 est
663 3608 876 3682 quemquam
904 3583 1116 3659 Pontificum
1141 3582 1200 3658 vel
1225 3582 1391 3657 ordinum

167 3696 463 3796 subsequentium
480 3697 575 3772 hanc
592 3697 856 3773 observantiam
875 3698 1041 3787 refutare,
1059 3722 1166 3796 quam
1183 3696 1278 3772 beati
1292 3697 1389 3774 Petri

168 3813 285 3888 sedem
303 3812 431 3910 exequi
448 3811 570 3888 videat
586 3823 622 3888 et
638 3814 772 3888 docere.
789 3812 957 3911 Satisque
974 3811 1192 3888 conveniens
1209 3807 1268 3900 sit,
1286 3823 1328 3886 ut
1339 3822 1389 3887 to·

167 3937 244 4001 tum
270 3950 399 4024 corpus
421 3926 580 4002 Ecclesia
598 3927 636 4000 in
661 3926 729 4002 hac
755 3925 897 4002 sibimet
921 3925 1166 4002 observatione
1191 3925 1389 4014 concordet,

167 4039 251 4136 quia
267 4039 345 4114 illic
362 4038 489 4134 vigere
506 4039 712 4138 conspiciat,
730 4039 792 4114 ubi
818 4040 993 4115 Dominus
1014 4039 1186 4116 Ecclesiae
1206 4038 1316 4114 totius
1333 4062 1390 4137 po·

167 4155 239 4228 suit
255 4153 507 4252 principatum.
525 4158 571 4228 Et
595 4165 673 4252 post
698 4177 822 4253 pauca.
847 4157 894 4228 Et
919 4143 949 4227 si
976 4153 1039 4226 illa
1060 4175 1317 4250 nonuunquam
1343 4151 1390 4226 si·

167 4269 281 4342 nenda
298 4277 394 4356 sunt,
412 4292 491 4365 quae
508 4267 539 4341 si
556 4278 756 4342 ceterorum
783 4277 922 4342 constet
947 4265 1141 4362 integritas
1166 4265 1240 4339 sola
1260 4287 1388 4340 nocere

166 4405 234 4454 non
250 4380 409 4469 valeant,
425 4380 488 4453 illa
504 4390 625 4456 tamen
643 4391 729 4456 sunt
746 4405 962 4480 magnopere
979 4381 1211 4478 praecavenda
1233 4405 1312 4478 quae
1337 4403 1389 4455 re·

167 4495 234 4593 cipi
253 4496 330 4570 sinc
346 4495 540 4583 manifesta
557 4496 815 4572 decoloratione
834 4519 901 4570 uon
928 4504 1084 4591 possunt.
1111 4499 1165 4568 Ac
1191 4494 1221 4568 si
1247 4518 1289 4569 ea
1311 4491 1387 4590 ipsa
