3654 5302
704 406 900 474 -419-

187 533 291 607 noxia
304 541 454 608 conatur
466 531 748 622 inferre,'verum
762 532 870 606 etiam
884 531 945 630 qui
959 531 1072 607 eidem
1086 531 1324 628 congruentia
1342 530 1413 606 dis·

188 645 335 720 simulat
347 645 541 745 providere.
554 645 789 721 Serenissime
803 647 994 744 imperator
1008 669 1078 720 non
1095 645 1210 720 solum
1228 645 1410 744 quinaria

189 760 322 835 inferre
339 771 499 849 conatur,
517 785 642 835 verum
661 760 768 834 etiam
784 758 845 858 qui
859 760 1099 854 congruentia
1114 759 1298 856 providere
1311 758 1413 833 dissi·

189 875 304 950 mulat
319 875 364 948 ad
381 874 570 950 ecclesiam
588 897 657 948 non
675 873 852 971 pertinere
870 873 1112 970 cognoscitur,
1134 882 1267 971 quanto
1291 872 1411 948 labore

188 987 290 1063 nobis
301 987 516 1063 studendum
529 997 595 1076 est,
608 996 650 1061 ut
662 1009 733 1060 non
747 984 862 1060 solum
873 985 978 1060 noxia
987 1009 1057 1060 non
1067 985 1412 1094 inferamusverum

190 1100 297 1175 etiam
312 1099 483 1183 aecclesiae
495 1099 560 1175 Dei
574 1098 757 1197 providere
771 1107 951 1174 certemus
964 1099 1211 1194 congruentia.
1228 1098 1324 1173 Idem
1343 1099 1413 1172 En·

192 1213 351 1310 geberge
369 1212 587 1311 imperatrici
602 1213 697 1288 inter
710 1222 838 1288 cetera.
853 1212 933 1287 Scio
946 1213 1041 1287 enim
1055 1222 1091 1288 et
1103 1221 1224 1288 certus
1236 1237 1315 1286 sum
1329 1211 1414 1309 quia
1512 1239 1516 1250 ·

190 1337 369 1403 venturus
382 1327 489 1402 iudex
501 1337 662 1402 sanctam
676 1351 777 1400 suam
792 1324 991 1400 aecclesiam
1000 1325 1046 1400 ab
1058 1326 1221 1424 utrisque
1230 1325 1331 1400 nobis
1340 1347 1410 1399 non

189 1439 303 1515 solum
329 1439 472 1539 qualem
497 1440 686 1528 commisit,
711 1439 820 1512 immo
845 1437 953 1512 etiam
979 1438 1181 1528 cultiorem,
1199 1437 1412 1527 liberiorem,

189 1554 409 1652 quietiorem,
426 1553 703 1652 amplioremque
717 1551 888 1650 requiret,
901 1575 1008 1649 quem
1023 1559 1116 1626 esset
1129 1575 1213 1626 cnm
1227 1575 1291 1626 nos
1303 1551 1347 1625 ad
1361 1575 1413 1625 re·

188 1667 312 1763 gimen
330 1667 408 1743 eius
425 1691 464 1744 eo
480 1667 687 1764 disponente
704 1664 933 1742 accessimus.
951 1669 998 1740 Et
1015 1666 1093 1742 ideo
1116 1663 1261 1740 solliciti
1287 1690 1413 1739 sumus

189 1805 260 1857 non
278 1781 392 1855 solum
411 1781 590 1880 pronubis
607 1805 732 1856 verum
751 1779 859 1854 etiam
880 1804 943 1880 pro
965 1779 1076 1869 vobis,
1100 1804 1145 1855 ne
1169 1777 1300 1854 nostris
1327 1787 1415 1853 tem·

190 1894 333 1992 poribus
349 1893 505 1969 sinistris
522 1893 744 1994 opinionibus
762 1891 977 1981 maculetur,
994 1917 1040 1968 ne
1056 1890 1149 1990 quod
1164 1890 1258 1965 absit
1282 1889 1415 1964 nostris

190 2007 356 2082 monibus
373 2007 474 2082 nobis
490 2007 663 2083 clausisse
681 2005 906 2104 sempiternae
923 2006 1009 2081 vitm
1033 2006 1178 2079 ianuam
1203 2004 1413 2080 iudicemur.

746 2217 854 2301 olln.

286 2451 436 2523 loannes
449 2448 646 2546 Episcopus
660 2449 791 2525 Karolo
802 2449 949 2546 gloriosi
965 2450 1044 2546 regi
1054 2450 1149 2524 inter
1159 2459 1286 2525 cetera.
1296 2447 1416 2546 Igitur

156 2576 160 2584 '
191 2561 275 2658 quia
292 2561 387 2636 sicut
405 2561 554 2635 Domino
570 2561 707 2658 placuit
726 2561 949 2637 Hludovicus
962 2562 1138 2657 gloriosus
1152 2566 1347 2661 Imperator
1359 2563 1416 2637 de·

191 2674 338 2749 functus
354 2683 419 2760 est,
435 2699 518 2749 cum
536 2699 599 2748 nos
616 2698 703 2772 quos
721 2677 759 2750 in
777 2676 852 2750 loco
871 2676 949 2750 eius
965 2677 1117 2775 propitia
1134 2677 1322 2752 divinitate
1336 2701 1416 2751 suc-

190 2788 313 2863 cedere
325 2787 503 2862 debuisset
516 2811 600 2861 curn
615 2787 786 2862 fratribus
801 2789 941 2877 nostris,
955 2799 990 2864 et
1003 2789 1342 2865 inclinatoRomano
1354 2792 1415 2863 Se·

191 2913 280 2976 natu
294 2901 512 2976 concorditer
525 2910 775 2992 tractaremus
788 2901 972 2977 devotione
986 2903 1106 2978 eefide
1123 2913 1186 2978 tua
1199 2903 1243 2977 ad
1257 2903 1414 2978 medium

190 3015 352 3104 deducta,
368 3014 462 3090 hanc
480 3014 584 3088 multi
602 3014 724 3110 dignis
740 3015 927 3113 praeconiis
944 3015 1068 3090 efferre
1089 3026 1271 3114 oeperunt.
1298 3015 1413 3091 Cuius

190 3137 226 3203 et
241 3151 305 3204 nos
322 3151 391 3202 non
409 3127 524 3202 solum
542 3127 673 3202 nostris
690 3127 825 3215 diebus,
842 3128 903 3203 sed
921 3130 1029 3203 etiam
1042 3128 1137 3204 beati
1152 3132 1257 3227 Papae
1273 3128 1414 3204 Nicolai

190 3251 346 3338 tempore
364 3241 644 3325 reminiscentes,
660 3239 893 3316 exellentiam
911 3249 1011 3313 tuam
1029 3240 1071 3313 ad
1091 3239 1257 3316 honorem
1271 3249 1307 3314 et
1319 3240 1413 3315 exal·

190 3341 359 3427 tationem
378 3355 519 3427 Sancta
536 3355 703 3427 Romanae
720 3351 905 3426 AEcclesiae
923 3363 959 3426 et
975 3351 1019 3425 ad
1037 3351 1267 3428 securitatem
1293 3352 1412 3449 populi

193 3463 389 3538 Christiani
406 3463 606 3558 eligendam
625 3487 702 3539 esse
719 3465 954 3561 speravimus.

769 3667 840 3752 GV.

519 3869 567 3921 Ex
585 3870 716 3933 regesto
736 3870 779 3922 VI
799 3869 956 3934 stapham
975 3871 1086 3936 Papae.

288 4029 492 4127 Stephanus
509 4029 705 4127 Episcopus
718 4033 853 4104 Servus
867 4053 1049 4104 servorum
1066 4031 1131 4106 Dei
1145 4031 1276 4106 Karolo
1288 4033 1417 4127 glorio·

193 4142 224 4214 si
241 4141 446 4238 imperatori
464 4141 559 4216 inter
575 4152 705 4217 catera.
723 4144 775 4216 De
792 4152 919 4217 caetero
936 4153 1093 4217 vestram
1112 4145 1321 4220 convenerit
1345 4145 1415 4220 cel-

191 4255 318 4344 situdo,
334 4255 473 4330 litteras
486 4265 605 4329 vestro
617 4255 759 4328 nomine
773 4255 967 4350 insignitas
981 4256 1025 4330 ad
1039 4279 1103 4330 nos
1121 4260 1173 4331 III
1190 4257 1262 4332 kal.
1280 4257 1416 4356 Aprilis

191 4367 405 4465 pervenisse.
422 4370 464 4440 In
482 4366 612 4464 quibus
633 4366 884 4444 continebatur
910 4391 973 4444 rios
998 4371 1121 4444 ΧΙΙΙΙ0
1147 4379 1224 4468 post
1248 4379 1415 4446 sanctum

192 4481 339 4558 Paschae
356 4481 449 4556 dicun
467 4480 641 4578 placitum
659 4488 781 4557 tenere
799 4480 834 4555 in
856 4481 1081 4574 Alamannia,
1098 4483 1143 4559 ad
1160 4483 1252 4582 quod
1274 4487 1416 4561 Sanctae
