3638 5294
898 389 1094 454 -462-

387 509 605 606 sauguinem
624 508 798 596 sitientes,
811 507 861 582 ita
879 517 966 582 sunt
982 509 1136 582 nimium
1155 508 1242 583 iusti
1260 517 1368 607 atque
1384 508 1558 598 crudeles,
1571 521 1616 583 ut

389 623 498 698 etiam
519 621 763 698 sacerdotibus
780 620 976 696 concedant
988 620 1100 694 armis
1113 620 1252 709 ulcisci,
1262 631 1297 695 et
1311 621 1513 718 praeliorum
1531 646 1614 696 cou-

390 737 483 812 siliis
500 735 695 811 immisceri.
714 738 761 808 llt
775 734 879 808 infra.
894 733 1002 808 Aliud
1017 735 1088 810 luit
1104 735 1263 833 antiquis
1279 735 1521 810 sacerdotibus
1534 758 1617 808 con-

390 877 544 942 cessum,
558 849 656 924 aliud
674 848 1251 945 novisabncgatum.1evitoenon
1269 848 1552 924 numerabantur
1568 846 1616 922 ad

391 962 566 1061 pralium.
588 962 657 1038 Sed
683 961 851 1060 quoniam
877 961 1096 1039 sacrificium
1122 961 1260 1038 cruoris
1276 987 1359 1038 cum
1377 962 1545 1058 coniugio
1561 986 1617 1035 sa·

322 1070 325 1076 ’
388 1075 556 1152 ccrdotali
574 1074 754 1165 obsolevit,
771 1084 848 1150 orta
865 1100 951 1173 pace
968 1101 1075 1176 quam
1094 1075 1181 1152 fecit
1198 1087 1348 1174 uterque
1365 1101 1479 1149 unum
1496 1097 1616 1149 sacra-

391 1199 511 1263 menta
528 1188 773 1284 significantia
798 1187 960 1265 caritatis
985 1201 1021 1265 et
1041 1189 1140 1286 pacis
1165 1189 1258 1262 liunt
1271 1212 1337 1286 per
1355 1213 1484 1262 manus
1501 1211 1616 1262 sacer-

390 1302 523 1392 dotum,
541 1311 577 1377 et
590 1301 667 1378 ideo
680 1301 873 1378 absurdum
891 1312 946 1378 est
957 1325 1015 1377 eos
1029 1300 1229 1397 litigatores
1242 1301 1332 1390 fieri,
1343 1310 1407 1396 aot
1419 1300 1541 1398 praelia
1558 1325 1617 1374 ex-

390 1415 535 1490 hortari.
549 1416 652 1492 Unde
665 1442 748 1492 cum
763 1417 938 1490 Dominus
954 1442 976 1488 a
990 1414 1109 1490 Iudeis
1122 1424 1321 1520 caperetur,
1334 1427 1370 1490 et
1383 1418 1512 1489 Petrus
1526 1412 1616 1486 Mal·

391 1531 452 1607 chi
474 1556 598 1607 aurem
620 1530 819 1606 abscideret
834 1531 940 1606 lcrire
958 1527 1149 1632 prohibuit,
1166 1539 1203 1603 et
1218 1528 1263 1602 ad
1285 1527 1434 1602 formam
1456 1525 1616 1600 omnium

394 1635 617 1720 sacerdotnm
632 1667 783 1741 quorum
798 1643 893 1742 prior
910 1653 998 1733 erat,
1011 1645 1118 1720 etiam
1134 1666 1196 1743 pro
1208 1641 1323 1741 seipso
1335 1643 1414 1740 capi
1429 1667 1530 1714 orma
1541 1665 1618 1716 cnr·

395 1756 492 1830 nalia
510 1755 700 1854 prohibuit.
718 1755 813 1830 Hinc
832 1754 1031 1853 Apostolus.
1048 1760 1127 1830 Non
1145 1763 1200 1830 est
1217 1755 1317 1830 nobis
1333 1755 1540 1831 colluctatio
1556 1754 1616 1828 ad·

394 1895 524 1944 versus
536 1894 680 1944 carnem
700 1879 736 1943 et
752 1869 978 1965 sanguinem.
991 1869 1089 1950 Hinc
1107 1869 1326 1944 Ambrosius.
1338 1871 1417 1944 Non
1436 1868 1507 1943 tela
1524 1891 1616 1965 qus»

350 1975 353 1980 ’
395 1993 481 2058 runt
497 1983 624 2072 ferrea,
641 2005 712 2057 non
729 2007 829 2055 arma
849 1981 979 2056 milites
997 1982 1141 2068 Christi
1154 1983 1223 2057 Ubi
1237 2007 1320 2058 cum
1338 1981 1426 2057 dicit
1439 2004 1508 2056 non
1522 2005 1617 2079 quae·

395 2104 493 2184 runt,
506 2105 627 2193 aperte
641 2096 860 2170 demonstrat
871 2119 930 2171 eos
942 2119 1011 2170 non
1025 2095 1151 2172 debere
1165 2095 1388 2172 Christianos
1396 2096 1441 2170 ad
1453 2119 1554 2168 arma
1565 2117 1620 2168 or·

394 2208 474 2282 tari.
484 2208 633 2283 Domino
641 2208 797 2305 idipsum
806 2209 849 2283 de
858 2208 977 2285 Iudeis
990 2209 1186 2297 sententiae,
1196 2231 1279 2292 cum
1295 2205 1383 2298 dicit
1395 2208 1439 2282 ad
1449 2207 1618 2281 Pilatum.

397 2323 435 2395 Si
447 2337 598 2418 regnum
614 2347 734 2397 meum
748 2320 966 2396 essetdehoc
980 2322 1127 2397 mundo:
1138 2323 1294 2402 ministri
1309 2322 1377 2400 mei
1392 2323 1617 2398 decertarent

395 2445 520 2511 utnon
534 2436 692 2511 traderer
708 2435 834 2525 iudeis,
842 2445 1025 2536 propteroa
1038 2435 1099 2534 qui
1114 2461 1169 2510 me
1182 2435 1329 2510 tradidit
1342 2435 1406 2512 tibi
1417 2434 1618 2530 maiuspec·

397 2558 519 2623 catum
534 2547 1151 2646 habet.HincGregoriusPapaeum
1161 2548 1258 2624 dicat
1270 2546 1623 2646 sepotuisseltaliam'

396 2661 674 2757 aLongobardis
692 2662 829 2758 eripere
847 2661 878 2735 si
896 2661 1007 2738 vellet
1024 2660 1310 2737 Christianorum
1325 2659 1474 2735 necibus
1488 2657 1621 2756 aspira·

400 2798 450 2860 re,
461 2773 499 2846 in
514 2775 669 2870 registro
682 2773 816 2872 inquid.
825 2775 916 2862 Quia
931 2777 1045 2850 Deum
1059 2773 1177 2860 timeo,
1187 2773 1222 2846 in
1233 2783 1345 2848 morte
1357 2771 1549 2848 cuiuslibet
1560 2771 1618 2844 ho

398 2886 507 2976 minis
521 2912 576 2963 me
589 2887 732 2963 misceri
747 2887 905 2963 formido.
912 2891 1002 2964 Item
1011 2885 1241 2982 Augustinus
1250 2886 1287 2958 in
1301 2884 1516 2983 expositione
1529 2883 1620 2980 psal·

397 3023 547 3075 morum.
565 3001 677 3076 Video
694 3002 799 3100 plane
816 3002 907 3076 mira
925 3025 1040 3099 opera,
1054 2999 1249 3075 cotidianas
1266 2998 1466 3085 violentias,
1479 2997 1616 3072 circum

398 3113 587 3210 regionum
601 3113 794 3189 cellionum
812 3112 880 3188 sub
896 3111 1116 3212 presbyteris
1132 3121 1169 3187 et
1185 3111 1368 3211 episcopis,
1383 3109 1535 3186 ducibus
1551 3107 1619 3185 clr-

396 3251 623 3324 cumquaque
647 3225 810 3314 volitare,
826 3235 863 3301 et
879 3225 1056 3301 terribiles
1073 3225 1186 3300 fustes
1203 3225 1380 3300 israelites
1404 3223 1537 3311 vocari,
1554 3221 1616 3318 qui

396 3333 569 3414 homines’
583 3338 644 3436 qui
667 3361 765 3414 nuuc
782 3337 914 3412 vivunt
929 3337 1058 3414 cotidie
1078 3338 1202 3413 vident
1226 3349 1263 3414 et
1286 3337 1457 3415 sentiunt.
1474 3334 1617 3412 Macha-

398 3449 864 3547 1·ianavideotcmpora,de
886 3449 1017 3548 quibus
1041 3450 1216 3524 invidiam
1242 3451 1392 3540 faciunt,
1409 3461 1446 3526 et
1470 3448 1617 3548 plurimi

397 3586 468 3636 non
486 3560 666 3650 viderunt,
683 3572 719 3636 et
735 3585 838 3637 nemo
854 3561 1077 3651 nuncvidet,
1093 3571 1130 3637 et
1150 3563 1314 3660 quisquis
1331 3589 1373 3640 ea
1390 3563 1483 3637 uidit
1499 3562 1619 3637 catho-

397 3675 490 3751 licus
508 3675 623 3772 potuit
639 3674 766 3750 dicere.
779 3675 816 3750 Si
836 3701 963 3751 servus
979 3674 1046 3751 Dei
1065 3697 1143 3749 esse
1167 3674 1287 3765 vellet,
1304 3675 1341 3749 in
1363 3673 1513 3749 Domino
1537 3697 1619 3748 con·

393 3786 530 3883 fideret.
544 3787 642 3862 Idem
661 3811 768 3885 super
780 3786 974 3864 Iohannem
992 3788 1037 3862 ad
1050 3787 1185 3863 Iudeos.
1193 3787 1232 3861 Si
1247 3812 1318 3862 non
1335 3787 1501 3862 voluistis
1514 3786 1618 3862 Chri-

395 3909 494 3973 stum
511 3897 635 3989 ocoidi,
648 3898 679 3972 si
697 3922 767 3974 non
785 3891 945 3975 insidiati
964 3901 1062 3989 estis,
1075 3901 1106 3974 si
1123 3923 1194 3975 nou
1213 3901 1312 3976 vobis
1329 3901 1540 3976 tradendum
1559 3923 1618 3996 pe-

396 4011 505 4087 cunia
521 4013 764 4110 comparastis,
781 4013 812 4086 si
839 4036 908 4088 non
932 4013 1259 4112 comprehendistis,
1276 4013 1455 4102 vinxistis,
1471 4011 1618 4086 adduxi-

396 4124 556 4211 stis,non
569 4149 651 4200 eum
669 4150 689 4198 a
707 4125 807 4201 vobis
825 4125 1055 4202 interfectum
1073 4151 1150 4202 esse
1164 4127 1410 4202 iactateHinc
1423 4125 1617 4223 psalmista.

396 4235 481 4311 Filii
499 4237 683 4316 hominum
701 4238 826 4314 dentes
842 4263 964 4314 eorum
982 4262 1083 4312 arma
1100 4248 1137 4314 et
1156 4239 1291 4334 sagitta
1316 4250 1353 4315 et
1376 4250 1506 4314 cetera.
1523 4237 1617 4311 Hinc

397 4351 571 4446 LeoPapa
584 4349 626 4424 de
638 4350 925 4426 priscillianistis
941 4349 1109 4427 hereticis
1121 4375 1143 4424 o
1156 4351 1378 4451 principibus
1390 4351 1528 4427 occisis.
1538 4353 1619 4424 Pro-

397 4462 467 4540 suit
483 4461 547 4540 Dei
566 4451 661 4538 iusta
678 4461 964 4563 districtisque
989 4465 1055 4540 etsi
1074 4465 1283 4540 sacerdotali
1301 4475 1468 4540 contento
1487 4463 1618 4538 iudicio
