3642 5294
898 433 938 448 ..
964 397 1006 462 60
1032 431 1072 447 ..

372 519 617 596 tantummodo
642 517 841 606 formatam,
859 527 896 592 ct
912 526 1040 604 tacens
1053 515 1302 604 necessitatem
1319 515 1458 614 quant,
1474 513 1518 588 ad
1539 537 1596 589 co·

372 633 538 706 mitatum
554 653 702 728 pergere
715 657 737 704 a
750 630 997 705 communione
1011 639 1245 706 removeatur.
1258 630 1358 717 Quod
1371 630 1400 703 si
1414 629 1462 704 ibi
1476 632 1595 704 Romae

375 745 561 844 repentina
577 745 609 818 ei
627 743 823 818 necessitas
840 753 917 818 orta
934 744 1044 820 fuerit
1060 744 1105 818 ad
1121 743 1330 819 comitatum
1347 743 1532 844 pergendi,
1545 743 1595 816 al-

373 857 470 957 leget
486 859 580 956 apud
598 859 729 934 Urbem
749 862 896 932 Romam
914 858 1027 956 ipsam
1046 859 1307 946 necessitatem,
1324 868 1360 932 et
1376 859 1419 933 de
1431 855 1497 934 hoc
1510 858 1595 933 scri-

374 986 434 1072 pta
451 969 610 1048 eiusdem
628 973 778 1047 Romani
795 973 960 1071 Episcopi
975 973 1075 1046 serat.
1089 976 1253 1047 Formate
1266 981 1385 1045 autom
1399 996 1479 1069 quae
1491 996 1512 1044 a
1526 971 1595 1068 pri-

374 1087 529 1162 matibus
547 1085 606 1160 vel
623 1113 644 1159 a
662 1086 948 1184 quibuscumque
966 1085 1149 1183 Episcopis
1167 1085 1318 1160 Clericis
1335 1085 1486 1183 propriis
1511 1085 1611 1158 dan-.

373 1212 448 1289 tur,
465 1199 619 1274 habeant
636 1201 730 1274 diem
747 1201 904 1276 Paschae.
922 1200 1023 1287 Quod
1040 1199 1069 1273 si
1092 1198 1211 1273 adhuc
1235 1192 1394 1272 eiusdem
1418 1197 1505 1269 anni
1530 1201 1596 1270 Pa-

373 1316 458 1392 sche
483 1316 557 1390 dies
583 1315 743 1390 incertus
768 1325 832 1403 est,
857 1315 919 1391 ille
943 1313 1144 1412 precedens
1169 1312 1401 1407 adiungatur,
1425 1311 1595 1408 quomodo

372 1429 461 1503 solet
479 1437 555 1524 post
572 1429 799 1504 consulatum
817 1429 855 1502 in
873 1427 1027 1526 publicis
1043 1427 1158 1522 gostis
1174 1426 1292 1502 scribi.

913 1659 1037 1742 XLHI.

438 1885 439 1888 ’
466 1889 605 1960 Rursus
623 1885 760 1982 placuit
777 1898 818 1959 ut
840 1886 975 1960 nomini
1001 1886 1049 1960 sit
1074 1885 1228 1960 facultas
1253 1883 1378 1958 relicta
1404 1880 1593 1980 principali

370 1999 539 2073 cathedra
557 1998 603 2072 ad
619 1999 775 2096 aliquam
795 1998 983 2073 ecclesiam
1003 1998 1041 2071 in
1059 1997 1188 2073 diocesi
1206 1997 1436 2072 constitutam
1455 2021 1493 2069 se
1514 2017 1595 2069 con-

370 2111 464 2186 ferre
482 2111 541 2186 vel
566 2113 603 2184 in
630 2137 667 2184 rc
694 2112 833 2210 propria
858 2111 996 2185 diutius
1022 2135 1129 2208 quam
1154 2097 1291 2208 oportet
1316 2109 1535 2198 commorari,
1560 2117 1596 2182 et

371 2248 496 2298 curam
513 2225 571 2299 vel
589 2224 911 2321 frequentationem
930 2225 1079 2322 propriae
1097 2223 1274 2299 cathedrae
1292 2217 1495 2318 neglegere.

913 2452 1055 2535 XLllll.

469 2682 605 2754 Domno
629 2690 748 2755 nostro
773 2681 999 2788 sanctissimo
1023 2706 1066 2756 ac
1092 2679 1294 2755 beatissimo
1320 2678 1419 2752 Patri
1445 2681 1594 2750 Patrum

370 2795 646 2893 Archiepiscopo
664 2805 699 2870 et
713 2795 934 2871 Patriarchae
947 2793 1071 2883 Felici,
1086 2793 1296 2882 Archelaus,
1309 2792 1496 2881 lohannes,
1514 2791 1594 2866 Ale-

368 2900 516 2996 xander,
529 2909 687 2997 Cosmas
700 2909 908 2997 Basiliscus
923 2908 1110 2997 Photinus,
1123 2909 1270 2995 Paulus,
1284 2906 1469 2996 lohannes,
1480 2905 1595 2981 Acha-

367 3023 457 3111 cius,
474 3032 511 3097 ct
526 3022 643 3097 omnis
657 3023 717 3120 qui
736 3033 791 3097 est
803 3023 841 3096 in
855 3022 1010 3120 presenti
1025 3021 1266 3096 Christianica
1281 3019 1408 3115 regina
1422 3020 1595 3094 Constan-

367 3135 532 3232 tinopolis
549 3145 674 3210 sancta
691 3137 852 3232 synodus
869 3137 907 3208 in
926 3137 1074 3209 Domino
1091 3136 1235 3232 gaudet.
1253 3138 1300 3209 Et
1317 3144 1445 3209 cetera.
1459 3123 1505 3206 'ln
1524 3135 1595 3208 fine

367 3250 495 3346 synodi
513 3250 564 3322 ita
581 3250 813 3324 subscribunt
833 3253 907 3324 XL.
924 3253 967 3324 ll.
985 3250 1160 3348 Episcopi.
1178 3249 1377 3324 Archelaus
1398 3247 1594 3323 misericor-

367 3363 425 3436 dia
443 3362 507 3450 Dei
526 3363 721 3460 Episcopus
739 3364 959 3440 Cesariensis
977 3363 1096 3452 Urbis,
1112 3389 1239 3436 sanum
1266 3389 1322 3438 mc
1338 3373 1419 3460 opta
1444 3361 1594 3437 sanctis-

367 3477 456 3551 sime
473 3486 509 3550 et
527 3477 730 3553 beatissime
749 3489 858 3576 pater.
877 3478 1082 3552 Alexander
1100 3471 1341 3553 misericordia
1359 3477 1425 3551 Dei
1449 3476 1595 3574 Episco-

368 3615 434 3688 pus
451 3590 609 3666 civitatis
627 3592 879 3680 Hieroclensis
892 3617 1021 3666 sanum
1034 3617 1089 3667 mc
1103 3616 1164 3667 ora
1177 3591 1382 3666 beatissime
1399 3600 1509 3688 pater.
1526 3593 1594 3663 Ba-

367 3705 510 3780 siliscus
519 3705 713 3803 Episcopus
723 3707 947 3781 Euthicenus
961 3705 1263 3804 metropolitanus
1273 3731 1399 3778 sanum
1410 3729 1466 3778 me
1480 3705 1519 3777 in
1528 3707 1595 3778 Do-

367 3819 464 3893 mino
480 3843 539 3892 ora
565 3829 688 3894 sancte
705 3829 742 3894 et
759 3820 962 3894 beatissime
984 3823 1101 3893 Pater.
1118 3820 1265 3893 Oosmas
1278 3817 1475 3916 Episcopus
1488 3818 1594 3894 Nico

369 3932 559 4018 madiensis
582 3933 874 4031 metropolitanus
895 3932 1102 4029 subscripsi.
1120 3933 1247 4007 Cetera
1268 3954 1352 4007 vero
1373 3956 1435 4028 per
1455 3931 1596 4006 Fausti-

368 4071 455 4120 num
473 4045 661 4122 diaconum
681 4072 798 4122 mcum
822 4057 857 4121 et
882 4048 1061 4122 notarium
1087 4045 1272 4135 mandans,
1296 4071 1425 4120 sanum
1452 4070 1507 4120 me
1531 4068 1594 4121 ora

369 4174 493 4238 sancte
510 4187 553 4236 ac
570 4162 908 4252 beatissimePater,
926 4163 1093 4236 similiter
1111 4162 1259 4260 reliqua.
