3638 5294
884 419 1083 482 -490-

373 537 564 614 dicandum
585 547 701 613 urente
713 539 905 628 descendit,
919 538 1028 614 immo
1042 563 1124 614 cum
1139 563 1285 615 causam
1299 538 1448 626 nesciat,
1460 563 1531 614 nec
1545 541 1599 612 iu·

373 650 458 724 dicii
474 649 613 725 noverit
625 650 826 740 veritatem,
839 661 922 726 ante
936 651 1144 748 praeiudicat
1157 669 1263 750 quam
1277 651 1402 726 debeat
1414 653 1506 726 ferre
1517 677 1597 727 seu·

374 764 537 852 tentiam,
555 765 785 862 fructumque
803 765 951 840 iustitia
968 763 1217 838 dulcissimum
1236 765 1356 851 vertit,
1370 763 1406 836 in
1424 764 1597 837 amaritu-

374 879 504 954 dinem.
530 877 755 976 Quicumque
785 877 901 974 igitur
926 877 1249 974 consanguinitate,
1266 877 1325 951 vel
1349 876 1521 967 amicitia,
1538 876 1598 953 vel

373 992 451 1068 odio
468 993 506 1066 in
524 991 713 1067 iudicando
730 991 875 1068 ducitur
893 991 1067 1091 pervertit
1083 989 1257 1066 iudicium
1276 990 1422 1066 Christi.

721 1182 772 1232 Ex
791 1179 925 1232 decreto
945 1178 1120 1232 Alexandri
1136 1179 1247 1244 Papae.

472 1332 672 1408 Rroecistis
686 1333 763 1430 (sic)
779 1333 985 1407 mandatum
1001 1332 1076 1421 Dei,
1089 1341 1134 1406 ut·
1147 1332 1356 1407 traditiones
1374 1341 1512 1408 vestras
1528 1343 1599 1408 sta·

332 1539 335 1544 ·
376 1445 488 1521 tuatis
502 1469 619 1544 supra.
631 1445 724 1532 Quid
737 1444 833 1520 enim
850 1445 948 1519 aliud
965 1456 1019 1519 est
1036 1445 1169 1520 reicere
1188 1447 1394 1521 mandatum
1405 1449 1598 1546 Dei,quam

374 1558 515 1656 privato
536 1557 677 1642 iudicio,
694 1557 841 1633 consilio
861 1557 1018 1632 humano
1036 1559 1139 1633 novis
1157 1559 1263 1634 rebus
1279 1559 1538 1635 constituendis
1556 1560 1595 1632 li·

373 1671 495 1746 berius
512 1669 706 1745 delectari?
720 1671 823 1746 Unde
846 1673 1019 1768 scriptum
1037 1681 1101 1748 est.
1114 1674 1169 1748 Ne
1186 1672 1464 1768 transgrediaris
1477 1671 1598 1747 terrui-

378 1809 441 1859 nos
458 1782 623 1881 antiquos
641 1808 728 1882 quos
744 1796 940 1882 posuerunt
958 1795 1075 1881 patres
1093 1787 1157 1859 tui.
1171 1789 1217 1860 Et
1231 1785 1430 1883 Apostolus.
1444 1789 1543 1860 State
1559 1795 1597 1860 et

374 1907 493 1973 tenete
510 1897 717 1972 traditiones
734 1921 823 1994 quas
841 1897 1025 1987 didicistis,
1039 1899 1115 1974 sive
1132 1925 1194 1997 per
1211 1923 1421 1986 sermonem,
1435 1899 1511 1973 sive
1530 1923 1592 1994 per

375 2011 985 2112 epistolamnostramlnnocentius
995 2013 1179 2088 Pernicies
1191 2023 1355 2089 revocata
1365 2013 1401 2084 in
1412 2011 1597 2100 iudicium,

373 2127 525 2221 gravius
542 2135 578 2200 et
595 2124 672 2198 sine
690 2124 886 2221 penitentia
904 2126 1194 2221 condempnatur.
1214 2126 1322 2200 Idem.
1339 2124 1439 2211 Quod
1466 2148 1527 2221 pro
1545 2149 1597 2198 re-

374 2239 489 2314 medio
514 2263 534 2310 a
560 2237 772 2313 necessitate
791 2238 957 2336 temporis
974 2247 1151 2313 statutum
1169 2248 1234 2326 est,
1251 2247 1391 2314 constat
1408 2236 1507 2336 prius
1524 2261 1595 2310 nou

373 2351 552 2439 fuissene
566 2349 700 2424 revissc
719 2349 863 2446 regulas
881 2359 1032 2438 veteres,
1047 2376 1136 2449 quas
1148 2350 1193 2425 ab
1205 2353 1451 2448 apostoliseut
1464 2362 1597 2452 aposto-

374 2463 454 2539 licis
471 2463 623 2538 traditas
640 2464 802 2539 aecclesia
822 2487 967 2537 romana
986 2467 1153 2556 custodis,
1162 2467 1480 2565 custodiendasque
1498 2491 1596 2540 man·

375 2579 436 2652 dat
453 2575 510 2650 his
528 2577 587 2676 qui
607 2601 683 2651 eam
703 2577 826 2653 audire
844 2581 1080 2654 consueverit.
1098 2583 1195 2676 Ergo
1212 2581 1305 2678 quod
1322 2581 1517 2656 necessitas
1534 2603 1596 2678 pro

376 2690 529 2766 remedio
555 2689 721 2788 repperit,
742 2704 909 2792 cessante
931 2693 1155 2782 necessitate,
1180 2693 1282 2768 debet
1307 2694 1431 2791 utique
1457 2718 1596 2769 cessare

373 2807 465 2904 quod
492 2806 624 2904 pariter
653 2806 814 2902 urgebat.
832 2807 1055 2883 Caelestinus.
1074 2807 1111 2879 Si
1137 2807 1280 2882 studere
1301 2807 1512 2904 caepcrimus
1536 2831 1598 2881 no·

374 2920 491 3010 vitati,
509 2921 680 2994 traditum
708 2920 808 2994 nobis
825 2945 845 2992 a
864 2920 1025 3018 patribus
1050 2919 1269 2994 calcabimus
1293 2921 1465 3008 ordinem,
1482 2929 1523 2994 ut
1547 2919 1596 2993 lo·

375 3059 458 3108 cum
486 3031 720 3132 supervacuis
745 3033 1057 3130 superstitionibus
1082 3033 1266 3107 faciamus.
1290 3037 1368 3106 Non
1399 3044 1454 3106 est
1478 3033 1595 3106 minor

376 3147 551 3224 tradentis
568 3147 682 3223 officio
700 3147 860 3221 custodia
876 3147 1097 3221 traditorum.
1117 3145 1291 3220 Gelasius.
1310 3145 1347 3218 Si
1365 3145 1531 3243 deinceps
1548 3147 1595 3218 si·

377 3261 477 3334 nitur
495 3285 662 3335 mansura
676 3260 981 3358 perversitasnon
997 3269 1052 3334 est
1068 3259 1274 3355 benignitas
1293 3258 1515 3334 remittendis
1532 3258 1594 3332 sed

378 3376 635 3450 consentientis
652 3375 889 3450 annuntiatio,
907 3375 967 3450 Sic
985 3395 1054 3446 non
1072 3379 1185 3469 potest
1202 3371 1419 3471 perversitas
1436 3370 1595 3446 comuni-

376 3499 514 3564 catores
527 3499 692 3589 suscepto
705 3489 920 3587 perversitas
933 3511 1002 3562 non
1016 3485 1273 3584 adprobarisic
1286 3509 1359 3560 non
1372 3493 1486 3583 potest
1499 3484 1556 3559 rel
1579 3527 1593 3540 -

306 3629 312 3638 ·
373 3604 444 3676 tari
461 3603 689 3699 perversitas
706 3603 877 3701 complice
891 3611 1064 3678 sectatore
1078 3599 1323 3698 perversitatis
1336 3599 1501 3673 admisso.
1514 3599 1591 3671 Pri-

374 3741 435 3790 sca
453 3715 568 3811 igitur
581 3739 643 3812 pro
657 3715 712 3788 sui
728 3716 928 3791 reverentia
943 3723 1111 3788 maneant
1125 3714 1330 3800 constituta,
1340 3713 1424 3810 quia
1438 3712 1498 3786 ubi
1512 3711 1592 3785 nul·

374 3827 406 3901 la
427 3827 485 3902 vel
504 3852 635 3916 rerum,
650 3841 845 3926 temporum
864 3837 1062 3926 perurguet
1078 3826 1261 3922 augustia,
1275 3825 1492 3922 regulariter
1508 3849 1590 3902 con·

374 3940 1590 4038 venitcustodiri.Carrouumpaternorumvetuslormaservetur,uec

374 4064 499 4129 contra
512 4077 571 4130 eos
584 4053 660 4127 ulla
674 4055 809 4130 ratione
823 4053 1014 4152 praevaleat
1031 4053 1122 4152 quod
1140 4077 1202 4152 pro
1219 4053 1414 4136 accidentis
1431 4053 1592 4128 defectus

374 4167 529 4242 remedio
554 4166 770 4264 providetur,
788 4191 859 4242 non
883 4167 1056 4242 adversus
1073 4167 1163 4242 scita
1189 4167 1374 4252 maiorum,
1392 4189 1485 4240 nova
1510 4165 1592 4262 lege

375 4291 599 4378 proponatur.
615 4281 758 4378 Agatho
776 4282 818 4354 ad
834 4285 885 4354 Vl
899 4281 1086 4380 synodum.
1101 4281 1139 4353 Si
1157 4281 1194 4353 in
1212 4281 1278 4355 hoc
1296 4279 1416 4354 seculo
1429 4279 1591 4352 condem-

375 4395 493 4491 pnatis
506 4404 675 4492 parcatur
688 4395 784 4468 sieut
797 4394 865 4492 ipsi
879 4395 1009 4493 quibus
1023 4395 1180 4492 parcitur
1190 4393 1330 4467 nullum
1341 4393 1378 4465 in
1385 4393 1450 4467 Dei
1460 4391 1592 4467 iudicio

374 4508 536 4584 sentiunt
553 4507 727 4611 parcendo
750 4507 976 4600 beneficium,
993 4510 1043 4584 ita
1068 4506 1295 4608 parcentibus
1313 4529 1382 4582 non
1401 4505 1590 4582 minimum
