3642 5294
907 407 1082 468 ..36-

677 633 720 716 v.
739 608 931 737 Exempla
945 633 1119 718 eiusdem
1133 636 1309 722 concilii

472 859 685 934 Beatissimo
703 861 807 957 Papae
824 861 933 935 Urbis
950 863 1070 936 Romae
1088 862 1271 938 Silvestre.
1285 862 1392 937 Osius
1405 862 1604 962 Episcopus

376 973 615 1050 Cordubensis
629 974 823 1071 provincie
837 975 1034 1073 Hyspanie‚
1051 985 1088 1050 at
1101 977 1227 1052 Victor
1239 987 1275 1053 et
1289 978 1506 1054 Vincentius
1519 981 1603 1052 Pre-

374 1087 511 1186 sbyteri
527 1087 635 1164 Urbis
651 1091 771 1164 Romae
784 1098 821 1164 et
837 1089 957 1164 caeteri
974 1089 1141 1188 Episcopi
1159 1091 1261 1166 000.
1282 1094 1318 1164 X
1345 1101 1381 1166 et
1398 1094 1495 1167 VIII.
1507 1091 1602 1164 salu·

375 1210 458 1276 tem.
476 1201 652 1289 Quoniam
668 1202 892 1278 corroborata
908 1212 964 1278 est
980 1203 1096 1278 omnis
1122 1202 1256 1278 divinis
1282 1205 1465 1303 mysteriis
1490 1205 1602 1281 eccle-

379 1315 524 1391 siastica
550 1315 690 1390 utilitas
708 1325 744 1390 et
768 1340 809 1390 ea
826 1340 905 1415 quae
922 1317 967 1391 ad
985 1318 1092 1393 robur
1109 1318 1292 1416 pertinent
1304 1330 1429 1396 sancte
1442 1319 1602 1396 Ecclesia

377 1429 561 1507 Catholice
577 1440 614 1506 et
631 1431 833 1529 Apostolice
850 1433 896 1506 ad
913 1433 1039 1508 Sedam
1058 1442 1159 1506 tuam
1180 1436 1389 1523 Romanam,
1414 1433 1600 1532 explanata

374 1541 417 1617 de
441 1567 560 1640 graeco
579 1543 619 1616 in
636 1543 789 1617 latinum
806 1554 910 1640 gesta
936 1547 1053 1622 sancti
1071 1548 1224 1624 Concilii
1242 1548 1452 1643 scribimus.
1477 1551 1601 1646 Itaque
1627 1571 1631 1578 ·

375 1667 520 1734 censeat
536 1659 653 1754 gloria
672 1669 793 1734 vestra
810 1660 847 1732 in
866 1671 985 1736 vestre
1002 1661 1206 1759 Apostolicc
1224 1662 1332 1737 Urbis
1357 1662 1441 1738 sinu
1458 1662 1600 1760 Episco

375 1795 436 1870 pos
453 1774 636 1848 vobiscum
655 1774 760 1849 abere
778 1774 970 1850 concilium
988 1775 1085 1850 sicut
1101 1776 1212 1864 decet,
1236 1787 1279 1851 ut
1296 1779 1414 1851 firmet
1438 1785 1599 1851 vestrum

374 1887 665 1976 sanctimonium,
682 1889 819 1985 gradus
836 1889 1007 1986 praefixos,
1023 1891 1081 1964 vel
1098 1898 1218 1965 textus
1243 1889 1485 1966 ordinationis.
1510 1893 1602 1976 Q'uo

373 2001 470 2076 uiam
492 2002 664 2100 quidquid
682 2003 937 2077 constituimus
955 2003 994 2076 in
1011 2004 1149 2080 Niceno
1165 2005 1335 2094 Concilio,
1353 2029 1542 2102 precamur
1559 2013 1601 2076 ut

373 2117 485 2191 uestri
510 2117 581 2192 oris
604 2118 781 2193 consortio
802 2119 1045 2194 confirmetur.
1065 2119 1151 2192 Oret
1167 2117 1349 2193 beatitudo
1366 2127 1429 2191 tua
1446 2140 1509 2214 pro
1521 2117 1601 2188 uni-

372 2253 476 2305 verso
498 2230 669 2306 Concilio.
688 2234 778 2304 Data
798 2234 895 2306 VIII.
917 2232 989 2306 lral.
1012 2236 1107 2329 Sept.
1125 2231 1277 2305 Paulino
1293 2241 1328 2304 et
1346 2230 1486 2304 Iuliano
1511 2230 1601 2304 Con-

375 2344 525 2420 solibus.

489 2575 551 2659 VI.
569 2573 761 2680 Exempla
779 2575 990 2662 Athanasii
1009 2576 1190 2682 Episcopi
1208 2575 1488 2661 Alexandrini.

467 2808 602 2880 Domno
626 2813 750 2880 sancto
775 2815 810 2880 et
829 2805 1024 2904 Apostolici
1041 2803 1212 2880 culminis
1229 2804 1407 2900 dignitate
1429 2825 1602 2876 veneran-

370 2920 424 3010 de,
441 2923 563 2995 Marco
580 2929 714 2995 sanctae
740 2923 906 2994 Romana
928 2919 1140 3018 Apostolicae
1158 2919 1260 2994 Sedis
1281 2929 1389 3016 atque
1415 2915 1600 2990 universa·

368 3033 417 3107 lis
434 3033 605 3110 Eoclesiae
632 3037 747 3132 Papa,
765 3034 988 3108 Athanasius
1013 3042 1049 3110 et
1073 3033 1235 3108 'universi
1254 3031 1497 3131 Egyptiorum
1519 3027 1600 3125 Epi·

370 3148 476 3245 scopi.
493 3152 683 3246 Nyoenam
701 3148 864 3222 sinodum
883 3148 922 3222 in
939 3145 1195 3223 contumeliam
1212 3159 1372 3220 nostram
1388 3153 1425 3219 et
1436 3141 1597 3217 omnium

370 3260 658 3336 Christianorum
677 3261 804 3336 Ariani
825 3261 1073 3337 incenderunt.
1091 3263 1312 3358 Quapropter
1324 3283 1514 3358 precamur
1535 3259 1600 3331 Pa·

371 3383 427 3449 ter
443 3373 648 3450 beatissime
666 3383 707 3448 ut
725 3374 789 3448 illa
814 3374 915 3448 nobis
932 3373 1149 3471 exemplaria
1177 3398 1256 3470 quae
1282 3382 1416 3447 sanctur
1442 3369 1602 3446 recorda·

369 3487 477 3561 tionis
504 3488 752 3585 predecessori
774 3497 893 3564 vestro
917 3488 1102 3576 Silvestre
1121 3487 1230 3560 missa
1246 3485 1407 3575 fuerunt,
1427 3484 1495 3560 sub
1519 3491 1600 3557 tuta

369 3713 558 3811 monioper
569 3714 690 3789 beatos
703 3715 799 3800 viros
817 3713 1002 3788 Victorem
1016 3723 1053 3787 et
1066 3713 1302 3788 vincentium
1313 3711 1548 3809 Presbyteros
1560 3717 1599 3782 et

371 3826 618 3923 Apocrisarios
638 3827 849 3924 Apostolioae
866 3826 967 3901 Sedis
995 3824 1104 3899 missa
1122 3835 1209 3900 sunt
1226 3825 1394 3923 praedicto
1417 3825 1514 3919 Papa
1532 3821 1599 3894 Sil·

368 3947 488 4012 vestre
512 3963 596 4014 cum
621 3939 872 4036 astipulatione
891 3939 1055 4027 subnixa,
1072 3939 1232 4036 capitula
1257 3941 1367 4014 LXX.
1393 3940 1487 4012 Sane
1513 3959 1599 4032 pre

367 4051 530 4126 sentibus
551 4050 651 4125 nobis
669 4053 742 4126 LX.
760 4052 797 4124 in
816 4061 1012 4126 memorata
1025 4051 1147 4126 sinodo
1160 4050 1320 4149 capitula
1334 4058 1489 4124 tractata
1502 4055 1598 4121 sunt.

368 4166 513 4242 Scilicet
537 4168 656 4242 XXX.
673 4191 694 4240 a
711 4165 843 4262 grecis
855 4191 976 4262 greca
991 4165 1121 4261 lingua
1134 4167 1241 4256 edita,
1254 4175 1290 4242 et
1302 4166 1422 4240 XXX.
1438 4189 1459 4236 a
1473 4160 1599 4236 latinis

366 4277 478 4353 latine
495 4289 650 4355 tractata
668 4293 765 4353 suot.
783 4279 852 4354 Sed
870 4279 991 4356 visum
1009 4289 1065 4354 est
1084 4280 1186 4356 000.
1203 4290 1239 4355 et
1256 4281 1354 4354 VIII.
1373 4275 1541 4356 Patribus
1557 4283 1599 4346 ut

365 4395 402 4467 X
418 4394 576 4490 capitula
593 4393 840 4468 adunarentur
857 4393 894 4466 in
912 4393 1087 4488 congruis
1103 4393 1202 4482 locis,
1219 4402 1255 4468 et
1273 4393 1318 4465 ad
1332 4393 1482 4464 formam
1497 4389 1599 4462 LXX

366 4505 624 4606 discipulorum
649 4506 707 4580 vel
729 4507 839 4580 totius
856 4507 950 4580 orbis
967 4517 1061 4582 terre
1079 4506 1290 4601 linguarum
1314 4506 1425 4579 LXX.
1442 4503 1535 4578 tanti
1561 4511 1598 4576 et
