3654 5302
726 411 922 476 -397-

213 536 320 637 culpa
333 534 543 612 declinatur.
552 533 655 613 Unde
670 532 887 608 Praedicator
899 540 1047 608 sanctus
1061 555 1144 608 cum
1154 530 1322 618 Damasci
1337 529 1439 605 valde

214 650 409 726 obstinatas
426 633 565 724 mentes
582 647 872 747 persequentium
894 654 1067 734 cerneret,
1091 668 1213 720 eorum
1241 643 1355 718 voluit
1379 643 1439 717 ad-

215 764 379 840 versitati
398 763 590 868 confligere
605 761 689 860 quia
704 759 935 857 semetipsum
950 783 1056 857 quern
1071 759 1297 856 profuturum
1313 755 1437 832 multis

215 886 364 954 noverat
380 875 472 952 vidit
488 900 590 975 posse¹
608 876 768 951 deficere.
788 876 833 946 Et
846 882 910 947 aut
923 872 1014 946 nulli
1028 897 1065 946 se
1078 871 1156 947 illic
1169 880 1233 945 aut
1245 870 1350 968 pauci
1364 891 1440 966 pro-

214 991 323 1066 desse.
333 993 519 1067 Secessum
533 1011 620 1086 ergo
632 1012 653 1061 a
667 987 863 1064 certamine
876 985 989 1085 petiit,
1002 995 1039 1060 et
1052 994 1282 1083 pugnaturus
1296 982 1450 1078 felicius

213 1103 347 1178 adalia
365 1128 403 1180 se
419 1103 514 1178 bella
532 1101 703 1178 servavit.
719 1105 801 1176 Nou
818 1099 914 1176 enim
932 1099 1009 1173 loco
1025 1099 1155 1187 virtus,
1180 1097 1241 1171 sed
1267 1096 1343 1172 loco
1367 1095 1441 1168 vir·

213 1218 284 1292 tuti
301 1217 424 1293 defuit.
442 1221 488 1291 Et
504 1217 639 1301 iccirco,
654 1215 873 1292 fortissimus
891 1213 995 1288 miles
1012 1213 1057 1287 ab
1073 1211 1264 1288 obsidionis
1281 1220 1439 1307 angusta

213 1328 421 1428 certaminis
435 1351 601 1425 campum
616 1327 793 1426 quaesivit.
807 1325 877 1402 Ubi
891 1335 1012 1402 autem
1031 1325 1259 1420 subiuganda
1273 1327 1351 1419 regi
1366 1345 1442 1421 pro·

214 1442 291 1540 prio
307 1441 409 1515 nulla
427 1441 711 1516 adversariorum
730 1439 821 1516 colla
851 1441 1049 1536 conspexit,
1074 1439 1195 1514 subire
1220 1437 1355 1512 bellum
1380 1435 1440 1510 vel

213 1579 295 1628 cum
315 1563 426 1628 morte
443 1577 514 1628 non
532 1554 665 1631 timuit.
683 1553 788 1629 Sicut
805 1553 880 1650 ipse
893 1579 976 1629 cum
992 1553 1248 1628 Gerosolimam
1263 1560 1440 1648 pergeret,

214 1691 296 1741 eum
316 1667 378 1764 qui
391 1666 576 1764 discipulis
590 1666 790 1765 passionom
805 1667 906 1740 illius
924 1691 987 1763 per
1003 1665 1220 1764 prophetiam
1239 1663 1439 1762 praescitam

213 1779 452 1878 prohiberent,
467 1779 678 1878 sibimetipsi
691 1789 884 1854 attestatur
900 1781 1031 1855 dicens.
1046 1783 1124 1875 Ego
1134 1778 1229 1853 enim
1243 1800 1314 1852 non
1326 1778 1440 1852 solum

215 1889 372 1987 alligari,
389 1893 449 1968 sed
467 1903 503 1968 et
522 1893 609 1968 mori
627 1892 665 1965 in
693 1891 918 1968 Hierusalem
939 1905 1086 1990 paratus
1111 1917 1191 1965 sum
1209 1915 1272 1991 pro
1296 1890 1440 1965 nomine

213 2005 357 2079 Domini
373 2003 489 2080 Ihesu.
506 2008 630 2103 Neque
648 2005 741 2081 facio
758 2005 915 2079 animam
935 2031 1051 2081 meam
1070 2005 1310 2104 pretiosiorem
1330 2027 1438 2102 quem

215 2141 279 2193 rne.
305 2118 404 2205 Quod
420 2117 535 2215 igitur
559 2119 618 2194 hic
644 2117 792 2194 hostiles
812 2142 945 2194 cuneos
966 2118 1075 2194 etiam
1093 2117 1258 2217 praescita
1275 2115 1437 2216 passione

213 2256 279 2306 sua
297 2231 562 2330 imperterritus
579 2232 693 2330 petiit,
709 2233 785 2308 illic
811 2232 853 2307 de
879 2231 1141 2331 dispensatione
1166 2231 1277 2306 fuisse
1299 2230 1440 2306 edocuit

212 2367 284 2418 non
301 2345 343 2420 de
360 2345 485 2420 timore
503 2346 595 2443 quod
612 2345 720 2441 fugit.
738 2347 816 2432 Qua
833 2345 872 2418 in
891 2369 930 2420 re
947 2345 1243 2443 pensandumest
1258 2345 1352 2442 quod
1375 2343 1438 2418 illo

125 2451 127 2458 ’
212 2455 349 2532 labores
366 2458 535 2554 quosdam
555 2482 616 2554 per
633 2457 906 2556 dispensationis
931 2457 1104 2533 iudicium
1130 2457 1358 2534 laudabiliter
1382 2458 1440 2533 de·

213 2569 336 2658 clinct,
358 2571 420 2668 qui
438 2595 499 2668 pro
524 2574 597 2648 Deo
621 2572 771 2646 maiores
795 2571 884 2646 alios
903 2573 1042 2646 fortiter
1063 2571 1216 2646 tollerat
1238 2576 1331 2647 Nam
1354 2595 1459 2678 sepe·

213 2683 257 2766 ab
276 2685 440 2759 omnibus
457 2686 563 2760 timor
580 2685 707 2760 debilis
724 2695 830 2761 cauta
847 2685 1064 2782 dispensatio
1088 2696 1250 2774 vocatur,
1274 2696 1310 2759 et
1335 2685 1438 2784 quasi

212 2797 406 2893 prudenter
423 2798 559 2897 impetu
576 2797 772 2874 declinasse
790 2809 1017 2889 acesserunt,
1030 2823 1112 2873 cum
1127 2797 1311 2894 fugientes
1328 2798 1440 2895 turpi·

212 2919 268 2984 ter
288 2911 328 2984 in
344 2920 448 3007 terga
465 2911 656 3000 feriuntur,
673 2913 768 2988 unde
784 2937 929 2988 necesse
946 2924 1001 2988 est
1017 2924 1059 2987 ut
1075 2913 1112 2987 in
1130 2937 1238 2987 eausa
1263 2913 1328 2988 Dei
1353 2937 1438 2987 cum

212 3047 270 3097 res
286 3023 559 3122 dispensationis
575 3025 710 3121 agitur,
728 3035 846 3100 motus
863 3025 978 3100 cordis
995 3026 1231 3102 subtilissima
1249 3025 1438 3101 libratione

213 3147 393 3234 pensetur,
410 3163 456 3213 ne
474 3163 535 3236 per
552 3139 798 3215 infirmitatem
816 3139 921 3214 timor
947 3151 1122 3238 surrepat,
1138 3151 1175 3216 et
1199 3164 1276 3216 sese
1299 3163 1363 3237 per
1387 3139 1439 3213 di-

215 3249 450 3346 spensationis
478 3250 674 3347 imaginem
702 3251 876 3328 rationem
902 3254 1029 3349 fingat,
1054 3277 1099 3328 ne
1124 3253 1230 3353 culpa
1253 3278 1330 3330 sese
1355 3277 1438 3352 pru·

211 3360 368 3436 dentiam
385 3362 544 3438 nominet
560 3363 702 3460 iamque
717 3387 782 3440 nes
799 3365 876 3464 (sic)
892 3366 938 3440 ed
955 3365 1189 3462 penitentiam
1214 3367 1358 3441 animus
1381 3391 1435 3441 re-

212 3474 311 3562 deat,
340 3477 480 3573 quando
509 3476 574 3551 hoc
603 3476 695 3574 quod
723 3476 846 3575 inique
871 3479 1090 3580 perpetravit
1113 3481 1287 3554 virtutem
1318 3490 1435 3556 vocat.

212 3590 337 3664 Restat
357 3589 473 3684 igitur
495 3598 537 3664 ut
562 3589 599 3662 in
626 3589 743 3664 dubiis
769 3592 919 3689 quisque
943 3591 1186 3688 deprehensus
1203 3616 1285 3666 cum
1312 3591 1434 3690 quali-

212 3701 272 3777 bet
296 3703 363 3776 sibi
389 3703 589 3777 adversitas
613 3703 779 3778 imminet
803 3703 903 3801 prius
927 3703 1023 3778 iutra
1047 3703 1277 3802 semetipsum
1309 3713 1434 3780 contra

213 3814 438 3890 formidinem
455 3826 491 3891 et
508 3815 823 3914 praecipitationem
842 3827 993 3913 pugnet,
1009 3816 1180 3914 quatinus
1202 3842 1246 3891 ne
1272 3817 1436 3892 formido-

212 3927 284 4002 lose
301 3953 339 4003 se
356 3927 554 4017 subtrahat,
572 3953 639 4004 nec
655 3929 920 4027 precipitanter
937 3938 1096 4030 opponat.
1110 3929 1224 4004 Valde
1238 3929 1333 4005 enim
1349 3954 1436 4027 pra-

212 4065 295 4140 ceps
311 4053 376 4130 est,
392 4041 455 4140 qui
473 4065 612 4139 semper
628 4065 666 4118 se
682 4042 843 4118 adversis
859 4043 978 4134 obicit,
1002 4054 1039 4120 et
1062 4043 1166 4119 valde
1192 4043 1344 4142 pavidus
1368 4043 1432 4142 qni

212 4179 355 4253 semper
366 4155 559 4230 abscondit.
577 4155 646 4231 Sed
661 4155 728 4232 hcc
747 4156 877 4232 melius
894 4157 933 4230 in
949 4157 1052 4232 bellis
1065 4157 1312 4257 spiritualibus
1329 4156 1435 4232 disci·

212 4294 304 4357 mus,
317 4268 348 4342 si
361 4268 511 4343 formem
524 4269 686 4344 exercitii
698 4295 720 4341 a
733 4269 973 4366 corporalibus
988 4269 1090 4344 bellis
1102 4270 1300 4346 trahamus.
1309 4273 1434 4367 Neque

212 4382 308 4456 enim
337 4381 400 4456 ille
425 4382 499 4457 dux
524 4382 665 4479 sapiens
681 4391 736 4457 est
752 4381 814 4480 qui
831 4392 956 4458 contra
980 4381 1126 4460 hostiles
1148 4407 1280 4459 cuneos
1305 4383 1437 4464 exerci-

212 4503 290 4568 tum
309 4518 464 4592 praeceps
481 4493 657 4580 admovet,
674 4517 789 4591 nequa
807 4493 869 4570 ille
886 4493 959 4568 dux
979 4493 1092 4583 fortis,
1116 4495 1180 4592 qui
1204 4518 1343 4593 semper
1366 4492 1434 4568 hoc
