3654 5302
881 377 1081 440 -374-

370 522 416 574 ne
433 496 562 596 psalmi
581 498 656 574 011.
674 497 810 594 Siquis
827 497 945 572 iustus
962 496 1092 596 estqui
1110 496 1244 572 iniuste
1262 495 1499 586 maledicitur,
1509 507 1546 572 et
1557 497 1590 570 si

370 610 503 685 iniuste
522 609 759 698 maledicitur,
776 611 961 708 praemium
979 610 1034 684 illi
1049 609 1219 685 redditur.
1233 609 1437 708 Hysidorus
1449 609 1487 682 in
1501 609 1590 684 libro

371 725 413 799 de
431 723 685 798 summobono
703 723 772 810 Qui
790 734 893 798 nocet
909 723 962 798 ait
981 722 1170 823 Apostolus
1187 722 1334 822 recipiet
1358 721 1395 796 id
1419 722 1510 820 quod
1533 745 1592 797 no-

374 836 461 913 cuit.
477 840 559 912 Non
576 836 690 910 solum
708 836 805 911 enim
822 837 1039 912 credendum
1057 845 1112 912 est
1128 836 1160 912 ei
1178 837 1240 934 qui
1258 837 1391 912 iniuste
1413 836 1592 912 maledici-

373 965 444 1044 tur,
456 951 571 1028 nichil
584 951 728 1027 omnino
740 953 773 1026 ei
786 951 886 1026 illam
902 951 1188 1028 maledictionem
1206 951 1337 1041 obesse,
1353 975 1479 1026 verum
1496 951 1593 1026 insu·

372 1091 435 1166 per
451 1064 649 1140 credendus
661 1074 716 1139 est
730 1064 941 1141 maledictus
955 1065 1099 1153 iniuste,
1116 1088 1179 1162 per
1195 1064 1232 1138 id
1248 1064 1384 1162 praemii
1398 1065 1595 1140 incremen-

374 1194 412 1254 ta
429 1177 619 1275 suscipere.
633 1177 808 1253 Salomon.
822 1178 925 1255 Siout
939 1181 1018 1252 avis
1035 1179 1073 1251 in
1087 1178 1307 1252 contrarium
1322 1178 1458 1266 volans,
1470 1187 1507 1252 et
1519 1201 1594 1275 pas·

374 1318 433 1368 ser
457 1293 614 1391 quolibet
640 1293 782 1380 vadeno,
803 1292 856 1367 sic
882 1293 1112 1368 maledictum
1130 1292 1265 1366 frustm
1282 1292 1472 1390 prolatum,
1488 1317 1595 1390 super

375 1431 458 1481 eum
472 1407 535 1504 qui
549 1407 648 1482 misit
661 1405 766 1479 illum
780 1405 931 1479 eveniet.
945 1407 1143 1504 Gregorius
1157 1407 1194 1478 in
1207 1407 1272 1479 XL
1284 1405 1421 1481 omelia.
1436 1405 1596 1481 Plerum-

375 1544 444 1619 que
458 1519 614 1616 contigit
626 1529 668 1594 ut
684 1517 744 1593 hio
761 1517 887 1592 iudicii
904 1519 1021 1594 locum
1039 1529 1168 1608 teneat,
1182 1519 1242 1594 oui
1254 1519 1298 1593 ad
1311 1519 1427 1593 locum
1441 1518 1519 1593 vita
1532 1519 1597 1592 mi-

375 1634 473 1709 nime
490 1632 687 1709 concordat.
705 1636 760 1708 Ac
777 1655 859 1729 sepe
876 1631 1000 1728 agitur
1025 1643 1067 1708 ut
1084 1632 1143 1708 vel
1160 1633 1306 1707 damnet
1327 1631 1521 1721 inmeritos,
1537 1631 1596 1707 vel

376 1746 464 1822 alios
480 1746 556 1844 ipse
573 1745 711 1842 ligatus
728 1745 852 1820 solvat.
867 1748 955 1842 Sepe
969 1745 1007 1821 in
1021 1746 1200 1821 solvendis
1213 1770 1255 1821 ac
1269 1745 1427 1841 ligandis
1445 1745 1597 1820 subditis

376 1885 452 1933 suae
469 1857 666 1933 voluntatis
683 1867 810 1946 motus,
830 1881 900 1930 non
926 1867 1046 1935 autem
1069 1883 1259 1934 causarum
1283 1857 1409 1932 merita
1426 1859 1598 1956 sequitur.

378 1972 483 2048 Unde
500 1973 551 2061 fic,
565 1980 606 2046 ut
623 1995 704 2068 sepe
720 1995 764 2046 ac
781 1970 920 2067 ligandi
937 1979 973 2045 et
986 1973 1146 2048 solvendi
1159 1981 1330 2071 potestate
1344 1997 1381 2047 se
1395 1972 1524 2072 privet,
1536 1973 1598 2070 qui

377 2086 446 2161 hac
471 2110 533 2183 pro
557 2085 633 2160 suis
656 2084 913 2173 voluntatibus,
937 2092 973 2159 et
993 2111 1063 2162 non
1089 2109 1152 2185 pro
1176 2086 1417 2161 subiectorum
1442 2085 1599 2160 moribus

378 2207 530 2275 exercet.
548 2201 637 2296 Sepe
655 2198 696 2272 fit
712 2207 754 2272 ut
770 2221 858 2294 erga
876 2202 1073 2294 quemlibet
1089 2199 1290 2299 proximum
1307 2199 1385 2276 odio
1401 2199 1460 2274 vel
1481 2199 1600 2296 gratia

379 2321 566 2388 moveator
585 2321 712 2408 pastor.
730 2312 893 2388 iudicare
910 2320 1031 2386 autem
1049 2313 1159 2410 digne
1176 2313 1219 2388 de
1235 2312 1389 2387 subditis
1406 2321 1599 2410 nequeunt,

378 2425 441 2524 qui
467 2425 505 2498 in
531 2424 757 2499 subditorum
782 2425 902 2500 causis
927 2449 991 2498 sua
1017 2427 1076 2502 vel
1093 2427 1171 2501 odia
1196 2427 1255 2500 vel
1276 2426 1396 2523 gratia
1421 2436 1602 2502 secuntur.

341 2529 344 2534 ¹
377 2539 486 2616 Unde
504 2547 599 2614 recte
617 2563 679 2637 per
697 2537 902 2637 prophetam
922 2537 1065 2616 dicitur.
1082 2540 1351 2616 Mortifioabunt
1368 2541 1507 2615 animas
1523 2565 1603 2637 quae

383 2677 454 2729 non
472 2653 686 2742 moriuntur,
703 2659 739 2726 et
756 2651 996 2726 vivificabunt
1011 2654 1150 2728 animas
1167 2677 1246 2752 quae
1263 2678 1333 2728 non
1357 2654 1498 2728 vivunt.
1522 2657 1604 2727 Non

378 2768 594 2842 wmorientem
612 2765 741 2863 quippe
759 2764 961 2854 mortificat,
978 2765 1040 2861 qni
1057 2766 1193 2841 iustum
1212 2767 1392 2865 dampnat,
1408 2777 1446 2842 et
1465 2789 1535 2842 non
1551 2766 1604 2839 ri-

377 2892 529 2958 ·cturum
546 2880 734 2955 vivificare
751 2879 892 2966 nititur,
909 2878 971 2977 qui
989 2905 1090 2956 reum
1108 2905 1130 2954 a
1147 2881 1320 2979 supplicio
1345 2881 1482 2956 solvere
1503 2903 1605 2955 oona-

383 3006 453 3072 tur.
472 2996 588 3072 cause
605 3018 692 3091 ergo
711 2993 899 3093 pensandae
916 3002 1012 3083 sunt,
1037 3004 1073 3069 et
1098 3004 1187 3070 tunc
1212 2995 1350 3091 ligandi
1377 3019 1421 3070 ac
1445 2993 1605 3069 solvendi

384 3119 539 3210 potestas
556 3109 761 3184 exercenda.
780 3107 983 3182 Videndum
1002 3131 1081 3204 quae
1098 3105 1216 3206 culpa,
1228 3117 1264 3183 ct
1277 3133 1356 3206 quae
1373 3109 1421 3182 sit
1438 3108 1607 3204 preniten-

385 3223 436 3298 tia
453 3231 577 3298 secuta
597 3231 674 3319 post
691 3221 844 3319 culpam.
858 3223 907 3295 Ut
920 3243 1007 3318 quos
1020 3222 1241 3320 omnipotens
1255 3223 1350 3298 Deus
1364 3245 1425 3318 per
1439 3243 1607 3317 compun-

387 3336 516 3412 ctionis
532 3337 690 3433 gratiam
709 3336 844 3424 visitat,
862 3335 941 3409 illos
958 3336 1109 3432 pastoris
1126 3334 1305 3410 sententia
1321 3333 1492 3409 absolvat.
1504 3337 1608 3408 Tunc

385 3451 481 3526 enim
500 3476 585 3526 vera
602 3461 657 3526 est
673 3451 848 3526 absolutio
865 3448 1089 3548 praesidentis
1105 3449 1166 3524 cui
1183 3448 1317 3524 interni
1339 3447 1528 3522 arbitrium
1554 3473 1608 3523 se-

386 3565 508 3664 quitur
526 3565 667 3641 iudicia.
685 3565 790 3639 Prius
808 3565 904 3640 enim
923 3562 1097 3638 Dominus
1115 3571 1294 3636 mortuum
1308 3561 1452 3635 vocavit
1464 3570 1500 3636 et
1517 3561 1610 3633 vivi·

386 3679 509 3755 ficavit
526 3679 657 3754 dicens.
675 3681 807 3755 Lazaro
824 3679 908 3753 veni
925 3677 1031 3766 forae,
1049 3686 1085 3751 et
1101 3674 1323 3775 postmodum
1344 3673 1401 3747 his
1418 3700 1439 3748 a
1455 3673 1609 3772 discipu-

386 3796 431 3870 lis
448 3804 503 3870 est
521 3795 669 3869 solutus,
687 3798 734 3869 Et
751 3803 828 3892 post
846 3817 970 3891 pauca.
987 3795 1045 3866 Ex
1069 3813 1138 3888 qua
1165 3787 1445 3863 consideratione
1467 3788 1609 3863 intuen-

387 3910 473 3984 dum
490 3916 555 3997 est,
572 3909 665 4006 quod
683 3907 763 3982 illos
781 3929 844 3981 nos
862 3906 1032 3982 debemus
1049 3902 1342 4002 perpastoralem
1360 3901 1611 3977 auctoritatem

388 4022 538 4110 solvere,
554 4045 642 4120 quos
658 4031 840 4097 auctorem
854 4017 1283 4116 nostrumcognosoimus
1301 4041 1362 4115 per
1375 4017 1613 4092 suscitantem

264 4229 269 4240 Ι
388 4136 545 4234 gratiam
559 4131 754 4211 vivificare.
768 4138 814 4208 Et
827 4134 931 4207 inira.
945 4133 1079 4208 Veniat
1094 4132 1217 4229 itaque
1231 4131 1325 4206 foras
1339 4141 1512 4221 mortuus,
1521 4131 1614 4206 idest

390 4249 534 4347 culpam
563 4250 780 4324 confiteatur
805 4255 977 4346 peccator.
1008 4246 1220 4320 Venientem
1247 4269 1330 4320 vero
1354 4245 1448 4320 foras
1473 4245 1616 4320 solvant

351 4362 564 4461 'discipuli
590 4371 629 4437 ut
660 4369 817 4460 pastores
843 4360 1013 4436 aeoolesiae
1041 4357 1074 4434 ci
1107 4383 1245 4456 paenam
1275 4358 1426 4434 debcant
1450 4380 1615 4433 amovere

390 4501 497 4577 quam
515 4477 658 4567 meruit,
674 4475 737 4576 qui
754 4500 824 4551 nou
841 4474 986 4552 erubuit
1002 4474 1164 4556 confiteri
1184 4473 1276 4573 quod
1294 4472 1391 4550 fecit.
1409 4475 1495 4548 Haec
1507 4471 1551 4548 de
1563 4495 1616 4548 so
