3638 5294
888 391 930 408 -
954 358 1022 420 442
1047 391 1088 406 ι-

372 479 581 578 ut'impleas
598 477 691 576 quod
708 475 869 567 minaris,
887 500 955 574 ego
971 477 1062 576 quod
1080 477 1206 578 patiar,
1223 484 1265 552 tu
1282 476 1394 554 facias
1411 475 1503 575 quod
1520 500 1604 574 spa-

370 592 487 668 dones.
502 595 547 666 Et
564 591 668 666 infra.
686 589 871 666 Adversus
887 589 1021 667 milites
1034 590 1168 666 Gothos
1181 613 1321 690 quoque
1334 589 1492 666 lacrimae
1509 614 1601 666 mere

369 731 470 782 arma
487 716 583 782 sunt.
600 705 701 780 Talia
718 704 814 780 enim
834 704 1057 780 munimenta
1072 712 1160 779 sunt
1176 703 1379 780 sacerdotis.
1398 703 1513 780 Aliter
1529 727 1599 780 nec

369 819 476 896 debeo
492 843 559 895 neo
576 843 718 918 possum
737 817 913 908 resistere,
930 816 1058 914 fugere
1074 825 1195 892 autem
1213 826 1249 893 et
1263 816 1465 916 relinquere
1482 815 1597 892 eccle·

369 932 460 1007 siam
477 956 548 1008 non
565 931 669 1021 soloe,
687 956 733 1008 ne
750 932 831 1030 quis
847 930 1028 1027 gravioris
1044 929 1160 1029 culpa
1177 941 1275 1006 metu
1288 931 1426 1007 factum
1444 931 1598 1030 interpe-

369 1054 452 1122 tret.
469 1044 579 1120 Scitis
596 1057 632 1120 et
644 1067 709 1118 vos
726 1044 794 1142 ipsi
813 1043 905 1142 quod
922 1042 1196 1143 imperatoribus
1212 1043 1344 1120 soleam
1361 1043 1512 1134 deferre,
1524 1066 1604 1120 non¹

371 1157 507 1234 cedere.
518 1157 721 1256 Scippliciis
732 1157 808 1256 (sic)
819 1181 874 1232 me
888 1157 1039 1232 libenter
1051 1157 1262 1246 offerrenec
1277 1167 1434 1233 metuere
1448 1182 1528 1256 quse
1538 1181 1598 1255 pa·

371 1280 510 1346 rantur.
524 1270 671 1346 Utinam
685 1293 798 1346 essem
813 1294 973 1360 securus,
985 1269 1076 1368 quod
1090 1269 1241 1346 ecclesia
1253 1269 1434 1346 haereticis
1448 1271 1596 1348 minime

368 1385 582 1460 traderetur.
600 1384 656 1458 Ad
674 1383 846 1481 palatium
864 1383 1087 1482 imperatoris
1104 1385 1194 1459 irem
1208 1383 1372 1474 libenter,
1385 1385 1416 1459 si
1434 1384 1501 1460 hoc
1513 1409 1595 1462 con-

367 1506 515 1593 grueret
532 1495 724 1572 sacerdotis
740 1496 865 1586 officio,
891 1506 932 1572 ut
947 1497 989 1570 in
1007 1497 1138 1595 palatio
1164 1497 1281 1594 magis
1303 1507 1400 1574 stare
1425 1522 1532 1596 quam
1555 1499 1596 1573 in

367 1609 528 1686 ecclesia.
546 1609 615 1684 Sed
631 1609 669 1682 in
688 1609 896 1686 consistorio
913 1633 983 1684 non
1001 1610 1091 1687 solet
1109 1636 1191 1686 raus
1204 1636 1281 1687 esse
1299 1613 1361 1688 sed
1374 1612 1490 1687 iudex
1504 1613 1596 1688 Cau·

366 1749 442 1797 sam
461 1723 542 1798 fidei
559 1723 598 1796 in
615 1723 766 1799 ecclesia
778 1723 960 1819 agendam
977 1725 1058 1824 quis
1082 1725 1248 1800 abnuat?
1265 1725 1304 1798 Si
1331 1725 1416 1823 quis
1438 1725 1595 1815 confidit,

367 1835 439 1912 huc
457 1836 589 1913 veniat.
607 1837 825 1914 Inclinatum
844 1837 916 1912 iam
935 1837 1028 1912 idem
1050 1837 1274 1936 imperatoris
1299 1837 1485 1928 iudicium,
1498 1838 1592 1936 quod

367 1949 440 2024 lata
457 1950 540 2048 lega
557 1951 738 2050 patefacit.
756 1955 803 2026 Et
815 1949 920 2024 infra.
938 1953 990 2026 De
1008 1951 1138 2048 templo
1156 1951 1222 2026 Dei
1243 1949 1357 2025 nichil
1375 1975 1518 2049 possum
1535 1951 1594 2027 de-

366 2087 522 2154 cernere,
539 2077 606 2140 nec
622 2065 763 2141 tradere
781 2064 872 2140 illud
888 2064 980 2163 quod
997 2064 1269 2140 custodiendum
1287 2088 1359 2139 non
1376 2065 1591 2140 tradendum

366 2179 498 2276 accepi.
516 2179 651 2254 Deinde
675 2181 861 2255 consulare
888 2203 943 2254 me
967 2177 1076 2253 etiam
1103 2177 1326 2278 imperatoris
1351 2177 1472 2253 saluti.
1498 2177 1591 2264 Quia

366 2317 432 2368 nec
450 2291 537 2366 mihi
555 2293 695 2391 expedit
712 2294 862 2382 tradere,
879 2317 945 2367 nae
963 2291 1019 2364 illi
1036 2290 1208 2389 accipere.
1226 2293 1302 2366 Nec
1324 2289 1453 2364 rnihia
1477 2315 1592 2367 sacer·

366 2404 506 2480 dotibus
519 2405 664 2481 dicitur.
677 2409 757 2481 Non
776 2407 931 2481 multum
947 2406 1110 2496 interest,
1122 2416 1246 2480 utrum
1261 2405 1386 2481 volens
1399 2405 1592 2503 relinquas,

365 2544 413 2592 an
430 2519 550 2593 tradas
567 2519 680 2596 altare
699 2520 846 2597 Christi.
860 2523 953 2597 Cum
969 2519 1064 2593 enim
1080 2517 1269 2616 reliqueris
1283 2518 1411 2593 trades.
1424 2517 1590 2616 Accipiat

365 2631 462 2708 enim
480 2633 580 2707 vobis
598 2643 651 2708 cst
668 2634 771 2710 liberi
788 2635 991 2714 sacerdotis.
1009 2635 1049 2709 Si
1071 2634 1153 2709 vult
1177 2633 1245 2708 sibi
1270 2659 1347 2710 esse
1373 2633 1590 2724 consultum,

366 2746 509 2822 recedat
529 2772 549 2820 a
569 2747 705 2822 Christi
723 2749 866 2838 iniuria,
890 2750 967 2824 haec
992 2750 1098 2849 plena
1115 2747 1334 2824 humilitatis
1354 2758 1449 2823 sunt.
1467 2751 1514 2822 Et
1537 2749 1590 2822 in·

365 2858 430 2933 fra.
448 2862 604 2934 Sanctus
620 2861 717 2935 enim
734 2861 876 2937 Naboth
893 2863 986 2938 vites
1003 2885 1090 2937 suas
1105 2861 1164 2938 vel
1177 2863 1316 2961 proprio
1329 2885 1455 2938 cruore
1472 2862 1589 2938 defen·

364 2971 426 3046 dit.
444 2973 482 3046 Si
500 2973 561 3049 ille
573 2997 643 3048 non
662 2975 809 3050 tradidit
825 2976 968 3052 vineam
987 3001 1101 3066 suam,
1118 2999 1182 3051 nos
1199 2976 1382 3051 trademus
1394 2971 1588 3051 ¹ecclesiam

364 3085 512 3160 Christi.
529 3086 622 3176 Quid
639 3087 754 3184 igitur
770 3114 792 3162 a
809 3113 866 3164 me
884 3113 1094 3188 responsum
1111 3099 1166 3165 est
1183 3089 1473 3166 contumaciter?
1490 3088 1589 3164 Dixit

363 3210 571 3276 conventus.
585 3200 722 3284 Absits
738 3225 792 3278 me
808 3211 851 3277 ut
863 3191 1001 3278 tradam
1017 3202 1152 3281 Christi
1164 3202 1410 3288 hereditatem.
1422 3205 1504 3278 Non
1517 3211 1587 3276 tra·

362 3315 452 3390 didit
468 3314 609 3392 Naboth
626 3316 769 3392 vineam
788 3342 902 3407 suam,
918 3341 986 3415 ego
1002 3317 1297 3396 tradam-Christi
1322 3317 1587 3394 hereditatem?

231 3498 233 3502 ,
323 3511 326 3516 ,
364 3429 433 3504 Sed
449 3429 494 3505 ad
511 3429 578 3504 hoc
594 3429 723 3505 addidi.
739 3429 952 3507 Absitame
965 3441 1006 3508 ut
1018 3433 1159 3508 tradam
1171 3431 1407 3512 hereditatem
1425 3430 1588 3521 Dionisii,

363 3541 425 3640 qni
443 3541 479 3616 in
497 3542 603 3618 exilio
619 3569 727 3620 causa
746 3543 826 3622 fidei
844 3545 1037 3640 defunctus
1053 3553 1119 3636 est,
1135 3543 1370 3620 hereditatem
1397 3543 1585 3640 Eustorgii

363 3655 586 3746 confessoris,
598 3655 833 3733 hereditatem
847 3657 1303 3758 Miroclis‚atqueomnium
1319 3667 1413 3734 retro
1426 3657 1588 3733 fidelium

363 3769 619 3870 episcoporum,
636 3781 673 3847 et
689 3780 828 3849 caetera.

916 3964 1018 4050 CXX.

665 4168 760 4224 Idem
778 4169 811 4222 in
830 4169 970 4236 epistola
985 4169 1012 4222 1.
1033 4167 1078 4222 ad
1096 4169 1308 4223 corinthios·

459 4346 506 4418 Et
523 4369 586 4420 vos
604 4345 722 4444 inquit
736 4345 925 4447 Apostolus
942 4323 1056 4420 inflati
1074 4347 1172 4436 estis,
1181 4354 1217 4421 et
1228 4370 1297 4420 non
1316 4343 1433 4440 magis
1445 4342 1587 4418 luctum

362 4455 552 4544 habuistis.
566 4462 681 4538 Erant
697 4459 793 4536 enim
811 4469 846 4538 et
863 4459 930 4560 ipsi
949 4459 1152 4562 participes,
1160 4460 1243 4535 dum
1259 4467 1468 4560 paterentur
1485 4481 1586 4534 reum
