3654 5302
898 403 1097 466 -396-

384 523 462 622 pria
479 523 616 598 virtute
633 545 705 597 non
722 521 868 612 sufficit,
885 521 1093 598 rinocerotis
1111 519 1220 596 huius
1238 519 1331 598 idest
1352 521 1485 597 terreni
1511 522 1607 621 prin·

381 637 472 738 cipis
488 636 757 734 opitulationem
771 635 901 736 querit,
914 647 956 709 ut
971 637 1048 734 ipse
1064 635 1331 733 superiacentcs
1346 633 1472 730 glebas
1488 647 1608 710 coute-

382 761 438 826 rat
451 775 540 848 quas
553 750 723 826 aecclesiae
735 750 923 824 humilitas
931 750 1034 849 quasi
1048 739 1214 847 planities
1226 747 1378 822 vallium
1391 758 1517 846 portat.
1530 751 1605 822 Has

380 864 501 961 itaque
517 863 642 961 glebas
660 864 837 939 rinoceros
854 857 977 964 pedem
995 862 1126 960 premit
1139 872 1174 937 et
1187 863 1411 950 comminuit,
1424 861 1510 960 quia
1526 885 1606 959 pra·

382 1001 509 1052 vorum
527 977 795 1075 potentiumque
813 977 984 1052 duritiam
1002 978 1060 1053 cui
1078 977 1321 1054 ecclesiastica
1339 977 1527 1051 humilitas
1553 1001 1606 1052 re·

380 1090 508 1166 sistere
525 1113 595 1165 non
612 1089 720 1180 valet,
733 1089 943 1187 principalis
961 1091 1089 1188 religio
1105 1117 1150 1167 ex
1166 1098 1338 1189 potestate
1356 1090 1529 1166 dissolvit.
1546 1095 1607 1167 Se-

381 1205 514 1304 quitur.
531 1204 717 1302 Numquid
732 1203 879 1278 habebis
892 1205 1059 1280 fiduciam
1074 1206 1113 1279 in
1127 1229 1261 1302 magna
1273 1205 1484 1280 fortitudine
1497 1205 1604 1280 eius?

379 1329 416 1394 ot
432 1317 682 1416 derelinquens
699 1317 732 1392 ei
750 1315 886 1391 labores
907 1323 1016 1394 tuos?
1033 1321 1075 1392 In
1102 1318 1336 1394 rinocerontis
1360 1317 1549 1394 formidine
1567 1320 1608 1392 fi·

380 1430 523 1505 duciam
542 1429 715 1504 Dominus
732 1427 862 1505 habere
878 1455 917 1506 se
933 1432 1073 1519 asserit,
1087 1431 1172 1530 quia
1185 1431 1282 1507 vires
1300 1456 1389 1529 quas
1402 1431 1603 1530 temporali-

380 1554 435 1620 ter
448 1555 587 1620 terreuo
599 1544 752 1642 principi
766 1545 932 1634 contulit,
943 1545 988 1620 ad
1001 1546 1141 1621 cultum
1156 1573 1231 1622 suae
1243 1545 1444 1622 venationis
1457 1547 1609 1622 inclina·

380 1658 445 1733 vit.
464 1659 564 1745 Quod
581 1657 677 1732 enim
696 1657 735 1731 in
750 1657 881 1733 mundo
894 1658 975 1758 plus
992 1669 1106 1756 potest
1122 1682 1163 1734 eo
1179 1670 1243 1758 pro
1256 1659 1378 1734 mundi
1392 1660 1607 1735 auctoritate

380 1769 462 1868 plus
480 1771 659 1868 praevelet.
677 1775 722 1846 nt
740 1769 844 1846 iufra.
861 1771 959 1846 Bene
972 1781 1092 1847 autem
1108 1772 1283 1847 subditur.
1295 1775 1343 1847 Et
1356 1772 1608 1870 derelinquens

381 1884 415 1957 ei
432 1883 570 1958 labores
587 1893 677 1958 tuos,
695 1883 845 1958 Labores
861 1884 957 1958 enim
975 1908 1058 1960 suos
1074 1885 1160 1961 hinc
1179 1885 1418 1961 reuocerontis
1432 1885 1608 1961 Dominus

381 1996 589 2095 dereliquid,
602 1997 686 2094 quia
700 2021 872 2073 converso
883 2007 1025 2076 terreno
1038 1999 1191 2098 principi
1204 2025 1283 2075 eam
1297 2025 1404 2098 quam
1418 2026 1484 2074 sua
1494 2013 1607 2075 morte

386 2119 569 2185 mercatus
584 2117 638 2184 est
656 2109 855 2184 aeclesiam
873 2112 1033 2187 credidit.
1050 2113 1121 2200 Qui
1146 2112 1315 2188 videlicet
1330 2113 1369 2186 in
1394 2114 1472 2188 eius
1496 2139 1607 2188 manu

383 2234 518 2322 quanta
535 2223 775 2299 sollicitudine
792 2248 862 2322 pax
878 2226 959 2300 fidei
981 2226 1038 2330 sit.
1053 2227 1186 2301 tuenda
1211 2225 1400 2300 commisit.
1424 2226 1607 2324 Sequitur.

385 2336 572 2434 Numquid
589 2336 703 2412 credit
720 2337 753 2412 ai
771 2339 863 2435 quod
881 2339 1004 2414 reddat
1020 2348 1214 2415 sementem
1228 2339 1306 2428 tibi,
1319 2349 1354 2414 et
1366 2363 1486 2414 aream
1504 2349 1606 2414 tuam

381 2459 589 2546 congreget.
607 2451 739 2524 Semen
757 2450 852 2524 enim
870 2450 1019 2526 verbum
1039 2452 1114 2527 Dei.
1132 2459 1237 2542 Area,
1254 2452 1417 2541 ecclesia,
1442 2461 1478 2527 et
1501 2451 1606 2528 infra.

382 2567 477 2639 Ecce
502 2563 599 2638 enim
625 2563 727 2638 modo
751 2571 915 2639 terrenus
940 2565 1113 2663 princeps
1132 2590 1194 2663 pro
1218 2565 1381 2642 aecclesia
1405 2565 1505 2662 leges
1529 2589 1607 2666 pro·

384 2677 527 2774 mulget
553 2677 614 2776 qui
640 2677 775 2752 dudum
801 2677 839 2750 in
864 2678 966 2753 initio
991 2679 1173 2754 nascentis
1191 2677 1361 2754 ecclesie
1386 2689 1509 2754 contra
1527 2705 1605 2755 enm

380 2817 443 2890 per
467 2792 570 2865 varia
595 2801 773 2866 tormenta
803 2792 971 2868 seviebat.
1000 2796 1093 2870 Ecce
1124 2793 1301 2892 quaslibet
1325 2803 1453 2890 gentes
1478 2819 1606 2893 capere

381 2906 522 3003 poterit,
538 2905 583 2980 ad
600 2905 680 2979 fidoi
699 2905 781 2979 illas
797 2906 955 3002 gratiam
974 2907 1152 2982 suadendo
1165 2908 1369 3005 perducere,
1381 2908 1503 3005 eisque
1516 2919 1606 2984 eter-

379 3045 463 3093 nam
481 3020 595 3094 vitam
614 3019 750 3094 indicat
767 3019 897 3117 quibus
914 3019 1029 3118 captis
1046 3029 1255 3117 praesentem
1274 3029 1405 3093 servat.
1419 3020 1494 3095 Cur
1510 3020 1605 3097 hoc‘?

381 3133 475 3222 Quia
492 3131 660 3208 videlicet
677 3157 775 3208 nuuc
791 3159 910 3209 aream
926 3145 1136 3230 congregat,
1149 3158 1257 3232 quam
1271 3143 1313 3207 ut
1327 3133 1536 3232 praedictum
1549 3145 1604 3210 est

383 3247 575 3346 aliquando
594 3245 743 3345 superbo
759 3269 870 3322 cornu
888 3247 1125 3348 dispergendo
1141 3244 1349 3322 ventilabat.

877 3379 1096 3498 'uxuvun

478 3587 676 3683 Gregorius
694 3586 733 3659 in
751 3588 877 3661 XXXI
895 3586 985 3661 libro
1003 3585 1202 3676 moralium.
1219 3587 1373 3662 Necesse
1391 3593 1446 3660 est
1462 3594 1504 3660 ut
1519 3585 1606 3660 arti-

379 3700 499 3775 ficiosa
514 3699 650 3775 virtute
668 3699 848 3774 discamus
864 3700 1151 3776 adversariorum
1169 3725 1327 3799 pugnam
1343 3711 1380 3776 et
1396 3707 1604 3775 constanter

378 3814 569 3912 aliquando
586 3823 752 3911 appetere
773 3822 810 3888 et
835 3815 1030 3913 prudenter
1054 3815 1211 3914 aliquem
1237 3815 1427 3890 declinare.
1451 3817 1606 3890 Necesse

379 3930 508 4028 quippe
521 3939 575 4004 cst
592 3939 633 4002 ut
650 3953 711 4026 per
727 3951 850 4005 ornnes
866 3929 958 4027 quod
975 3929 1121 4025 agimus
1146 3927 1184 4002 in
1203 3928 1333 4003 mentis
1357 3926 1495 4001 trutina
1514 3927 1606 4026 posi·

378 4052 458 4117 tum
475 4042 561 4117 hinc
578 4042 715 4142 pondus
733 4041 835 4119 illinc
853 4043 1013 4119 fructum
1038 4044 1150 4119 nostri
1175 4041 1306 4118 laboris
1331 4041 1551 4131 estimcmus,
1568 4051 1607 4117 et

379 4181 462 4232 cum
473 4156 609 4254 pondus
622 4155 782 4231 fructum
797 4166 952 4255 superat,
965 4156 1102 4233 labores
1115 4157 1267 4255 quisque
1280 4155 1423 4230 innoxie
1436 4154 1605 4245 declinat,

380 4270 569 4345 dummodo
584 4295 622 4344 se
639 4269 676 4342 in
694 4269 776 4344 aliis
794 4281 968 4360 exerceat,
986 4271 1024 4344 in
1043 4271 1172 4369 quibus
1190 4269 1292 4344 lucro
1309 4271 1495 4344 fructuum
1520 4291 1606 4366 pon·

380 4384 447 4459 dus
460 4382 590 4459 laboris
602 4383 736 4460 vincat.
751 4384 844 4461 Cum
858 4407 943 4459 vero
955 4383 1185 4482 subsequenti
1204 4383 1405 4482 quantitate
1418 4381 1606 4457 fructuum

381 4523 549 4600 mensura
566 4497 696 4576 laboris
712 4507 777 4574 aut
794 4507 947 4600 equatur
957 4507 1024 4594 „aut
1038 4497 1199 4574 vincitur
1211 4496 1309 4574 labor
1321 4519 1391 4572 non
1405 4495 1484 4571 sine
1496 4493 1605 4593 gravi
