3618 5316
726 413 924 478 -339-

212 533 274 632 qui
288 533 477 610 meliorum
492 534 737 611 cardinalium
751 535 925 610 electione
937 533 1210 626 intervenerint,
1218 542 1254 611 et
1266 557 1336 610 non
1350 559 1434 634 que·

213 672 289 721 ram
309 647 348 721 in
365 647 485 746 aliquo
502 647 665 724 minuere
680 647 771 722 bona
789 648 992 746 patrimonii
1012 649 1106 726 beati
1124 649 1221 726 Petri
1237 673 1353 748 neque
1369 648 1432 722 ali·

212 785 283 859 qua
296 761 378 837 inda
394 761 527 858 absque
543 771 635 835 nutu
647 761 775 836 Domni
789 761 894 860 Papae
911 763 970 837 vel
987 763 1151 838 fidelibus
1167 763 1338 838 ordinatis
1355 763 1433 838 eius

213 875 481 951 investitionem
499 875 558 952 vel
578 875 788 952 locationem
809 875 919 951 alicui
944 875 1219 975 faciamusque
1243 875 1363 974 aliquo
1379 875 1433 950 in·

216 987 360 1064 veniam
378 987 495 1063 studio
512 1012 596 1064 oum
613 986 735 1086 aliquo
752 987 1009 1065 homineintra
1033 989 1094 1066 vel
1118 1000 1218 1067 extra
1243 991 1431 1089 praefatum

127 1123 130 1130 ·
214 1099 469 1198 patrimonium
487 1100 640 1176 faciendi
657 1100 716 1176 vel
733 1101 926 1200 recipiendi
952 1113 1229 1193 sacramentum,
1247 1113 1311 1179 aut
1335 1103 1434 1180 inve-

212 1213 334 1290 niendi
352 1213 545 1289 divisiones
562 1237 642 1313 quea
666 1213 787 1312 aliquo
813 1215 911 1290 modo
928 1217 1095 1290 Romanae
1112 1214 1283 1293 ecclesie
1306 1215 1434 1306 obsint,

213 1337 329 1424 neque
345 1350 407 1424 per
426 1350 481 1402 ma
497 1351 612 1425 neque
629 1331 692 1424 per
715 1326 934 1428 suppositam
952 1349 1138 1426 personam
1156 1329 1304 1405 studebo
1320 1327 1434 1428 quali-

214 1463 369 1538 cumque
383 1439 483 1516 modo
496 1440 663 1516 reddendi
678 1440 811 1514 malum
827 1441 1079 1530 meritum,aut
1095 1441 1250 1518 faciendi
1263 1442 1434 1516 damnum

215 1553 365 1628 cuilibet
381 1553 425 1628 de
440 1552 603 1630 fidelibus
621 1562 754 1629 sanotae
772 1558 938 1630 Romanae
955 1552 1137 1642 ecclesia,
1153 1554 1197 1630 de
1220 1553 1278 1627 his
1294 1577 1374 1652 quae
1390 1553 1435 1628 ad

214 1665 420 1742 fidelitatem
446 1665 525 1742 eius
549 1675 705 1763 egerunt
728 1666 787 1741 vel
805 1677 932 1764 agent.
950 1665 989 1741 Si
1014 1691 1071 1742 me
1088 1668 1186 1743 Deus
1211 1667 1383 1742 adiuvent
1399 1677 1435 1741 et

214 1777 293 1853 haec
310 1787 436 1853 sancta
460 1779 662 1874 evangelia.
679 1779 778 1868 Quod
805 1779 835 1853 si
861 1788 985 1855 contra
1005 1779 1082 1854 haeo
1099 1779 1218 1854 omnia
1234 1778 1293 1854 vel
1311 1787 1436 1854 contra

217 1891 352 1990 aliquid
370 1891 499 1966 horum
517 1891 708 1990 aliquando
724 1893 853 1969 fecisse
869 1901 1062 1968 accusatus
1083 1892 1194 1982 fuero,
1210 1902 1248 1967 et
1263 1891 1365 1966 iuxta
1381 1891 1436 1966 iu·

218 2004 353 2082 dicium
363 2005 491 2079 Domni
501 2009 607 2103 Papae
619 2005 679 2082 vel
695 2008 774 2082 eius
791 2005 904 2102 legati
921 2030 979 2081 me
996 2004 1079 2084 inde
1095 2027 1167 2079 non
1184 2013 1303 2103 potero
1317 2005 1437 2080 defen·

213 2117 308 2208 dere,
324 2117 384 2194 vel
413 2118 569 2210 noluero,
586 2143 670 2194 cum
696 2119 778 2195 inde
803 2119 905 2194 fuero
928 2117 1190 2216 interpellatus,
1206 2117 1245 2191 in
1269 2117 1435 2218 prasenti

212 2230 492 2328 procurationem
510 2231 643 2330 absque
659 2231 780 2318 omnia
801 2231 1077 2308 controversiam
1095 2231 1285 2322 dimittam,
1302 2242 1337 2307 et
1355 2253 1432 2330 per-

211 2343 295 2418 iurii
312 2351 452 2420 reatum
469 2343 680 2420 omnimodis
695 2344 851 2422 iudicem
868 2344 1075 2422 incurrisse.

758 2571 876 2657 olvl.

310 2799 389 2893 Ego
408 2794 582 2871 Robertus
599 2796 665 2872 Dei
682 2794 802 2893 gratia
822 2804 858 2871 et
875 2795 1000 2871 Sancti
1018 2793 1115 2871 Patri
1134 2798 1218 2872 Dux
1233 2795 1374 2896 Apulia
1399 2803 1435 2872 et

216 2909 401 3001 Calabriae,
413 2919 450 2985 et
463 2919 612 3008 utroque
625 2909 813 2985 subvenite
826 2909 973 2984 iuturus
987 2909 1131 3000 Sicilia,
1143 2910 1188 2988 ad
1201 2911 1438 2986 confirmatio-

215 3047 297 3098 nem
314 3023 529 3116 traditionis,
541 3034 577 3099 et
594 3023 639 3098 ad
657 3022 938 3120 recognitionem
955 3023 1149 3114 fidelitatis,
1165 3023 1208 3100 de
1226 3023 1323 3098 omni
1340 3033 1437 3100 tarra

216 3160 322 3233 qnam
340 3161 408 3233 ego
424 3136 574 3235 propriae
592 3137 660 3211 sub
677 3136 831 3211 dominio
848 3147 935 3225 meo',
951 3144 989 3211 ct
1012 3159 1120 3234 quam
1138 3136 1256 3212 adhuc
1271 3135 1367 3210 nulli
1383 3136 1437 3209 nl-

217 3253 524 3324 tramontanorum
542 3249 593 3323 ita
611 3250 787 3325 concessit
803 3257 845 3324 ut
869 3257 1001 3338 teneat,
1017 3249 1183 3346 promitto
1200 3273 1257 3325 me
1274 3249 1437 3323 annuali-

216 3373 273 3436 ter
289 3385 352 3461 pro
375 3386 588 3462 unoquoque
613 3365 701 3459 iugo
722 3363 840 3452 boum,
857 3363 1062 3460 pensionem
1080 3363 1152 3436 XII
1169 3361 1308 3438 scilicet
1332 3363 1437 3436 dena-

217 3473 297 3549 rior.
313 3475 493 3573 papiensis
518 3484 669 3550 monetae
685 3475 950 3572 persolutarum
975 3475 1078 3550 beato
1096 3477 1202 3550 Petro
1225 3483 1262 3550 et
1286 3475 1351 3550 tibi
1368 3478 1437 3550 Do-

215 3587 311 3661 mino
336 3609 413 3663 meo
428 3587 591 3686 Nycolao
608 3590 714 3685 Papae
738 3595 773 3663 et
789 3587 955 3662 omnibns
980 3587 1246 3663 successoribus
1270 3587 1355 3676 tuis,
1371 3597 1436 3664 aut

213 3699 288 3774 tuis
304 3711 368 3774 aut
384 3708 529 3774 tuorum
546 3723 792 3776 successorum
809 3699 959 3776 nuntiis.
972 3699 1091 3774 Huius
1111 3708 1232 3775 autem
1251 3699 1436 3798 pensiona-

215 3812 277 3887 riae
294 3811 500 3888 redditionis
517 3812 586 3888 erit
602 3814 842 3911 sempiternus
854 3813 955 3888 finito
967 3837 1106 3912 quoque
1119 3835 1213 3888 anno
1226 3822 1360 3888 sanotae
1369 3815 1435 3890 Re-

215 3924 447 3999 surrectionis
471 3924 546 4000 dies
571 3923 780 4000 dominicus.
802 3925 878 4001 Sub
900 3925 970 4001 hac
994 3949 1079 4001 vero
1103 3924 1310 4002 condicione
1325 3925 1436 4001 huius

216 4035 446 4134 persolvenda
459 4035 649 4135 pensionis,
661 4037 782 4134 obligo
799 4063 865 4127 me,
882 4049 918 4114 et
934 4061 1057 4113 omnes
1074 4061 1170 4113 meos
1182 4038 1260 4114 sivo
1273 4037 1432 4130 herodas,

216 4147 293 4222 sive
311 4171 534 4224 successores
558 4148 623 4223 tibi
642 4149 792 4224 Domino
809 4174 887 4226 meo
902 4155 936 4226 N
937 4151 1065 4250 ycolao
1082 4155 1187 4250 Papa
1203 4161 1240 4227 et
1256 4175 1437 4228 successo·

217 4259 316 4335 ribus
332 4260 416 4336 tuis.
433 4261 471 4336 Si
489 4285 546 4336 me
564 4263 661 4336 Dens
677 4263 835 4355 adiuvet,
852 4275 889 4339 ot
903 4263 981 4340 baeo
998 4273 1123 4339 sancta
1141 4265 1353 4361 Evangelia.
