3642 5294
710 433 747 444 -
776 398 886 460 53..

185 524 307 598 carius
326 523 543 622 ¹Apostoliere
568 520 671 596 Sedis
696 523 815 594 Romae
840 517 984 614 legatus
1008 497 1182 592 deliniens
1206 500 1415 618 subscripsi..

185 637 392 712 Theodorus
413 635 657 712 misericordia
677 633 743 708 Dei
766 631 963 729 Episcopus
988 630 1148 706 civitatis
1169 629 1413 720 Tremituntae,

181 752 313 826 insula
330 751 440 848 Cipri,
457 760 494 825 et
510 750 627 825 locum
645 771 776 845 gerens
789 743 1232 849 Epifanii·Archiepiscopi
1249 743 1410 818 eiusdem

181 865 310 940 insulse
328 863 442 966 Cypri
459 862 632 939 definiens
649 859 855 956 subscripsi.
874 857 1076 956 Theodorus
1093 856 1242 931 humilis
1259 857 1412 956 Presby-

181 987 236 1052 ter
252 987 388 1053 sancta
406 975 626 1074 Rauennatis
644 974 828 1062 Ecclesia,
845 973 963 1048 locum
986 995 1118 1067 gerens
1135 970 1331 1046 beatissimi
1345 975 1411 1044 Ar·

180 1090 399 1188 ohiepiseopi
425 1088 630 1188 subscripsi.
652 1087 828 1162 Iohannes
853 1085 1027 1181 indignus
1043 1093 1177 1160 sanctae
1202 1085 1409 1159 Portuensis

181 1205 354 1280 Ecclesiae
372 1205 578 1302 Episcopus,
594 1207 753 1298 Legatos
766 1199 876 1274 totius
889 1197 1043 1273 Consilii
1056 1207 1190 1272 sanetae
1204 1197 1305 1272 Sedis
1320 1203 1410 1295 Apo·

179 1319 315 1394 stolicae
332 1318 442 1394 Urbis
458 1321 577 1392 Romae
593 1315 766 1392 definiens
783 1311 988 1408 subscripsi.
1006 1313 1183 1407 Stepanus
1211 1309 1408 1412 misericor-

179 1431 237 1505 dia
255 1431 322 1505 Dei
341 1432 538 1532 Episcopus
555 1429 730 1517 Corinthi,
746 1437 783 1503 et
799 1426 944 1526 legatus
961 1423 1172 1522 Apostolieae
1190 1423 1293 1497 Sedis
1317 1423 1409 1498 anti-

180 1569 260 1642 quae
277 1549 397 1620 Romae
413 1545 587 1620 definiens
600 1541 805 1640 subscripsi.
817 1537 975 1614 Basilius
989 1537 1232 1613 misericordia
1245 1537 1311 1612 Dei
1325 1537 1407 1636 Epi·

180 1681 309 1756 scopus
334 1667 371 1733 et
395 1657 690 1756 metropolitanus
707 1652 866 1731 civitatis
892 1653 1052 1727 Gortinae
1077 1651 1205 1726 insulse
1230 1651 1347 1726 Cretae
1371 1661 1407 1725 et

178 1768 323 1864 legatus
331 1769 442 1842 totins
456 1768 608 1844 Concilii
622 1766 834 1865 Apostolicae
844 1766 1052 1864 principalis
1066 1767 1159 1841 sedis
1172 1766 1330 1865 antiquae
1343 1771 1407 1841 Ro·

178 1908 244 1956 mre
261 1881 436 1957 definiens
453 1882 658 1980 subscripsi.
673 1879 927 1954 Abundantius
944 1879 1096 1952 humilis
1114 1881 1310 1976 Episcopus
1327 1904 1407 1952 san-

178 2005 246 2068 ctae
270 1993 433 2068 eeclesiae
454 1995 615 2096 civitatis
632 1997 851 2096 Tempsanae,
869 1993 1014 2088 legatus
1032 1993 1140 2068 totius
1159 1992 1312 2068 Concilii
1326 2018 1406 2067 san·

179 2115 235 2180 ote
253 2106 356 2181 Sedis
375 2107 585 2204 Apostolicre
602 2106 709 2182 Urbis
726 2109 845 2210 Romre
863 2107 1035 2182 definiens
1052 2107 1258 2206 subscripsi.
1280 2106 1406 2181 Iohan-

177 2243 242 2293 nes
254 2219 430 2322 indignus
443 2219 639 2318 Episcopus
653 2219 814 2295 ecelesia
827 2220 1025 2323 Regitanae,
1038 2221 1182 2317 legatus
1195 2221 1305 2295 totius
1315 2221 1404 2295 Con-

176 2331 264 2420 cilii,
277 2341 411 2407 sancta
425 2333 526 2407 Sedis
539 2331 740 2430 Apostoliee
753 2332 860 2408 Urbis
873 2335 992 2407 Romae
1008 2332 1181 2408 definiens
1198 2333 1403 2430 subscripsi.

176 2449 223 2520 Et
239 2445 401 2544 posthoc
417 2447 707 2545 subscripserunt
725 2445 853 2544 reliqui
872 2445 1047 2542 Episcopi.

701 2673 881 2758 XXXIIII.

270 2910 363 2984 Cum
383 2909 513 2982 Arrius
529 2909 663 2984 divisor
680 2919 786 3007 atque
805 2907 955 3004 partitor
972 2903 1162 2980 Trinitatis
1187 2905 1400 2982 insurrexis-

177 3031 244 3110 set,
259 3021 430 3097 oontinuo
444 3021 702 3097 Constantinus
715 3046 854 3120 semper
867 3026 1070 3116 Augustus,
1087 3029 1123 3096 et
1140 3019 1315 3107 silvester
1327 3019 1403 3094 lau·

173 3133 316 3224 dabilis,
334 3159 504 3230 magnam
518 3143 625 3232 atque
638 3133 851 3210 laudabilem
865 3129 971 3232 atque
985 3133 1165 3230 insignem
1180 3143 1305 3209 contra
1317 3159 1399 3209 eum

173 3248 352 3324 Nicenam
370 3250 548 3347 synodum
565 3249 814 3346 congregavit.

202 3367 204 3372 ’
271 3365 316 3437 II.
334 3364 427 3438 Cum
445 3385 530 3438 vero
547 3364 777 3452 Macedonius
795 3362 952 3461 Spiritus
970 3362 1086 3438 sancti
1104 3363 1255 3460 negarit
1271 3362 1401 3437 divini·

171 3483 296 3563 tatem,
313 3485 349 3550 et
367 3475 596 3551 damnantem
615 3501 759 3551 servum
778 3477 998 3590 praedicaret,
1012 3477 1190 3552 maximus
1207 3478 1400 3576 imperator

171 3589 408 3678 Theodoxius,
426 3599 462 3665 et
485 3593 660 3666 Damasus
678 3592 759 3666 fidei
776 3591 931 3680 adamas,
948 3592 1054 3669 euius
1070 3591 1219 3668 solidam
1242 3602 1399 3668 mentem

170 3703 425 3799 aggressiones
442 3713 550 3802 atque
568 3704 756 3780 conflictus
773 3705 974 3781 alienarum
993 3715 1174 3783 sectarum
1191 3706 1400 3783 nullatenus

170 3815 393 3890 sauciarunt.
410 3817 659 3916 Georgiusque
676 3827 713 3893 et
728 3819 922 3894 Nectarius
935 3819 974 3894 in
990 3819 1060 3895 hac
1073 3820 1175 3916 regia
1189 3819 1277 3896 urbe
1290 3820 1399 3896 sacri-

170 3927 292 4024 legam
310 3927 389 4003 eius
405 3927 572 4024 linguam
590 3955 612 4003 a
629 3930 826 4008 sacerdotio
843 3931 1082 4007 absciderunt.

265 4043 327 4114 III.
345 4050 393 4116 At
410 4068 494 4118 enm
512 4045 700 4120 Nestorius
717 4045 902 4120 Christum
927 4046 1103 4120 divideret
1127 4055 1163 4121 et
1187 4046 1395 4144 partiretur,

170 4153 377 4229 Celestinus
401 4165 437 4230 et
462 4156 611 4232 Cirillns
636 4181 723 4233 cum¹
746 4160 896 4235 Domino
920 4157 1395 4258 conspirantesdivisorem

169 4267 366 4342 eiecerunt.
383 4271 460 4345 Hoc
477 4271 638 4368 Ephesus
655 4281 691 4346 et
706 4271 838 4348 ibidem
851 4283 1037 4370 gestorum
1049 4273 1172 4350 tabule
1185 4299 1248 4374 per
1260 4275 1395 4351 littera·

170 4379 260 4452 riam
278 4398 404 4455 vocem
422 4381 507 4456 dum
524 4382 657 4459 sileant
671 4410 800 4461 causas
817 4387 912 4484 ipsas
928 4387 1136 4486 loquuntur.

268 4495 348 4567 IIII.
366 4495 501 4570 Deinde
519 4497 719 4573 Euthicetis
732 4498 873 4573 insania
886 4499 1060 4578 delirante
1072 4499 1221 4578 alteram
1235 4501 1394 4577 fabulam
