3638 5294
886 399 1016 464 -480
1043 435 1082 452 -

372 520 588 618 regulariter
605 521 824 598 examinatos
841 530 950 598 testes
967 523 1241 600 convincantur.
1260 525 1400 601 Absens
1416 547 1520 602 nemo
1540 523 1596 600 iu·

371 635 519 710 dicetur.
535 636 687 710 Nullum
705 637 883 712 sententia
899 647 983 712 ante
1008 661 1072 712 suo
1097 637 1214 715 iudice
1239 639 1335 714 dicta
1359 640 1595 736 constringat

372 747 564 822 Duodecim
582 749 719 826 iudices
736 750 933 848 Episcopus
949 761 1143 826 accusatus
1167 751 1197 825 si
1224 776 1370 827 neeesse
1393 761 1448 826 est
1472 751 1595 846 eligat

261 876 268 889 “
372 861 428 934 Ad
448 883 594 936 suorum
619 862 733 961 primo
756 871 974 937 conventum
1001 865 1255 962 Episcoporum
1281 890 1391 939 causa
1415 865 1595 953 audiatur,

373 973 455 1047 finis
472 997 556 1049 vero
573 975 650 1049 eius
667 999 785 1050 causae
796 975 841 1049 ad
854 975 979 1050 Sedem
995 977 1236 1074 Apostolioam
1248 977 1439 1054 deferatur.
1452 975 1595 1052 Iudices

373 1089 589 1163 conveniant
606 1089 666 1163 ubi
684 1099 770 1164 sunt
786 1098 895 1164 testes
911 1089 1137 1185 singulorum
1156 1091 1218 1188 qui
1234 1089 1392 1188 oppressi
1409 1099 1504 1165 sunt.
1527 1091 1595 1165 (la-

373 1199 489 1275 listus.
506 1203 547 1274 In
565 1203 792 1278 accusatione
810 1203 1031 1277 sacerdotum
1050 1228 1120 1278 non
1138 1205 1370 1302 recipiantur,
1387 1214 1423 1278 et
1440 1204 1479 1276 iu
1500 1203 1599 1278 testi-

374 1314 490 1388 monio
507 1315 605 1389 dubii
623 1315 832 1404 habeantur,
849 1339 1000 1413 qnorum
1018 1315 1115 1406 fides,
1127 1317 1203 1390 vita
1217 1325 1254 1391 et
1266 1316 1411 1390 libertas
1424 1315 1598 1390 nescitur.

374 1427 443 1500 Per
458 1447 723 1525 quamcumque
745 1429 960 1525 scripturam
986 1428 1230 1503 testimonium
1255 1435 1365 1504 testes
1389 1450 1458 1501 non
1484 1427 1566 1525 prol
1584 1467 1599 1481 ·

377 1549 470 1626 rant,
487 1563 554 1614 nec
571 1540 613 1615 de
629 1541 710 1614 aliis
728 1541 848 1616 causis
864 1541 1110 1616 testimonium
1128 1541 1259 1628 dicant,
1276 1541 1346 1613 nisi
1364 1541 1407 1615 de
1419 1541 1450 1612 is
1463 1564 1544 1638 quae
1557 1539 1596 1610 in

376 1653 564 1750 praesentia
581 1676 702 1728 eorum
721 1665 802 1730 acte
818 1678 894 1729 esse
913 1664 1120 1730 noscuntur.
1139 1653 1368 1730 Accusatoris
1380 1653 1598 1748 consangui-

376 1765 434 1840 nei
451 1767 625 1841 adversus
641 1778 828 1843 extraneos
844 1767 1089 1843 testimoninm
1105 1790 1174 1841 non
1196 1765 1331 1853 dicant,
1356 1789 1423 1840 nec
1448 1763 1601 1838 familia-

376 1901 443 1956 res,
460 1877 519 1952 vel
535 1877 578 1953 de
595 1878 696 1953 domo
713 1880 935 1977 prodeuntes,
951 1905 1018 1956 nec
1034 1889 1260 1956 accusatores
1277 1879 1335 1955 vel
1351 1889 1462 1954 testes
1480 1903 1601 1976 suspe-

361 1989 424 2065 ¹oti
450 1991 678 2091 recipiantur.
695 1993 886 2068 Fabianus.
907 1994 978 2081 Qui
994 2017 1065 2069 non
1078 1995 1285 2095 probaverit
1302 1995 1394 2092 quod
1420 1994 1598 2068 obiectam

376 2127 514 2202 penam,
532 2129 638 2203 quam
657 2106 782 2181 intulit
798 2108 874 2206 ipse
890 2107 1058 2204 patiatur.
1076 2110 1115 2182 Si
1131 2109 1212 2207 quis
1233 2109 1388 2185 iudicem
1406 2109 1600 2184 adversum

376 2216 444 2290 sibi
458 2219 621 2309 senserit,
631 2243 754 2296 vocem
764 2219 1194 2318 appellationisenhibeat.
1207 2222 1377 2296 Pulsatus
1389 2233 1473 2297 aute
1486 2245 1596 2296 suum

376 2328 532 2408 iudicem
550 2357 697 2409 cansam
714 2333 820 2410 dicat.
839 2339 1041 2409 Accusatus
1056 2360 1127 2411 non
1144 2335 1231 2410 alibi
1248 2361 1356 2434 quam
1374 2337 1413 2408 in
1437 2336 1512 2410 foro
1535 2358 1601 2408 sno

376 2443 556 2519 audiatur.
578 2445 775 2542 Peregrina
796 2445 929 2521 iudicia
954 2447 1055 2521 salva
1079 2447 1117 2520 in
1142 2448 1307 2522 omnibus
1330 2447 1521 2545 apostolica
1538 2471 1602 2520 an·

377 2557 541 2634 ctoritate
558 2559 798 2656 prohibemus,
812 2559 896 2656 quia
909 2559 1098 2656 indignum
1114 2569 1169 2634 est
1182 2569 1223 2634 ut
1235 2559 1279 2634 ab
1292 2559 1449 2635 externis
1466 2558 1600 2634 iudice·

376 2680 449 2759 tur,
466 2672 528 2770 qui
547 2673 783 2772 provinciales
800 2682 837 2748 et
852 2698 873 2746 a
887 2697 924 2748 se
945 2672 1075 2748 electos
1094 2672 1231 2748 iudices
1247 2671 1350 2747 dabat
1370 2672 1510 2758 habere,
1528 2670 1600 2745 nisi

376 2783 488 2859 fuerit
500 2785 728 2884 appellatum.
741 2784 936 2861 Cornelius.
945 2784 1078 2858 Nullus
1089 2785 1313 2860 sacerdotum
1330 2808 1477 2859 eausam
1494 2807 1598 2858 suam

379 2895 496 2972 alieno
513 2897 706 2973 committit
723 2897 864 2986 iudicio,
881 2896 952 2970 nisi
969 2897 1013 2970 ad
1030 2897 1149 2972 sedem
1167 2895 1406 2995 Apostolicam
1420 2896 1531 2970 fuerit
1542 2921 1601 2995 ap

379 3009 563 3106 pellatum.
589 3008 802 3106 Stephanus.
823 3008 998 3103 Neganda
1014 3019 1069 3084 est
1086 3009 1297 3096 criminatis,
1314 3009 1461 3084 licentia
1474 3009 1593 3084 crirni-

377 3123 487 3196 nandi
516 3123 725 3221 priusquam
751 3145 789 3196 se
813 3120 965 3196 crimine
989 3143 1058 3218 quo
1083 3129 1297 3218 premuntur
1325 3121 1477 3195 exuerit.
1502 3119 1595 3193 Infa-

379 3260 456 3310 mes
473 3261 533 3311 aas
548 3258 715 3333 personas
741 3233 905 3321 dicimus,
923 3257 992 3330 qua
1010 3242 1145 3307 statuta
1166 3232 1423 3308 ecclesiastica
1447 3243 1602 3307 oontem-

377 3359 505 3449 pnunt,
514 3350 624 3438 fures,
636 3347 843 3442 sacrilegos,
852 3345 1066 3443 capitalibus
1079 3345 1292 3421 criminibus
1305 3345 1471 3432 irretitos,
1484 3345 1600 3441 sepul·

379 3462 545 3536 ebrorum
560 3461 759 3548 violatores,
772 3459 833 3557 qui
846 3459 1019 3533 adversus
1032 3466 1150 3554 patres
1162 3465 1359 3546 armantur,
1373 3456 1602 3544 incestuosos,

379 3573 586 3663 homicides,
595 3573 766 3671 periuros,
779 3580 946 3669 raptores,
958 3569 1147 3660 maleficos,
1160 3569 1347 3659 veneficos,
1357 3569 1547 3657 adulteros,
1559 3569 1603 3644 de

376 3684 468 3760 bello
485 3685 678 3780 fugientes,
695 3691 731 3758 et
747 3681 810 3780 qui
826 3681 977 3778 indigua
993 3682 1061 3756 sibi
1074 3691 1201 3779 petunt
1215 3681 1291 3757 loca
1305 3692 1437 3771 tenere,
1449 3691 1486 3756 et
1498 3693 1540 3755 ut
1552 3681 1605 3754 fa-

379 3796 533 3873 cultates
551 3796 722 3872 aecclesiae
738 3793 963 3882 abstrahunt,
979 3804 1016 3871 et
1040 3795 1102 3893 qui
1127 3795 1256 3870 fratres
1280 3803 1464 3882 accusant,
1481 3801 1518 3868 et
1532 3816 1605 3868 non

379 3911 538 4011 probant,
548 3920 584 3986 et
596 3933 718 3986 omnes
731 3932 793 4008 pro
806 3907 881 3982 suis
890 3907 1086 3983 sceleribus
1097 3908 1143 3981 ab
1155 3907 1316 3983 aecclesia
1329 3903 1460 4006 pulsoS,
1472 3915 1605 4003 etquos

379 4023 632 4098 ecclesiastice
648 4033 684 4098 et
701 4021 825 4097 saeculi
841 4021 942 4117 leges
958 4021 1110 4095 infames
1127 4019 1370 4117 pronuntiant,
1387 4018 1451 4093 hos
1467 4041 1539 4124 non
1552 4040 1606 4090 or·

379 4135 481 4210 dines
497 4159 564 4210 nec
583 4158 705 4210 servos
722 4143 804 4209 ante
822 4133 1034 4222 libertatem,
1050 4157 1117 4209 nec
1134 4133 1307 4230 digamos
1325 4131 1383 4206 vel
1405 4133 1468 4230 qui
1493 4133 1605 4206 curiae

379 4247 553 4335 serviunt,
571 4247 630 4320 vel
647 4247 708 4344 qui
727 4269 797 4319 non
815 4255 900 4318 sunt
917 4245 1052 4342 integri
1066 4269 1219 4343 corpore,
1235 4257 1298 4319 aut
1311 4269 1433 4318 sonam
1452 4267 1524 4318 non
1541 4243 1603 4316 ha-

378 4360 464 4434 bent
481 4368 647 4448 mentem,
664 4359 723 4433 vel
738 4357 1030 4454 intelligentiam,
1047 4367 1111 4432 aut
1131 4357 1371 4432 inobedientes
1396 4367 1603 4431 sanctorum

379 4470 530 4546 decretis
542 4470 714 4562 existunt,
726 4481 792 4546 aut
803 4469 930 4546 furiosi
944 4469 1231 4546 manifestantur.
1243 4468 1500 4545 Accusationcs
1513 4493 1603 4566 quas
