3646 5292
717 422 913 488 -259-

204 541 352 615 forsitan
371 551 435 616 aut
451 541 594 618 clericis
608 542 736 618 horum
755 545 902 634 meritis,
919 553 983 620 aut
1001 545 1224 620 monasteriis
1238 544 1425 643 religionis

203 655 353 744 intuitu,
368 665 432 730 aut
449 667 544 734 certe
561 658 773 756 peregrinis,
791 657 822 732 si
836 659 1031 735 necessitas
1044 658 1170 758 largiri
1185 660 1349 736 suaserit.
1363 659 1424 734 Sic

203 778 335 860 tamen,
352 780 394 845 ut
409 771 486 847 hoec
504 773 580 872 ipsa
597 796 667 848 non
684 784 863 874 perpetuo,
880 772 939 849 sed
958 773 1200 872 temporaliter
1220 773 1383 850 habeant.

763 969 867 1062 XLV.

338 1179 421 1231 Item
442 1181 625 1246 symachus
642 1185 675 1234 in
693 1195 762 1249 syn.
782 1183 1018 1249 Episcoporum
1039 1183 1088 1236 CC
1107 1184 1137 1235 X
1155 1183 1190 1236 et
1208 1184 1293 1236 VIII.

300 1341 452 1416 Provida
465 1345 643 1419 sententia
656 1345 820 1420 enervari
834 1367 905 1419 non
918 1345 1097 1435 convenit,
1110 1353 1146 1420 et
1158 1345 1196 1418 in
1211 1344 1354 1420 irritum
1368 1345 1424 1420 de·

202 1450 297 1542 duci,
313 1478 358 1529 ne
376 1455 413 1528 in
431 1457 632 1555 exemplum
659 1469 842 1535 remaneat
867 1459 1115 1557 praesumendi,
1136 1483 1181 1534 ne
1207 1458 1425 1558 quibuslibet

203 1565 317 1656 111111,
331 1569 496 1666 quamvis
510 1571 688 1668 religiosis
701 1571 760 1649 vel
772 1573 974 1672 potentibus
988 1574 1025 1647 in
1039 1597 1264 1672 quacumque
1278 1573 1424 1648 civitate

203 1680 358 1778 quolibet
374 1685 475 1758 modo
492 1683 600 1760 liceat
616 1685 753 1784 aliquid
770 1688 959 1764 decernere
977 1688 1021 1764 de
1038 1686 1296 1764 ecclesiasticis
1312 1684 1426 1761 facul-

202 1795 347 1886 tatibus,
364 1821 516 1895 quarum
531 1799 615 1874 solis
628 1800 870 1876 sacerdotibus
884 1801 1091 1900 disponendi
1106 1800 1305 1876 indiscusse
1318 1825 1339 1874 a
1352 1801 1425 1876 Deo

202 1935 290 1986 cura
307 1912 495 1988 commissa
508 1913 660 1990 docetur.
677 1915 843 1990 Eulalius
857 1915 1097 1992 Siracusauus
1109 1917 1306 2014 Episcopus
1323 1914 1425 1988 dixit.

203 2025 319 2100 Laicis
337 2027 502 2124 quamvis
527 2027 706 2125 religiosis
727 2028 828 2104 nulla
845 2029 887 2104 de
912 2028 1166 2104 ecclesiasticis
1192 2027 1426 2105 facultatibus

202 2149 244 2214 ut
255 2141 307 2214 ait
320 2151 460 2240 martyr
472 2153 508 2217 et
521 2144 686 2219 Pontifex
699 2143 901 2243 Stephanus
914 2143 1050 2242 aliquid
1064 2143 1271 2241 disponendi
1288 2141 1426 2238 legitur

204 2279 353 2352 usquam
373 2256 546 2331 attributa
563 2257 727 2332 facultas.

752 2451 874 2536 XLVI.

466 2657 516 2709 Ex
534 2657 668 2710 coneilio
687 2657 835 2722 Gregorii
853 2657 868 2708 I
887 2659 988 2720 Papae
1008 2667 1081 2722 asp.
1102 2655 1157 2708 III.

222 2877 227 2883 -
299 2828 526 2904 Consuetudo
542 2851 635 2902 nora
652 2828 689 2902 in
707 2828 774 2904 hac
792 2825 939 2903 ecclesia
960 2839 996 2902 et
1013 2827 1116 2902 valde
1136 2826 1424 2926 reprehensibilis

202 2942 321 3040 erupit
333 2951 374 3016 ut
387 2967 471 3017 cum
484 2951 639 3017 rectores
652 2942 730 3016 eius
743 2941 948 3040 patrimonii
962 2942 1100 3016 urbana
1113 2940 1172 3016 vel
1186 2941 1321 3017 rustica
1339 2964 1425 3039 prte-

157 3139 160 3145 .
202 3055 260 3129 dia
278 3055 355 3130 11111
373 3055 445 3128 11111
467 3057 689 3130 committere
707 3055 948 3154 suspicantur,
965 3055 1077 3130 fiscali
1101 3078 1196 3130 more
1214 3054 1337 3130 titulos
1360 3054 1425 3130 im·

202 3170 360 3268 primant
376 3178 483 3268 atque
499 3169 564 3244 hoc
582 3170 674 3268 quod
694 3180 892 3270 competere
910 3171 1123 3271 pauperibus
1147 3169 1329 3262 estimant,
1353 3193 1423 3245 non

51 3254 69 3396 ⁴·
123 3343 127 3348 .
203 3281 334 3357 iudicio
351 3281 411 3356 sed
429 3282 594 3356 manibus
611 3282 812 3358 defendant.
830 3287 975 3360 Etcum
994 3307 1057 3382 per
1074 3283 1320 3382 predicatores
1341 3307 1425 3359 suos

202 3395 336 3470 veritas
353 3394 458 3484 dicat,
475 3395 589 3471 nichil
606 3421 668 3494 per
685 3397 944 3472 contentionem
962 3397 1116 3487 faciatis,
1129 3397 1236 3472 etiam
1250 3397 1369 3495 ipsum
1383 3397 1425 3472 li·

202 3508 331 3606 tigioso
345 3509 582 3584 contentionis
594 3509 730 3584 malum
745 3510 1022 3598 transcenditur,
1036 3520 1072 3594 et
1085 3535 1142 3586 res
1155 3511 1323 3609 quaelibet
1339 3536 1423 3588 oum

185 3620 389 3697 'estimatur
405 3623 565 3698 ecclesia
582 3645 682 3724 posse
700 3632 909 3722 competere,
926 3646 989 3720 per
1007 3623 1083 3696 vim
1101 3632 1254 3699 tenetur.
1272 3625 1423 3700 Provide

202 3736 240 3810 in
256 3735 422 3836 prasenti
439 3736 580 3811 decreto
596 3737 786 3826 constituo,
803 3745 843 3810 ut
861 3736 892 3810 si
910 3737 991 3834 quis
1014 3737 1338 3814 ecclesiasticorum
1360 3765 1425 3814 un·

202 3874 309 3947 quam
326 3849 449 3925 titulos
467 3873 606 3950 ponere,
623 3851 701 3926 sive
719 3852 757 3924 in
776 3849 910 3924 rustico
923 3849 1000 3924 sive
1013 3851 1051 3924 in
1065 3850 1200 3925 urbano
1212 3853 1342 3952 praedio
1358 3879 1425 3928 sua

167 4015 170 4020 -
202 3973 325 4061 sponte
343 3965 619 4065 praesumpserit‚
640 3964 832 4039 anathema
857 3963 914 4036 sit.
940 3965 986 4038 Et
1011 3965 1268 4062 responderunt
1291 3989 1424 4042 omnes.

204 4077 403 4153 Anathema
421 4078 477 4152 sit.
502 4081 592 4167 Item
610 4079 648 4152 in
666 4079 786 4154 eodem
812 4101 889 4176 cap.
905 4079 985 4152 IIII.
1011 4080 1047 4152 Is
1067 4091 1187 4154 autem
1209 4078 1271 4178 qui
1297 4089 1425 4178 praeest

202 4189 363 4266 ecclesiae
381 4190 410 4264 si
428 4190 496 4268 hoo
511 4193 587 4268 lieri
601 4192 773 4293 precipit,
787 4193 846 4268 vel
860 4193 938 4268 sine
951 4217 1015 4266 sua
1029 4193 1263 4291 praeceptione
1276 4193 1424 4283 tactum,

202 4303 313 4399 digna
330 4305 452 4403 puniri
469 4307 777 4383 animadversione
791 4306 1004 4401 neglexerit,
1021 4308 1211 4384 anathema
1230 4308 1287 4383 sit.
1308 4312 1355 4382 Et
1373 4333 1425 4384 11-

203 4417 422 4514 sponderunt
439 4441 561 4494 omnes
579 4419 770 4495 anathema
789 4419 846 4494 sit.
