3646 5292
881 387 1078 450 -186-

366 513 487 586 Romae
505 510 658 584 miliario
676 510 727 581 III
741 507 844 605 quasi
857 505 940 582 exul
958 505 995 580 iu
1014 507 1193 584 cimiterio
1205 507 1364 582 Novella
1377 508 1435 580 iria
1448 509 1590 584 salaria.

364 624 543 701 Veniente
556 632 677 698 autem
691 620 747 695 die
761 618 909 695 Pascbae
922 622 1068 699 vocavit
1080 623 1268 699 universos
1280 622 1512 722 Presbyteros
1525 625 1591 699 Ro-

365 763 499 831 manos,
511 749 548 815 et
561 738 746 826 Diaconos,
757 746 794 811 et
806 735 896 811 sedit
908 735 946 809 in
959 737 1079 813 eodem
1093 735 1294 836 cymiterio,
1306 745 1342 811 et
1355 736 1455 810 dixit.
1469 736 1589 813 Nolite

363 851 492 928 timere
509 851 593 950 quia
611 849 797 924 vobiscum
815 872 883 946 ego
899 872 970 925 non
983 849 1106 926 habito
1118 851 1156 925 in
1169 850 1327 940 civitate,
1341 849 1479 926 habetis
1495 850 1592 927 vica·

365 965 460 1040 rium
485 975 647 1040 nostrum
674 964 820 1038 fratrem
848 972 885 1038 et
910 965 1240 1064 compresbyterum
1262 967 1468 1056 Damasum,
1485 966 1591 1041 cuius

363 1079 608 1156 testimonium
626 1102 690 1152 vos
708 1077 796 1150 mihi
815 1076 1056 1174 perhibuistis,
1069 1081 1117 1153 Et
1133 1079 1238 1177 paulo
1255 1089 1342 1178 post.
1356 1079 1497 1154 Domini
1511 1105 1592 1155 san-

364 1193 414 1269 cti
430 1201 469 1269 'et
486 1191 766 1292 compresbyteri
780 1191 889 1267 nolite
904 1192 1065 1288 cogitare
1078 1192 1120 1268 da
1134 1193 1300 1270 crastino.
1314 1193 1374 1268 Sic
1387 1193 1484 1268 enim
1496 1193 1591 1270 dixit

366 1306 545 1404 Magister
561 1314 689 1381 noster.

890 1448 1053 1532 XXXIII.

459 1644 637 1716 Damasus
660 1639 856 1738 Episcopus
881 1639 985 1715 fratri
1011 1650 1047 1716 ot
1072 1641 1360 1743 compresbytero
1385 1643 1591 1719 Hieronimo

364 1755 518 1831 salutem
537 1755 574 1828 in
593 1753 745 1830 Christo.
764 1753 973 1829 Memoriam
993 1756 1204 1854 capacitatis
1229 1783 1318 1832 mera
1342 1757 1501 1833 imbuere
1522 1757 1592 1832 fra-

363 1879 419 1946 ter
432 1867 676 1942 amantissime
692 1867 779 1943 etin
794 1867 937 1943 Christo
950 1892 1090 1967 semper
1103 1870 1266 1946 sacerdos
1279 1871 1476 1947 secundum
1490 1874 1592 1947 LXX

366 1985 588 2081 interpretes.
601 1986 684 2058 Poto
697 2006 783 2079 ergo
796 1983 1020 2080 perferrem
1035 1993 1071 2058 et-
1084 1985 1413 2084 compresbyterum
1429 1997 1590 2061 nostrum

365 2097 591 2173 Bonifacium
609 2106 651 2172 ut
667 2095 790 2170 iubeas
807 2094 1014 2171 fraternitas
1031 2105 1095 2170 tua
1111 2096 1212 2172 nobis
1229 2122 1349 2174 eorum
1369 2099 1506 2197 aperire
1532 2123 1591 2174 re-

368 2211 488 2309 stigia.

888 2343 1069 2428 XXXIIII.

465 2543 1592 2646 SiniciusEpiscopusomnibusEpiscopis.Nossanenuptiarum

367 2671 449 2738 vota
467 2684 537 2734 non
558 2668 774 2758 spernantur
791 2657 999 2758 accipimus,
1017 2659 1147 2758 quibus
1164 2661 1342 2736 velamine
1360 2659 1592 2752 intersumus

366 2775 426 2852 sed
440 2775 604 2871 virgines
614 2775 686 2848 Dco
700 2773 845 2847 devotas
859 2772 981 2847 maiori
997 2773 1265 2848 honorificentia
1278 2799 1518 2849 muneramus.
1529 2779 1593 2849 Fa·

367 2897 426 2965 cto
440 2887 556 2984 igitur
568 2884 808 2983 Presbyterio,
818 2885 980 2960 constitit
992 2886 1162 2962 doctrinae
1171 2897 1311 2977 nostrae,
1320 2887 1411 2964 idest
1421 2888 1594 2964 Christia-

367 3028 424 3078 nae
442 3001 517 3098 legi
535 3025 612 3076 esse
628 2998 817 3076 contraria.
843 2999 945 3074 Unde
963 2999 1206 3097 Apostolicum
1232 3002 1348 3075 secuti
1373 3011 1592 3100 preceptum

371 3115 455 3214 quia
472 3114 577 3188 aliter
595 3137 703 3211 quam
721 3111 812 3210 quod
830 3111 1037 3210 accepimns
1061 3113 1336 3206 annuntiabant,
1358 3117 1517 3190 omnium
1535 3139 1594 3190 no-

367 3237 525 3304 strorum
541 3236 613 3301 tam
630 3227 930 3324 presbyterorum,
944 3251 1050 3324 quam
1065 3237 1100 3302 et
1113 3228 1354 3319 diaconorum,
1364 3253 1470 3328 quam
1484 3229 1592 3304 etiam

367 3341 478 3418 totius
495 3341 583 3416 cleri
600 3365 709 3414 unam
729 3339 862 3414 factam
880 3349 1021 3415 constat
1039 3367 1116 3416 esse
1134 3341 1358 3432 sententiam,
1383 3351 1425 3416 ut
1441 3343 1594 3417 Iovinia-

367 3481 447 3536 nus,
459 3455 673 3544 Auxentius,
684 3452 859 3544 Genialis,
872 3455 1038 3544 Minatur,
1053 3453 1226 3543 Plotinus,
1235 3455 1454 3546 Marcianus
1467 3458 1594 3530 Ianua·

367 3568 445 3643 rius
461 3577 498 3643 et
514 3567 741 3665 Ingeniosus,
759 3565 822 3664 qui
839 3575 1048 3642 accentores
1061 3591 1151 3642 nove
1165 3567 1301 3644 heresis
1313 3577 1350 3644 et
1366 3568 1595 3668 blasphemiae

367 3682 507 3758 inventi
524 3690 621 3771 sunt,
638 3680 760 3756 divina
778 3679 956 3755 sententia
973 3688 1010 3756 et
1026 3690 1146 3756 nostro
1173 3681 1306 3759 iudicio
1330 3681 1594 3781 imperpetuum

366 3796 525 3871 damnati
543 3804 643 3872 extra
660 3793 859 3870 aeclesiam
875 3801 1112 3868 remanerent.
1127 3794 1226 3881 Quod
1240 3795 1498 3869 custodituram
1514 3819 1594 3869 san-

367 3910 528 3986 etitatem
538 3905 1072 4004 vestramnonambigans,haac
1081 3908 1214 4006 scripta
1223 3907 1336 3984 direxi
1347 3907 1549 4007 perfratres
1558 3918 1595 3984 et

368 4023 676 4125 compresbyteros
689 4045 787 4098 meos
800 4022 1028 4097 Crescentem
1044 4020 1275 4122 Leopardum‚
1288 4030 1324 4097 et
1338 4021 1596 4098 Alexandrum.

899 4189 1034 4273 XXXV.

465 4377 706 4453 Innocentius.
715 4377 886 4454 Decentio
896 4374 1278 4474 EugubinoEpiscopo
1290 4375 1524 4454 Deformento
1537 4399 1596 4450 ve-

371 4514 409 4566 ro
420 4491 513 4592 quod
526 4491 582 4566 die
595 4491 772 4568 dominica
786 4513 848 4592 por
862 4489 988 4566 titulos
1000 4489 1190 4581 mittimus,
1203 4491 1381 4590 superflue
1395 4514 1458 4566 nos
1471 4515 1596 4568 consu·
