3618 5316
727 421 766 436 -
793 387 857 450 329
882 419 920 434 ·-

216 506 358 582 Gisull'o
375 505 534 605 Principi
553 507 790 598 Salernitano,
807 506 938 604 legatis
955 520 1083 584 nostrae
1106 508 1207 583 Sedis
1225 509 1435 609 Apostolieae

217 619 255 693 in
274 619 411 694 Gallias
427 621 521 695 inter
538 631 666 696 cetera.
683 620 881 697 Dicendum
908 631 963 697 est
987 621 1151 696 omnibus
1176 622 1302 712 Gallis,
1319 633 1356 698 et
1372 647 1434 721 per

219 758 339 809 ueram
359 734 595 810 obedientiam
613 736 913 835 praecipuendum‚
926 744 967 810 ut
981 758 1202 833 unaquaeque
1219 734 1345 810 domus
1365 735 1434 810 sal·

213 857 285 923 tem
304 873 417 922 unum
435 848 621 923 denarium
639 850 774 924 viritim
793 849 979 924 annuatim
993 849 1133 925 solvant
1150 849 1250 925 beato
1267 853 1383 940 Petr0,
1399 849 1431 924 si

213 985 295 1035 eum
315 971 576 1058 recognoscunt
601 973 739 1060 patrem
764 972 801 1038 et
824 974 1000 1063 pastorem
1025 990 1131 1038 suum
1157 987 1253 1039 more
1274 963 1431 1062 antiqno.

216 1079 309 1150 Nam
328 1076 479 1152 Carolus
496 1079 692 1176 Imperator
708 1078 804 1153 sicut
820 1076 956 1174 legitur
974 1075 1011 1149 in
1029 1085 1123 1150 tomo
1139 1076 1218 1152 eius
1234 1075 1296 1174 qui
1315 1076 1353 1149 in
1378 1103 1433 1151 ar-

213 1189 319 1265 chivo
332 1190 493 1266 ecclesiae
505 1191 598 1266 beati
613 1192 710 1266 Petri
724 1191 886 1279 habetur,
899 1190 937 1262 in
951 1189 1066 1264 tribus
1079 1189 1176 1279 locis,
1189 1189 1432 1264 annuntiotim

216 1303 409 1400 colligebat
427 1304 525 1380 mille
542 1315 578 1380 et
604 1305 662 1381 CC
680 1305 791 1379 libras
815 1305 859 1378 ad
884 1302 1071 1379 servitium
1099 1302 1308 1400 Apostolioae
1330 1303 1431 1378 Sedis

211 1415 303 1492 idest
318 1418 550 1515 Aquisgrani,
564 1419 657 1519 apud
671 1419 813 1519 podium
828 1420 946 1492 Beetae
959 1416 1094 1506 Mariae,
1106 1425 1142 1490 et
1153 1414 1246 1514 apud
1256 1419 1431 1492 Sanctum

213 1529 398 1627 egidium,
413 1541 559 1631 excepto
575 1530 642 1608 hoc
660 1532 751 1629 quod
768 1529 1015 1628 unusquisque
1029 1529 1168 1627 propria
1182 1529 1366 1605 devotione
1383 1530 1432 1604 of-

211 1643 356 1718 ferebat.
374 1644 471 1718 Idem
489 1668 574 1719 vero
593 1670 746 1741 magnus
763 1649 958 1746 Imperator
976 1643 1165 1717 Saxoniam
1183 1642 1313 1743 optulit
1329 1643 1431 1719 beato

213 1760 328 1847 Petro,
345 1757 450 1833 cuius
464 1759 585 1833 eadem
599 1759 678 1834 vice
692 1759 878 1846 adiutorio,
891 1768 927 1832 ot
941 1756 1057 1854 posuit
1074 1756 1222 1852 signum
1235 1756 1430 1832 devotionis

211 1881 248 1946 et
265 1870 440 1946 libertatis
457 1872 552 1947 sicut
569 1873 636 1970 ipsi
655 1876 821 1946 Xaxoues
838 1869 970 1944 habent
988 1868 1173 1967 scriptum,
1190 1879 1226 1944 et
1239 1870 1431 1969 prudentes

212 1983 355 2059 illorum
375 1985 463 2059 satis
480 1985 610 2061 sciunt.
628 1989 718 2060 Item
736 2010 779 2060 ex
796 1992 937 2080 regesto
954 1982 1074 2057 eodem
1091 1981 1150 2057 lib.
1168 1984 1202 2056 Il
1219 2007 1294 2082 cap.
1314 1985 1430 2056 XlIlI.

215 2099 413 2195 Gregorius
430 2101 627 2199 Episcopus
646 2098 824 2173 Salomoni
843 2097 921 2192 regi
940 2099 1168 2191 Ungarorum
1188 2094 1283 2170 inter
1303 2105 1431 2172 cetera.

216 2211 319 2287 Sicut
336 2236 357 2284 a
375 2212 568 2286 maioribus
585 2212 709 2310 patriae
725 2221 797 2286 tuae
815 2233 1028 2306 cognoscere
1046 2217 1169 2306 potest,
1187 2233 1340 2304 regnum
1359 2212 1432 2284 Un-

210 2324 323 2419 garr'ae
340 2335 473 2400 sanctoe
491 2327 658 2400 Romane
671 2325 830 2401 ecclcsiae
843 2323 1024 2421 proprium
1038 2332 1102 2410 est,
1115 2349 1137 2396 a
1151 2346 1236 2418 rege
1250 2321 1430 2420 Stephano

214 2436 297 2511 olim
317 2437 419 2512 beato
437 2441 541 2513 Petro
558 2464 641 2514 cum
659 2439 756 2512 omni
774 2439 853 2513 iure
870 2447 906 2512 et
923 2446 1093 2535 potestate
1119 2463 1184 2510 sua
1209 2437 1366 2512 oblatum
1393 2446 1428 2512 et

212 2549 528 2626 devotctraditum.
540 2549 1428 2651 PretoreaHeinricuspiememoriaeimperator‚ad

208 2661 374 2739 honorem
389 2664 504 2740 sancti
519 2665 615 2741 Petri
632 2690 784 2762 regnum
795 2667 884 2742 illud
894 2665 1427 2767 expugnansvicteriaadepta,

207 2776 253 2851 ad
269 2799 397 2876 corpus
414 2777 508 2853 beati
527 2779 621 2853 Petri
640 2779 800 2856 lanceam
819 2792 855 2858 et
872 2805 1039 2858 coronam
1056 2781 1134 2856 eius
1155 2781 1366 2869 transmisit,
1391 2790 1427 2856 ot

208 2914 271 2988 pro
287 2890 402 2987 glorio
420 2893 594 2991 triumphi
613 2893 669 2988 sui
687 2893 777 2969 illuc
795 2895 898 2992 regni
916 2895 1045 2970 direxit
1062 2895 1233 2990 insignia,
1245 2919 1314 2992 quo
1330 2895 1428 2992 prin·

210 3005 369 3103 cipetum
388 3006 465 3081 eius
486 3007 676 3103 dignitatis
696 3009 850 3085 attinere
870 3009 1049 3106 cognouit.
1071 3012 1147 3096 Quo
1169 3034 1251 3084 cum
1273 3009 1324 3083 ita
1343 3010 1428 3100 sint,

209 3128 249 3192 ut
268 3130 387 3194 tamen
405 3121 462 3194 ius
479 3136 514 3196 et
530 3121 698 3198 honorem
724 3123 840 3197 sancti
859 3122 957 3197 Petri
983 3131 1158 3220 quantum
1183 3122 1226 3196 ad
1251 3132 1286 3197 te
1311 3121 1428 3196 immi-

206 3231 330 3322 nuisti,
351 3234 436 3307 dum
455 3235 532 3309 eius
550 3259 704 3332 rognum
721 3261 742 3308 a
761 3259 846 3331 rege
864 3235 1140 3309 Teutonicorum
1159 3233 1195 3306 in
1213 3235 1426 3310 beneficium

206 3345 301 3421 sicut
324 3347 530 3422 audiuimus
555 3348 733 3449 accepisti.
759 3347 859 3436 Quod
883 3346 913 3420 si
932 3372 1059 3421 verum
1076 3357 1142 3436 est,
1167 3346 1320 3445 qualiter
1345 3372 1427 3444 gra·

206 3458 294 3532 tiam
317 3459 410 3535 beati
438 3461 534 3536 Petri
561 3471 625 3536 aut
649 3473 807 3536 nostram
828 3459 1106 3554 benivolentiam
1127 3485 1270 3558 sperare
1290 3461 1427 3552 debens,

206 3583 244 3646 tu
264 3571 340 3671 ipse
356 3573 385 3646 si
404 3573 579 3648 iustitium
597 3574 769 3662 adtendis,
782 3596 851 3647 non
866 3574 1023 3669 ignoras,
1036 3573 1204 3649 videlicet
1217 3584 1251 3649 te
1264 3599 1335 3649 non
1348 3601 1426 3651 eam

205 3685 398 3774 abiturum,
424 3712 491 3762 nec
515 3687 591 3762 sinc
617 3687 810 3786 apostoliea
834 3686 947 3760 animi
973 3685 1181 3762 adversione
1210 3687 1272 3762 diu
1298 3713 1427 3786 regna·
1460 3747 1464 3757 .

208 3799 437 3887 tu1·um,nisi
463 3811 642 3898 sceptrum
663 3800 765 3896 regni
784 3801 877 3898 quod
902 3809 1002 3876 tenes
1026 3811 1184 3876 correcto
1209 3825 1327 3877 errore
1353 3812 1425 3892 tuo,

205 3912 417 4010 apostolice,
439 3937 508 3988 non
527 3924 647 3989 autem
665 3913 775 4011 regiae
798 3913 995 3987 maiestatis
1019 3912 1232 3989 beneficium
1258 3939 1427 4013 recogno·

205 4051 294 4101 scas.
303 4031 425 4126 Neque
440 4053 502 4103 nos
515 4030 642 4104 timore
655 4029 714 4104 vel
731 4050 852 4102 amore
866 4025 922 4101 vel
936 4025 1057 4125 aliqua
1067 4028 1242 4126 personali
1252 4029 1425 4130 acceptio·

204 4165 261 4229 ne,
277 4152 450 4240 quantum
470 4146 543 4218 Deo
559 4143 753 4220 adiuvante
770 4142 975 4241 poterimus,
994 4143 1152 4217 debitum
1165 4144 1332 4220 honorem
1346 4145 1425 4221 eius

205 4253 310 4361 cuius
327 4254 442 4328 servis
459 4281 585 4330 sumus
604 4255 858 4354 inrequisitum
877 4255 1131 4354 relinquemus.
1147 4260 1285 4332 Verum
1305 4259 1335 4332 si
1356 4257 1424 4336 hoo

204 4365 402 4454 emendare,
416 4375 452 4442 et
465 4367 576 4442 vitam
593 4379 703 4460 tuam,
717 4379 758 4445 ut
772 4393 895 4466 regem
913 4370 1014 4445 decet
1032 4371 1218 4448 instituere
1236 4374 1309 4447 Deo
1322 4373 1425 4448 mise·

206 4487 307 4554 rante
324 4478 492 4570 volueris,
509 4483 631 4582 procul
648 4483 754 4562 dubio
770 4483 997 4564 dilectionem
1018 4499 1151 4566 nnete
1168 4491 1335 4566 Romanae
1360 4514 1426 4565 aeo-
