3646 5292
899 408 938 424 -
963 375 1029 440 aas
1055 410 1093 424 -

905 537 1084 622 oxvuu.

944 711 1047 767 Idem.

481 852 645 930 Roboam
656 853 754 930 filius
764 855 1048 934 Salomonisideo
1057 859 1209 958 perdidit
1223 883 1389 958 regnum,
1398 862 1609 960 quianoluit

384 965 509 1042 audire
527 967 754 1066 presbyteros
770 991 863 1043 suos.
881 972 1059 1057 Quomodo
1075 973 1172 1049 enim
1186 973 1413 1050 centuriones
1426 975 1609 1067 dicuutur,

385 1079 447 1176 qui
465 1079 494 1154 O
511 1089 669 1176 presunt
687 1079 873 1170 militibus,
889 1092 926 1158 et
942 1083 1151 1162 chiliarchae
1163 1088 1226 1186 qui
1246 1087 1355 1178 mille,
1368 1112 1455 1186 quos
1469 1113 1532 1164 nos
1546 1089 1608 1164 tri·

384 1191 499 1268 bunos
514 1193 737 1291 appellamus
753 1195 798 1270 ab
814 1219 855 1272 eo
871 1197 964 1295 quod
980 1208 1139 1295 praesuut
1155 1199 1277 1290 tribui,
1290 1199 1344 1276 sic
1361 1199 1610 1278 iu'lsraelitioo

386 1305 546 1382 exercitu
564 1306 865 1406 quinquagenarii
882 1311 1114 1404 vocabantur,
1128 1313 1190 1412 qui
1207 1315 1246 1389 in
1260 1315 1376 1411 capite
1389 1324 1492 1390 eraut
1505 1319 1533 1390 L
1546 1315 1610 1389 mi·

386 1417 504 1494 litum.
516 1413 694 1495 ¹Senatum
720 1443 860 1521 quoque
881 1426 1030 1501 Romani
1055 1429 1220 1505 consules
1244 1428 1433 1521 habebant,
1457 1454 1608 1528 quorum

387 1534 535 1610 consilio
552 1546 683 1612 cuncta
700 1538 865 1634 agebant.
883 1541 930 1614 Et
946 1565 1009 1615 nos
1026 1540 1199 1617 habemus
1216 1543 1254 1616 in
1272 1543 1425 1619 ecclesie
1441 1555 1609 1618 senatum

387 1658 550 1724 nostrum
568 1663 698 1725 caetum
716 1651 1016 1750 presbyterorum.
1034 1655 1131 1731 Idem
1149 1680 1257 1754 super
1275 1658 1497 1732 Matthaeum.
1523 1658 1612 1733 Con·

386 1763 524 1838 vocatis
541 1763 739 1862 discipulis,
756 1765 807 1839 ait
824 1765 959 1842 lhesus.
977 1769 1148 1872 Misereor
1173 1794 1281 1867 super
1298 1770 1413 1846 turba.
1432 1772 1612 1849 Convocat

386 1876 580 1975 discipulos
597 1877 764 1954 Christus
782 1888 817 1954 et
834 1881 926 1978 quod
942 1881 1107 1957 lecturus
1123 1891 1179 1958 est
1190 1881 1359 1980 loquitur,
1372 1892 1413 1957 ut
1427 1882 1611 1980 magistris

388 1989 550 2068 ecclesie
559 1991 619 2068 det
629 1991 891 2091 exemplatum
901 1993 1054 2070 subditis
1063 1995 1359 2072 communicanda
1368 2020 1446 2072 esse
1455 1995 1613 2073 consilia.

948 2195 1050 2281 (lllll.

588 2395 681 2450 Idem
699 2397 732 2449 in
750 2397 891 2464 epistola
909 2397 954 2451 ad
972 2399 1158 2454 Eliodorum
1174 2401 1416 2467 presbyterum.

483 2562 613 2634 Vestes
630 2559 748 2656 pullas
766 2584 865 2657 aeque
882 2568 924 2634 ut
948 2561 1129 2653 candidas,
1153 2571 1301 2638 ornatus
1326 2571 1367 2637 ut
1391 2563 1511 2639 sordes
1536 2565 1611 2661 pari

389 2673 489 2748 modo
498 2673 697 2768 fugeQuia
707 2673 1028 2764 alterumdelioias,
1037 2676 1193 2752 alterum
1203 2676 1358 2772 gloriam
1369 2676 1510 2752 redolet.
1519 2680 1612 2752 Nam

387 2785 521 2886 absque
539 2787 675 2862 amictu
692 2786 785 2862 lineo
802 2787 978 2878 incedere,
1001 2790 1062 2866 sed
1084 2789 1238 2888 pretium
1260 2791 1416 2865 vestium
1434 2789 1612 2866 linearum

387 2925 459 2976 non
475 2901 605 2978 habere
622 2901 800 2977 laudabile
817 2911 880 2978 est.
898 2903 1067 3002 Alioquin
1086 2901 1279 2978 ridiculum
1296 2913 1332 2978 et
1349 2902 1493 3001 plenum
1512 2903 1612 2980 dode·

387 3016 481 3091 coris
489 3025 555 3106 est,
565 3016 693 3091 referto
706 3015 910 3115 marsuppio
922 3016 1015 3114 quod
1028 3013 1214 3089 sudarium
1228 3013 1455 3112 orariumque
1467 3037 1539 3088 non
1550 3014 1612 3089 ha·

389 3118 474 3204 beas
492 3128 664 3224 regulari.
678 3129 775 3204 Idem
788 3128 834 3204 ad
846 3128 1092 3206 Eustochium.
1106 3131 1200 3203 Sunt
1211 3127 1276 3201 alii
1288 3137 1330 3202 ut
1342 3128 1385 3204 de
1397 3127 1467 3204 mei
1479 3127 1612 3202 ordinis

390 3241 596 3316 hominibus
612 3241 748 3339 loquar,
765 3241 894 3341 quibus
911 3251 966 3318 cst
982 3241 1098 3317 omnis
1114 3266 1203 3317 cura
1219 3241 1262 3316 de
1278 3241 1451 3330 vestibus,
1467 3241 1499 3316 si
1523 3241 1612 3318 bene

388 3353 518 3446 oleant,
536 3354 567 3430 si
585 3378 644 3453 pes
661 3354 742 3430 laxa
760 3355 852 3453 pelle
868 3379 939 3430 nou
957 3355 1083 3445 lolliet,
1099 3354 1205 3451 digiti
1222 3353 1330 3428 anulo
1348 3353 1498 3444 radiant,
1514 3363 1551 3430 et
1567 3379 1612 3429 ne

388 3467 530 3566 plantas
547 3467 725 3544 humidior
742 3468 802 3542 via
815 3479 974 3568 spargat,
988 3468 1051 3544 vix
1063 3467 1278 3564 imprimunt
1290 3491 1431 3542 summa
1445 3467 1611 3565 vestigia.

388 3579 494 3657 Tales
510 3581 626 3678 magis
644 3605 788 3679 sponsos
804 3583 969 3658 estimato
987 3606 1093 3681 quam
1112 3581 1271 3658 clericos.

940 3775 1060 3860 oxxl.

512 3981 726 4047 Hieronymus
743 3981 776 4034 in
793 3979 933 4047 epistola
952 3979 995 4033 ed
1013 3977 1223 4032 Heliodorum
1241 3978 1482 4046 presbyterum.

484 4145 556 4217 Suu
578 4141 701 4216 atalia
718 4165 828 4218 causa
854 4139 1018 4216 monachi
1043 4149 1109 4232 est,
1132 4140 1205 4214 alia
1230 4141 1453 4217 clericorum.
1477 4138 1608 4216 Clerici

388 4279 473 4330 oves
486 4264 650 4353 pascunt,
662 4279 730 4352 ego
743 4253 901 4354 paschor.
914 4254 972 4330 Illi
985 4253 1027 4329 de
1044 4253 1170 4329 altario
1185 4253 1328 4345 vivunt,
1341 4253 1430 4327 mihi
1443 4252 1544 4351 quasi
1557 4252 1609 4325 in·

391 4369 583 4445 fructuosae
600 4369 716 4444 arbori
733 4368 871 4444 securis
892 4369 1036 4466 ponitur
1052 4367 1097 4442 ad
1114 4367 1279 4444 radicem.
1293 4367 1332 4442 Si
1346 4392 1479 4442 munus
1491 4367 1535 4441 ad
1549 4366 1609 4439 Al-

389 4491 466 4560 tare
483 4505 553 4560 nou
570 4483 699 4573 defero,
711 4506 778 4557 nec
790 4505 933 4582 possum
947 4482 1135 4560 obtendere
1148 4491 1392 4581 paupertatem
1406 4504 1490 4561 cum
1503 4505 1609 4557 evau-
