3582 5288
698 395 895 460 -121-

187 527 242 592 tes
259 516 428 614 quoniam
447 540 510 614 per
522 515 719 593 triennium
733 525 836 592 nocte
854 527 891 591 et
903 517 959 592 die
972 540 1043 592 non
1058 517 1195 593 cessavi
1210 543 1293 594 cum
1305 515 1413 596 lacri-

187 630 254 704 mis
263 653 409 704 monens
418 653 710 729 unumquemque
719 642 890 707 vestrum.
900 633 997 709 Idem
1011 659 1139 707 rursus
1151 656 1214 731 per
1226 632 1410 733 epistolam

186 742 284 817 dicit.
302 741 456 818 Obsecro
469 766 532 817 vos
549 744 678 818 fratres
700 753 741 818 ut
758 745 867 841 digne
883 746 1086 836 ambuletis,
1102 747 1187 822 hinc
1205 771 1292 843 ergo
1307 747 1408 822 colli·
1528 812 1532 819 .

184 867 250 952 gat
271 857 301 930 si
319 856 509 954 aliqnando
525 858 663 956 aliquid
681 869 776 935 recte
793 859 914 948 sentit,
930 870 1065 957 quanta
1082 859 1288 936 humilitate
1305 861 1409 936 debet

185 971 358 1067 magistro
371 969 468 1069 loqui
481 971 673 1070 discipulos
691 975 720 1047 si
739 975 813 1072 ips‘e
832 975 1005 1070 magister
1022 975 1186 1071 gentium
1205 976 1244 1048 in
1256 975 1315 1050 his
1328 1001 1408 1073 quae

185 1111 267 1162 cum
284 1088 497 1162 auctoritate
515 1089 683 1184 praedicat
695 1098 769 1162 tam
787 1089 963 1163 submisse
979 1088 1173 1186 discipulos
1190 1098 1304 1186 rogat,
1322 1089 1408 1166 hinc

185 1201 433 1300 unusquisque
450 1201 609 1298 colligat,
626 1204 679 1278 eis
700 1229 721 1276 a
738 1203 868 1300 quibus
884 1202 973 1278 bene
990 1201 1138 1278 vivendi
1156 1201 1317 1300 exempla
1334 1227 1411 1300 per-

184 1316 291 1414 cepit,
308 1315 375 1391 hoc
388 1315 480 1414 quod
496 1316 585 1391 bene
598 1315 775 1411 intelligit
791 1341 898 1414 quam
911 1315 1096 1390 humiliter
1109 1315 1216 1404 dicat,
1229 1316 1259 1389 si
1273 1315 1410 1390 Paulus

185 1427 317 1503 humili
336 1451 423 1504 voce
439 1453 477 1503 se
494 1427 549 1502 illi
566 1427 725 1504 subdidit
741 1452 828 1527 quos
844 1428 889 1503 ad
906 1429 1019 1504 vitam
1038 1428 1113 1527 ipse
1131 1427 1332 1505 suscitavit.

697 1591 896 1678 (lbllelll.

280 1763 477 1860 Gregorius
494 1763 533 1836 in
550 1762 670 1837 Ilibro
684 1763 882 1838 moralium.
894 1765 955 1840 lob
968 1765 1101 1841 dicitur
1113 1765 1247 1856 dolone,
1260 1769 1311 1842 Us
1329 1791 1410 1842 eon·

186 1880 333 1954 siliatcr.
345 1877 561 1952 Intuendum
576 1885 631 1952 est
643 1901 749 1975 qnam
764 1877 888 1952 nullus
903 1879 999 1954 dolor
1015 1879 1062 1953 sit
1075 1880 1208 1954 mentis
1220 1880 1259 1954 in
1272 1880 1411 1956 actione

184 1991 483 2092 precipitationis.
497 1991 566 2079 Qui
585 1991 681 2064 enim
699 1992 776 2066 sine
790 1991 950 2068 consiliis
965 1993 1106 2080 vivunt,
1119 1993 1180 2091 qui
1199 1993 1406 2091 semetipsos

186 2133 307 2184 rerum
328 2106 517 2182 eventibus
534 2106 734 2204 praecipites
755 2107 924 2182 deserunt
939 2105 1040 2180 nullo
1060 2105 1204 2181 interim
1226 2107 1410 2203 cogitatio-

185 2249 271 2297 num
293 2222 409 2297 dolore
427 2221 638 2316 fatigantur.
656 2225 747 2294 Nam
763 2221 828 2318 qui
842 2220 1003 2296 sollerter
1016 2221 1054 2294 iu
1068 2220 1152 2294 vitae
1165 2220 1313 2296 oonsilio
1329 2221 1411 2317 figit

186 2344 341 2411 mentem
355 2343 460 2410 caute
473 2357 549 2408 esse
563 2333 711 2408 inomni
725 2335 863 2410 actione
877 2334 1195 2433 circumspiciendo
1211 2335 1411 2410 considerat

186 2459 279 2526 etue
297 2473 396 2525 exre
413 2473 492 2546 quae
509 2447 634 2544 agitur
652 2449 860 2546 repentinus
877 2447 959 2521 finis
971 2449 1213 2546 adversusque
1227 2447 1411 2546 supripiat,

185 2562 252 2639 hcc
262 2561 721 2664 prinsmollitopositopede
731 2562 958 2658 cogitationis
968 2561 1098 2660 palpat.
1109 2565 1239 2636 Pensat
1248 2562 1345 2638 neab
1354 2561 1411 2636 his

186 2703 265 2776 quae
290 2676 432 2773 agenda
448 2685 535 2750 sunt
551 2675 700 2750 formido
716 2697 786 2750 non
806 2674 1008 2774 praepediat,
1026 2699 1071 2749 ne
1089 2674 1126 2748 in
1144 2673 1202 2748 his
1219 2697 1298 2772 quae
1314 2673 1411 2748 diffe-

187 2792 296 2867 renda
313 2801 400 2866 sunt
412 2789 645 2888 praecipitatio
657 2789 829 2887 impellat,
838 2813 882 2864 ue
895 2813 1007 2886 prava
1016 2812 1078 2886 per
1087 2788 1413 2886 concupiscentiam

185 2912 306 3002 aperto
324 2903 415 2979 bello
432 2911 612 3000 superent,
629 2927 673 2978 ne
688 2912 785 2979 recta
799 2926 861 3000 per
878 2902 1021 2978 inanem
1036 2901 1187 2998 gloriam
1210 2901 1411 2976 insidiando

186 3017 426 3115 supplantent.
448 3016 507 3091 lob
532 3039 618 3112 ergo
640 3016 735 3090 intra
758 3020 836 3091 Hus
857 3015 995 3090 habitat
1016 3016 1100 3090 dum
1127 3015 1261 3091 mentis
1286 3015 1410 3091 electis

186 3155 254 3228 quo
272 3130 392 3226 magis
404 3155 466 3228 per
479 3129 667 3205 consilium
687 3129 810 3205 uivere
828 3129 968 3218 nititur,
981 3152 1021 3204 eo
1037 3130 1185 3224 angusti
1199 3129 1341 3205 itineris
1354 3129 1412 3204 do

187 3243 259 3321 lore
273 3245 460 3340 fatigatur.
473 3245 562 3320 Boni
580 3243 676 3320 eninr
690 3245 761 3319 viri
775 3244 875 3320 freno
888 3242 1029 3316 consilii
1044 3242 1200 3318 retinent
1212 3241 1410 3343 proecipita-

186 3359 318 3434 tiouem
335 3357 436 3433 verbi
448 3368 484 3434 et
500 3369 605 3434 ceute
623 3357 850 3433 considerant
867 3380 912 3430 ne
929 3355 1130 3431 relaxantes
1155 3356 1281 3451 lingue
1306 3354 1411 3430 lasci·

186 3473 295 3560 riam,
320 3472 523 3546 auditorum
548 3471 804 3547 conscientiam
821 3469 969 3546 incauta
987 3469 1165 3546 locutione
1182 3470 1410 3564 transfigant.

187 3587 283 3661 Idem
297 3585 335 3659 in
349 3585 643 3660 eisdemGrande
657 3583 845 3662 consilium
859 3583 1123 3659 cordisomnem
1134 3583 1411 3658 inconstantiam

187 3698 393 3795 vagationis
406 3697 562 3795 expellit.
572 3701 665 3774 Sunt
681 3699 779 3773 enim
792 3697 953 3773 homines
967 3699 1029 3796 qui
1043 3697 1116 3773 levi
1131 3707 1239 3785 motu,
1251 3721 1318 3772 uec
1331 3695 1412 3786 ista,

187 3835 254 3886 nec
272 3810 336 3884 illa
362 3811 572 3886 desiderent.
598 3812 831 3908 Omnipotens
857 3835 943 3886 vero
967 3814 1064 3886 Deus
1088 3811 1174 3909 quia
1198 3811 1294 3908 ipsas
1315 3809 1413 3885 leves

191 3923 443 4000 fluctuationes
455 3925 600 3998 initium
620 3948 690 3999 non
708 3924 838 4002 leviter
852 3933 987 4023 pensat,
1001 3924 1213 4020 vagationes
1226 3923 1341 4000 cordis
1359 3949 1412 3999 re·

187 4037 378 4136 linquendo
392 4037 573 4112 diiudicat.
584 4037 652 4113 Sed
665 4063 749 4114 cum
766 4039 996 4136 pergratiam
1012 4037 1157 4136 respicit
1170 4061 1303 4134 vagam
1317 4062 1414 4112 meu-

187 4163 258 4228 tem
277 4153 315 4225 in
328 4151 470 4228 consilii
492 4153 724 4228 stabilitatem
738 4153 829 4249 figit.
845 4153 937 4228 Cum
955 4175 1041 4228 vero
1053 4151 1152 4228 leves
1171 4161 1287 4227 motus
1303 4151 1413 4226 homi-

188 4266 244 4340 nis
264 4264 541 4343 misericorditer
566 4266 723 4364 respicit,
740 4265 807 4342 hcc
827 4268 989 4367 protinus
1009 4269 1054 4342 ad
1072 4268 1281 4344 constantiae
1300 4275 1414 4342 matu·

187 4379 329 4456 ritatem
358 4380 487 4453 format
515 4390 622 4479 atque
644 4381 688 4454 ad
705 4399 868 4479 supernae
892 4381 1019 4475 gratie
1037 4389 1237 4478 respectum
1256 4403 1316 4455 cor
1332 4379 1412 4456 eius

188 4493 232 4567 ad
248 4492 467 4590 gravitatem
487 4492 628 4568 consilii
647 4503 790 4594 reponte
809 4494 980 4595 perducit.
