3642 5294
917 363 1093 426 ..70-

389 485 471 560 fidei
485 483 690 562 Christiane
703 484 862 582 percepit
874 484 919 559 ab
931 485 1137 560 auctoribus
1151 483 1228 561 suis
1242 484 1489 584 Apostolorum
1508 485 1611 563 Chri·

388 600 435 674 sti
453 597 675 699 principibus
688 597 827 672 illibata
840 597 878 671 in
892 607 1058 674 eternum
1073 609 1194 676 manet
1206 601 1404 677 secundum
1419 601 1533 698 ipsius
1545 603 1613 676 Do·

392 713 481 788 mini
492 713 691 788 Salvatoris
703 712 863 788 divinam
877 713 1182 812 pollicitationem,
1191 714 1253 812 qui
1266 737 1411 790 suorum
1426 714 1615 812 discipulo

392 855 472 904 rum
486 827 639 927 principi
657 828 695 901 in
713 827 789 902 suis
805 828 923 905 sactus
940 837 997 905 est
1008 826 1219 924 evangeliis.
1232 831 1337 903 Patre
1351 828 1518 926 inquiens
1530 852 1613 903 ecce

390 945 517 1019 sathan
530 943 703 1041 expetivit
716 952 757 1017 ut
770 943 944 1019 cribraret
956 967 1020 1018 vos
1032 941 1199 1040 sicutqui
1208 941 1344 1018 cribrat
1353 942 1525 1017 triticum.
1535 944 1613 1037 Ego

391 1067 512 1132 autem
531 1055 658 1152 rogavi
676 1079 738 1154 pro
754 1065 791 1131 te
808 1065 936 1131 utnon
954 1056 1096 1132 deficiat
1113 1056 1200 1132 fides
1218 1065 1280 1129 toa
1298 1064 1334 1131 et
1358 1065 1398 1131 tu
1420 1055 1613 1154 aliquando

391 1193 586 1246 conversus
602 1171 773 1246 confirma
791 1170 921 1246 fratres
938 1178 1027 1244 tuos.

941 1399 1079 1482 nxvn.
1142 1499 1144 1504 ,

490 1625 675 1702 Dionisius
691 1626 889 1725 Episcopus
906 1629 1039 1702 Seuero
1055 1627 1236 1725 Episcopo.
1262 1616 1368 1701 orim‘
1382 1636 1418 1702 et
1442 1628 1487 1702 ab
1511 1627 1615 1702 initio

396 1749 534 1817 tantam
553 1741 777 1839 percepimus
793 1766 815 1814 a
832 1741 933 1816 heato
951 1743 1057 1815 Petro
1074 1739 1322 1838 Apostolorum
1343 1740 1503 1838 principe
1528 1741 1617 1816 fidu·

394 1855 487 1932 ciam
505 1864 547 1929 ut
563 1855 759 1930 habeamus
775 1855 1026 1930 auctoritatem
1044 1853 1241 1929 universali
1259 1853 1420 1930 ecclcsiae
1440 1855 1617 1930 auxilian-

395 1979 429 2043 te
448 1968 597 2043 Domino
614 1967 815 2058 subvenire,
827 1977 863 2043 et
876 1966 1048 2066 quidquid
1062 1967 1230 2043 nocivum
1244 1976 1299 2042 est
1311 1968 1524 2044 auctoritate
1537 1993 1617 2066 apo·

395 2081 521 2158 stolica
539 2082 720 2178 corrigere
737 2091 773 2157 et
789 2083 987 2157 emendare.

928 2309 1086 2394 LXVIII.

492 2529 595 2605 Felix
608 2530 804 2628 Episcopus
817 2529 1049 2606 dilectissimo
1066 2527 1170 2602 fratri
1183 2536 1218 2602 et
1230 2528 1432 2627 coepiscopo
1445 2529 1617 2627 Benigno.

396 2647 544 2743 Semper
556 2643 664 2718 dubia
678 2654 714 2719 et
727 2643 861 2719 maiora
874 2644 1018 2741 negotia
1031 2641 1226 2717 terminum
1239 2642 1283 2716 ab
1300 2642 1367 2718 hac
1384 2653 1510 2718 sancta
1528 2645 1617 2720 Sedc

395 2785 417 2832 a
434 2767 591 2856 tempore
608 2759 854 2856 Apostolorum
872 2759 933 2857 qui
951 2784 1029 2834 eam
1043 2755 1119 2832 suis
1132 2757 1355 2833 documentis
1369 2757 1619 2836 instruxerunt

397 2873 558 2971 accipere
572 2883 847 2949 consueverunt.
861 2874 957 2948 Idem
971 2873 1008 2946 in
1023 2873 1138 2972 prima
1151 2872 1303 2947 ecclesia
1317 2872 1355 2946 in
1369 2897 1528 2971 congruo
1541 2875 1617 2952 loro

395 2985 490 3061 intra
508 2985 729 3086 provinciam
746 2987 859 3085 ipsam
877 2997 1033 3085 tempore
1051 3010 1211 3082 congruo
1229 2985 1321 3062 idest
1337 2987 1542 3062 autumnali
1560 2989 1618 3064 vel

397 3099 512 3176 estivo
529 3099 721 3175 concilium
741 3099 958 3195 regulariter
975 3100 1165 3176 convocari
1183 3099 1295 3188 debet,
1313 3099 1363 3174 ita
1382 3111 1423 3176 ut
1439 3101 1484 3178 ab
1508 3103 1621 3178 omni-

397 3213 465 3288 bus
481 3213 639 3288 eiusdem
658 3213 840 3310 provincie
858 3215 1042 3312 Episcopis
1060 3214 1147 3290 illuc
1164 3213 1411 3291 conveniatur.

921 3443 1097 3528 valssl.

494 3669 608 3745 sarus
623 3669 854 3745 diiectissimo
870 3671 974 3746 frain
989 3671 1099 3748 reon
1113 3672 1294 3771 Episcopo.
1308 3677 1542 3774 uaecumque
1556 3651 1621 3751 ni-

400 3784 513 3860 ficiles
530 3783 733 3881 questiones
750 3807 812 3881 per
829 3784 994 3882 singulas
1011 3785 1214 3882 provincias
1231 3797 1351 3862 exorte
1368 3787 1515 3880 suerint
1532 3815 1622 3865 sem·

399 3924 462 3998 per
477 3899 522 3973 ad
541 3899 664 3974 Sedem
684 3898 923 3996 Apostolicam
942 3900 1154 3975 referantur.

955 4129 1055 4213 LXX.

496 4319 690 4432 Marcellus
706 4356 949 4433 dileetissimis
966 4356 1137 4434 fratribus
1160 4357 1342 4434 universis
1359 4359 1545 4458 Episcopis
1562 4384 1625 4458 per

401 4471 629 4548 Antiochiam
648 4471 861 4547 constitutis,
879 4470 917 4546 si
936 4481 1055 4548 vestra
1070 4473 1291 4550 Antiocheae
1310 4498 1389 4572 quae
1406 4473 1490 4548 olim
1510 4475 1624 4574 prirna
