3638 5294
915 439 956 454 -
981 407 1048 472 512
1071 439 1114 453 -

401 533 526 624 potest,
542 535 578 600 et
594 535 719 599 sancta
738 525 900 623 synodos
916 525 1018 598 norit
1033 535 1069 600 et
1085 526 1173 600 dicit
1190 527 1381 624 episcopos,
1394 524 1471 599 sine
1489 524 1625 597 ratione

400 639 542 726 eiectos,
551 663 635 714 ecce
647 649 685 712 et
701 663 764 712 nos
777 649 949 738 potestate
967 649 1110 714 utentes
1123 651 1258 715 sanem
1271 644 1429 714 Romane
1441 639 1624 726 aecclesia,

402 753 503 826 iuxta
532 763 750 852 preceptum
767 752 924 850 Nycolai
948 752 1145 826 beatissimi
1164 757 1270 851 Papae
1294 753 1355 850 qni
1373 753 1481 826 habet
1497 777 1623 826 curam

406 867 566 941 omnium
596 867 831 942 ecclesiarum
857 879 893 941 et
919 877 1093 964 precepto
1117 867 1196 940 eius
1224 879 1261 940 et
1284 865 1510 952 auctoritate,
1525 865 1625 936 inno

402 991 525 1056 centes
545 1004 604 1054 eos
620 992 657 1055 et
675 1005 777 1056 seros
801 981 980 1078 episcopos
1004 989 1040 1054 et
1056 979 1230 1054 habemus
1246 989 1283 1054 et
1307 991 1567 1075 computamus,
1589 989 1626 1050 et

403 1117 524 1168 eorum
543 1093 722 1167 iniuxtam
740 1094 1001 1168 damnationem
1020 1105 1062 1168 ut
1078 1094 1219 1168 irritam
1236 1105 1273 1168 et
1293 1094 1471 1166 infirmam
1491 1093 1627 1188 respui-

405 1231 498 1293 mus,
516 1215 553 1280 et
568 1207 713 1279 omnino
729 1231 922 1280 cassamus.
940 1209 1073 1282 Sancta
1099 1208 1266 1306 Synodns
1290 1207 1391 1280 dixit.
1415 1207 1538 1279 Gloria
1556 1207 1627 1278 Deo

405 1320 468 1417 qui
486 1344 556 1392 non
575 1319 746 1416 relinquit
762 1320 903 1414 virgam
923 1329 1148 1416 peecatorum
1165 1345 1272 1418 super
1289 1331 1421 1394 sortem
1439 1321 1627 1392 iustorum.

404 1432 469 1506 Isti
488 1431 723 1530 inculpabiles
736 1443 823 1518 erat,
833 1433 892 1505 isti
906 1433 1126 1531 praeiudicati
1139 1444 1252 1508 erant.
1261 1436 1351 1507 Item
1366 1431 1501 1506 Bardas
1515 1431 1629 1503 Patri·

405 1547 484 1618 cios
502 1543 603 1618 dixit.
619 1544 741 1620 Nichil
758 1545 875 1620 differt
892 1547 968 1619 sive
986 1570 1049 1620 ros
1066 1547 1142 1619 sire
1160 1546 1309 1642 spiritus
1322 1549 1427 1641 Papae
1440 1544 1626 1638 Ignatinm

405 1656 556 1732 sentiam
570 1657 896 1756 (siclproleratbos
908 1659 1004 1732 enim
1018 1682 1082 1732 vos
1093 1669 1135 1732 ut
1147 1682 1330 1756 personam
1345 1658 1445 1730 illius
1457 1657 1630 1730 habentes

405 1769 701 1868 recipimusltem
710 1771 1448 1868 Apsorisariidixerunt.Can0nsecundum
1460 1769 1628 1843 Silvestri

405 1883 563 1972 docetur
575 1883 1182 1980 episcopusnoncondemneturnisi
1193 1881 1631 1970 inLXXIItestibus,rul-

407 1996 621 2094 tisrccipere
630 2021 799 2070 canonem
815 1997 931 2072 sancti
941 1996 1260 2071 Silvestri.Panlus
1272 1995 1630 2092 episcopusCesareae

408 2109 639 2208 Cappadocis,
656 2109 755 2184 dixit.
771 2110 987 2206 Recipimus.
1005 2108 1208 2183 Theodorus
1224 2109 1411 2207 episeopus
1436 2107 1528 2180 dixit
1544 2110 1630 2180 Lac

408 2223 520 2298 dicite.
538 2225 643 2296 quta
659 2223 954 2298 consuetudinem
972 2233 1129 2296 nostram
1148 2227 1182 2294 V
1200 2223 1258 2297 vel
1284 2226 1320 2296 X
1344 2221 1403 2296 vel
1429 2224 1499 2294 I'II
1519 2223 1631 2295 testes

404 2336 448 2410 ad
465 2335 819 2433 condempnationem
837 2335 1031 2410 cuiuslibet
1048 2335 1244 2410 sufficiunt.
1263 2335 1332 2409 Sed
1354 2334 1521 2431 quoniam
1540 2334 1631 2406 indi-

406 2449 504 2524 cium
522 2459 683 2525 vestrum
708 2461 772 2524 est.
790 2450 958 2546 Synodus
984 2461 1104 2524 nostra
1121 2459 1159 2522 et
1175 2448 1212 2519 in
1238 2447 1304 2521 hoc
1329 2447 1424 2520 cedit
1449 2445 1629 2519 voluntati

407 2571 545 2636 vestrm.
562 2565 651 2637 Item
679 2563 846 2660 praecepit
867 2571 992 2637 sancta
1017 2561 1176 2659 synodus
1193 2559 1334 2654 ingredi
1351 2569 1473 2646 testes,
1490 2569 1526 2632 et
1545 2559 1628 2654 poni

407 2675 637 2770 evangelium
656 2675 692 2748 in
714 2674 834 2750 medio·
844 2675 971 2772 synodi
990 2685 1030 2748 ut
1048 2674 1096 2746 ibi
1111 2673 1282 2746 iurarent.
1294 2675 1338 2746 llt
1351 2671 1451 2746 obliti
1469 2683 1554 2744 sunt
1571 2695 1632 2767 pa·

408 2787 504 2861 trieii
522 2789 617 2874 vul,
626 2797 662 2861 et
674 2786 736 2860 alii
750 2787 792 2861 de
806 2799 933 2861 senatu
948 2785 1115 2884 usquead
1129 2787 1274 2859 LXXII.
1289 2785 1437 2858 Patricii
1451 2785 1630 2858 dixerunt.

415 2897 518 2994 Apud
535 2919 598 2970 nos
616 2921 685 2971 non
703 2907 758 2972 est
774 2897 833 2972 lex
845 2907 886 2972 ut
903 2899 1073 2972 iuremus.
1082 2902 1207 2996 Neque
1220 2897 1317 2971 enim
1335 2897 1549 2970 iuraverunt
1564 2896 1630 2968 ali-

412 3011 552 3108 quando
569 3011 721 3107 patricii.
738 3014 828 3085 Item
846 3012 981 3086 Bardas
999 3011 1173 3108 patricius
1189 3010 1289 3099 dixit,
1306 3010 1468 3108 praecipit
1484 3009 1630 3082 divinus

410 3125 603 3221 imperator
621 3133 751 3213 noster,
761 3135 805 3207 ¹ut
822 3125 941 3198 omnia
954 3147 1187 3222 quaecumque
1205 3109 1389 3221 requiritis
1402 3123 1579 3197 faciamus
1594 3131 1632 3196 ot

410 3235 593 3312 caleamus
617 3236 774 3312 ordinem
802 3247 961 3312 nostrum
988 3247 1128 3334 propter
1152 3237 1386 3333 expletionem
1406 3247 1576 3320 vestram,
1594 3244 1631 3308 et

411 3357 552 3446 propter
577 3347 742 3422 honorem
771 3349 802 3423 ei
824 3349 884 3446 qui
911 3349 1010 3422 misit
1035 3373 1097 3424 vos
1122 3348 1319 3423 beatissimi
1341 3352 1446 3446 Papae
1463 3348 1630 3445 quoniam

415 3459 556 3558 patricii
576 3460 696 3534 iurare
713 3483 782 3533 non
800 3461 923 3536 solent.
940 3465 1014 3535 Nos
1030 3484 1114 3534 vero
1131 3471 1271 3559 propter
1288 3483 1352 3533 vos
1368 3459 1578 3548 iurabimus‚
1594 3468 1632 3532 et

411 3573 511 3648 stetit
532 3572 699 3668 Ignatius
717 3572 817 3646 iuxta
843 3573 1073 3669 evangelium
1101 3585 1142 3647 ut
1167 3573 1340 3670 reciperet
1365 3571 1511 3647 testium
1535 3571 1632 3642 iura·

413 3696 544 3772 menta,
561 3696 597 3758 et
618 3694 790 3781 ceperunt
810 3685 939 3760 iurare.
956 3689 1046 3762 Item
1072 3685 1225 3784 episcopi
1251 3685 1428 3760 dixerunt.
1445 3687 1519 3758 Nos
1543 3681 1631 3758 dici·

410 3819 492 3868 mus
509 3794 674 3892 quoniam
687 3795 911 3892 Apostolicus
927 3796 986 3871 hic
1004 3821 1065 3894 per
1083 3823 1144 3873 vos
1161 3810 1216 3873 est
1228 3823 1394 3896 praesens,
1405 3807 1440 3872 et
1457 3798 1549 3895 quod
1566 3819 1631 3870 vos

412 3905 542 3994 facitis,
567 3915 603 3982 et
627 3906 689 3980 ille
714 3907 810 3982 facit.
828 3911 916 3984 Item
944 3909 1186 3984 iudicantibus
1210 3909 1438 4008 apocrisariis
1462 3909 1630 4006 quoniam

413 4018 628 4115 depositione
646 4018 780 4115 dignus
793 4029 848 4094 est
860 4023 1035 4116 Ignatius.
1049 4021 1232 4096 Accedens
1245 4021 1435 4118 Procopius
1448 4019 1632 4095 subdiaco-

412 4156 482 4206 nus
499 4156 543 4206 ex
556 4141 719 4230 precepto
735 4132 991 4231 apocrisiorum
1008 4133 1094 4208 tulit
1106 4133 1254 4233 pallium
1272 4135 1313 4208 de
1331 4132 1421 4208 eollo
1439 4133 1570 4222 eius‚et
1581 4133 1633 4206 al-

411 4243 551 4334 bam‚et
566 4245 751 4335 amictum,
768 4255 804 4322 et
822 4246 957 4322 eiectus
975 4255 1029 4322 est
1045 4271 1066 4319 a
1084 4245 1230 4342 synodo
1248 4249 1293 4320 Et
1310 4255 1388 4343 post
1405 4270 1455 4320 sec
1472 4245 1633 4342 synodus

411 4356 636 4434 oxelamavit.
649 4357 796 4434 Nicolao
806 4361 909 4457 Papo
923 4369 958 4434 et
968 4358 1030 4432 Ph.
1042 4358 1252 4455 patriarchae
1268 4359 1398 4433 multos
1410 4381 1530 4431 annos.
1542 4367 1633 4455 Apo

411 4469 572 4544 crisariis
591 4473 694 4568 Papae
712 4469 842 4546 multos
859 4494 980 4546 anuos.
