3618 5316
719 384 918 447 -345-

212 503 353 580 laudem
372 506 437 581 Dei
454 507 675 583 decorentur.
693 509 761 581 Pre
778 505 944 581 omnibus
961 513 1082 581 autam
1100 504 1287 581 licentiam
1304 507 1430 583 tribui-

213 643 293 693 mus
309 619 411 694 beato
428 619 602 696 Silvestre
625 630 661 696 et
686 619 951 696 successoribus
975 618 1054 694 eius
1078 643 1123 693 ex
1142 627 1262 694 nostro
1278 619 1429 712 indicto,

212 730 498 829 quemplacatus
514 732 652 830 proprio
669 730 817 807 consilio
833 731 1005 808 clericare
1022 729 1188 822 voluerit,
1204 741 1241 807 et
1253 731 1292 805 in
1304 758 1429 810 nume·

213 867 251 918 rc
268 842 518 940 religiosorum
535 844 746 921 clericorum
765 868 1034 934 connumerare,
1050 845 1192 919 nullum
1205 870 1250 920 cx
1266 847 1432 922 omnibus

211 958 1019 1058 praesumentemsuperbeagere.Decrevimus
1031 957 1152 1056 itaque
1165 967 1201 1034 ct
1214 959 1290 1049 hoc,
1303 969 1345 1035 ut
1357 960 1433 1058 ipse

210 1080 246 1147 et
262 1095 487 1148 successores
502 1071 591 1161 eius,
608 1071 806 1148 diademate
824 1071 1139 1148 videlieet'corona
1153 1096 1261 1170 quam
1275 1097 1319 1148 ex
1336 1073 1431 1173 capi-

123 1187 128 1196 '
181 1229 184 1234 -
211 1193 247 1259 te
263 1193 383 1258 nostro
399 1184 454 1258 illi
472 1184 714 1260 concessimus
731 1209 775 1260 ex
790 1208 877 1258 auro
898 1184 1090 1284 purissimo
1115 1194 1151 1259 et
1175 1183 1330 1280 gemmis
1356 1209 1433 1283 pre-

211 1296 293 1373 tiosi
311 1296 364 1371 uti
381 1297 531 1373 debeant
547 1321 609 1395 pro
625 1297 867 1374 honorabeati
886 1299 994 1374 Petri.
1008 1301 1088 1398 Ipse
1101 1320 1185 1372 vero
1201 1297 1433 1373 beatissimus

212 1412 308 1509 Papa
324 1434 431 1509 super
447 1433 612 1486 coronam
630 1409 954 1510 glericatusquem
971 1412 1071 1507 gerit
1087 1411 1132 1484 ad
1157 1409 1309 1506 gloriam
1337 1411 1433 1488 beati

211 1525 310 1600 Petri
322 1525 399 1623 ipsa
411 1549 455 1600 ex
466 1548 552 1600 auro
565 1548 635 1600 non
648 1534 704 1600 est
716 1549 843 1624 passus
856 1525 910 1599 uti
924 1545 1061 1599 corona.
1071 1522 1239 1618 Frigium
1252 1547 1337 1598 vero
1350 1549 1434 1599 can-

211 1637 291 1712 dido
306 1639 433 1728 nitore,
449 1637 670 1738 splendidam
689 1638 987 1715 resurrectionem
1006 1636 1221 1711 dominicam
1238 1636 1434 1734 designans

212 1751 290 1826 cius
307 1752 547 1827 sacratissimo
564 1753 693 1829 vertici
713 1747 880 1827 manib'us
905 1750 1036 1824 nostris
1056 1749 1300 1847 imposuimus.
1322 1753 1369 1825 Et
1384 1759 1435 1826 te·

213 1873 337 1939 nentes
354 1863 497 1939 frenum
515 1864 597 1962 equi
615 1864 742 1963 ipsius,
755 1887 817 1964 pro
835 1862 1037 1940 reverentie
1050 1862 1145 1938 beati
1158 1861 1257 1936 Petri
1270 1864 1433 1938 stratoris

213 1976 371 2052 officium
389 1976 441 2049 illi
460 1977 699 2052 exhibuimus.
717 1981 927 2054 Statuentcs
941 1976 1061 2052 eodem
1075 1975 1208 2071 frigido
1220 1998 1343 2050 omnes
1355 1975 1434 2051 aius

219 2113 440 2164 successores
457 2088 693 2186 singulariter
709 2091 763 2166 uti
781 2091 818 2164 in
836 2089 1118 2190 processionibus
1135 2089 1179 2162 ad
1196 2088 1433 2164 imitationem

216 2200 356 2299 imperii
367 2201 489 2276 nostri.
501 2201 603 2278 Unde
614 2213 654 2277 ut
663 2225 733 2276 non
743 2203 958 2301 pontificalis
968 2227 1058 2301 apex
1070 2201 1233 2292 vilescat,
1245 2201 1307 2276 sed
1316 2203 1434 2300 magis

212 2339 319 2414 quam
344 2314 478 2390 terreni
503 2316 643 2414 imperii
660 2316 832 2414 dignitas,
849 2317 967 2414 gloria
992 2325 1028 2390 et
1052 2314 1210 2414 potentia
1234 2314 1432 2405 decoretur,

209 2453 292 2505 ecce
308 2437 382 2504 tam
400 2429 572 2526 palatium
594 2439 757 2505 nostrum
772 2455 950 2530 quamque
968 2433 1162 2505 Romanam
1177 2429 1317 2520 urbem,
1337 2440 1374 2506 et
1399 2453 1433 2506 o

213 2564 313 2628 mnes
322 2539 437 2616 ltalia
449 2564 511 2615 seu
526 2541 801 2616 occidentalium
812 2543 1000 2640 regionum
1015 2541 1428 2643 provincias,lccas(rz'c),

210 2655 377 2732 civitates
390 2654 593 2730 beatissimo
606 2655 770 2731 Pontifici
789 2668 825 2732 et
838 2655 1036 2731 universali
1051 2659 1155 2755 Papae
1169 2654 1344 2731 Silvestre
1353 2680 1432 2731 con-

213 2769 399 2858 tradimus,
415 2777 523 2866 atque
541 2767 789 2866 relinquimus,
806 2779 843 2845 et
860 2770 904 2844 ab
922 2793 973 2859 eo,
990 2778 1027 2844 et
1042 2794 1062 2842 a
1077 2768 1342 2843 successoribus
1354 2769 1433 2845 eius

219 2882 482 2982 pragmaticum
501 2882 739 2958 constitutum
757 2883 983 2959 decernimus
999 2879 1213 2980 disponenda
1230 2890 1337 2980 atque
1362 2882 1433 2956 iuri

214 3005 348 3072 sanctae
362 2999 527 3070 Romanae
540 2995 712 3071 Ecclesiae
725 2996 955 3072 concedimus
968 2994 1217 3094 permanenda.
1234 2994 1336 3069 Unde
1353 3017 1435 3070 cou-

216 3135 351 3208 gruum
368 3109 612 3207 perspeximus
630 3119 792 3184 nostrum
818 3109 1010 3213 imperium
1035 3117 1071 3184 et
1097 3106 1200 3204 regni
1222 3114 1432 3205 potestatem

212 3221 445 3300 orientalibus
469 3222 665 3300 transferre
691 3223 909 3321 regionibus,
926 3233 962 3299 et
987 3224 1025 3296 in
1042 3223 1216 3298 Bizantiae
1241 3221 1434 3320 provinciae

212 3339 346 3438 optimo
358 3337 434 3413 loco
447 3336 581 3411 nomini
595 3347 714 3412 nostro
728 3338 912 3413 civitatem
930 3335 1113 3425 aedificari,
1129 3343 1165 3410 et
1182 3343 1343 3410 nostrum
1357 3335 1434 3412 illic

216 3451 385 3528 constitui
403 3450 603 3549 imperium.
622 3451 797 3539 Quoniam
816 3449 878 3524 ubi
902 3447 1125 3548 principatus
1150 3448 1373 3524 sacerdotum
1398 3459 1435 3525 ct

213 3564 428 3641 Christiana
441 3563 629 3660 religionis
642 3573 751 3662 caput
763 3563 808 3666 ab
821 3563 1034 3660 imperatore
1047 3561 1180 3636 caelcsti
1198 3561 1435 3637 constitutum

213 3689 278 3768 est,
295 3678 431 3753 iustum
450 3701 520 3754 non
538 3688 592 3755 est
609 3688 651 3754 ut
664 3678 741 3753 illie
753 3677 945 3775 imperator
960 3685 1125 3754 terrenus
1137 3675 1269 3751 habeat
1284 3685 1435 3774 potesta·

213 3801 297 3868 tem.
316 3796 402 3869 Hac
419 3815 503 3869 vero
520 3793 638 3868 omnia
651 3817 731 3891 quae
743 3815 805 3889 per
817 3790 910 3865 hanc
924 3788 1147 3888 imperialem
1162 3813 1302 3864 sacram
1320 3798 1354 3864 et
1372 3813 1435 3888 per

213 3905 286 3980 alia
302 3905 436 3980 divalia
452 3906 593 3983 decreta
611 3905 806 3981 statuimus
818 3913 854 3979 et
867 3903 1133 3993 confirmamus,
1146 3926 1260 4000 usque
1272 3902 1311 3975 in
1325 3902 1433 3978 finem

213 4019 340 4094 mundi
357 4019 496 4094 illibata
513 4029 550 4096 ct
566 4020 778 4096 inconcussa
792 4042 998 4117 permanere
1013 4017 1252 4094 decernimus.
1265 4017 1368 4092 Unde
1381 4039 1436 4092 co

214 4157 291 4207 ram
308 4135 381 4208 Deo
398 4133 481 4208 vivo
494 4134 555 4232 qui
569 4157 632 4209 nos
650 4157 803 4231 regnare
817 4131 994 4231 praecepit,
1007 4141 1043 4207 et
1059 4147 1179 4206 coram
1193 4129 1345 4206 terribili
1358 4130 1438 4206 eius

213 4245 345 4321 iudicio
362 4245 581 4320 obtestamur
597 4271 720 4322 omnes
737 4257 875 4323 nostros
893 4269 1117 4322 successores
1138 4246 1379 4346 imperatores,
1396 4255 1433 4321 et

214 4367 362 4435 cunctos
383 4359 583 4457 optimates,
604 4369 765 4460 satrapas
786 4361 894 4437 etiarn
916 4360 1251 4459 amplissimumque
1268 4369 1434 4434 senatum

214 4481 250 4548 et
263 4471 473 4548 universum
492 4472 661 4573 populum
675 4473 713 4550 in
727 4483 798 4552 toto
814 4475 897 4554 orbe
913 4483 1204 4553 terrarumnunc
1221 4473 1309 4550 etin
1321 4483 1434 4574 poste·
