3642 5294
745 432 784 444 ..
810 397 852 462 35
879 433 918 447 .-

220 524 284 621 qui
296 523 341 599 ob
354 523 478 620 culpas
491 544 578 594 suas
589 519 842 617 Episcoporum
857 541 1003 592 suorum
1016 519 1167 594 offensas
1180 529 1449 606 contraxerunt,

221 637 333 734 digne
347 636 456 712 etiam
470 660 492 708 a
505 633 634 710 ceteris
647 631 946 708 excommunicati
961 632 1128 709 similiter
1139 633 1350 724 habeantur,
1363 658 1447 733 quo

221 777 336 851 usque
354 751 392 824 iu
410 748 592 826 communi
610 747 669 822 vel
687 745 754 846 ipsi
777 747 949 847 Episcopo
967 772 1031 824 suo
1048 751 1167 824 visum
1186 750 1307 840 fuerit,
1324 749 1449 826 huma·

221 867 357 942 niorem
376 865 474 940 circa
487 887 546 938 eos
560 863 652 937 ferre
674 863 902 938 sententiam.
915 861 1099 936 Habeatur
1111 873 1231 938 autem
1246 863 1355 938 semel
1368 887 1449 940 cou-

223 981 349 1056 cilium
368 989 452 1054 ante
468 978 545 1054 dies
562 977 858 1075 quadragesimae,
875 985 916 1050 ut
941 976 1106 1052 omnibus
1130 979 1161 1053 si
1186 1003 1266 1075 quae
1291 988 1377 1053 sunt
1402 977 1450 1052 si·

221 1093 433 1169 multatibus
454 1089 651 1190 amputatis
676 1089 922 1188 mundumque
943 1088 1109 1189 sollaeque
1127 1091 1203 1190 (sie)
1222 1095 1294 1167 Deo
1316 1116 1448 1166 munus

222 1207 330 1307 possit
347 1207 476 1283 offerri.
495 1204 700 1281 Secundum
719 1227 803 1279 vero
820 1213 954 1300 agatur
971 1203 1069 1280 circa
1086 1215 1229 1303 tempus
1242 1205 1420 1280 autumni.

587 1436 652 1519 ΙΙΙ.
671 1433 730 1518 Ex
748 1433 881 1520 eodem
900 1397 981 1540 cap]
1000 1437 1081 1522 IIII.

316 1663 533 1761 Episcopum
547 1670 683 1760 oportet
694 1661 739 1736 ab
752 1662 918 1738 omnibus
930 1667 1116 1764 Episcopis
1129 1667 1159 1740 si
1173 1666 1251 1742 fieri
1261 1675 1375 1763 potest
1388 1667 1450 1764 qui

223 1788 310 1853 sunt
326 1775 486 1852 eiusdem
504 1775 698 1873 provincia
714 1775 882 1852 ordinari.
901 1778 940 1851 Si
958 1802 1043 1852 vero
1067 1779 1133 1856 hoc
1158 1778 1303 1855 difficile
1328 1779 1449 1867 fuerit,

119 1901 123 1908 '
222 1891 282 1968 vel
297 1893 419 1990 aliqua
436 1904 591 1988 urgente
609 1891 835 1979 necessitate,
854 1890 911 1966 vel
929 1891 1071 1966 itineris
1093 1892 1330 1988 longitudine,
1355 1901 1451 1967 certe

221 2018 295 2084 tres
313 2007 478 2106 Episcopi
495 2008 717 2083 debent'esse
735 2005 959 2103 congregati.
978 2009 1034 2079 Ita
1052 2014 1093 2081 ut
1110 2006 1219 2080 etiam
1238 2028 1363 2080 eorum
1389 2006 1451 2103 qui

222 2121 388 2198 absentes
406 2131 492 2196 sunt
509 2145 723 2196 consensum
748 2119 880 2194 litteris
896 2127 1056 2207 teneant,
1073 2129 1109 2193 et
1126 2119 1177 2193 ita
1202 2117 1339 2194 faciant
1363 2118 1453 2194 ordi·

222 2237 414 2314 nationem.
433 2240 593 2312 Potestas
610 2261 695 2311 sane
713 2234 772 2311 vel
790 2232 1012 2309 confirmatio
1029 2232 1233 2330 pertinebit
1244 2257 1306 2331 per
1323 2233 1449 2328 singu·

223 2352 277 2426 las
294 2351 497 2450 provincias
513 2351 558 2424 ad
577 2347 898 2446 Metropolitanum
908 2346 1134 2444 Episcopum.

319 2465 503 2541 Ineodem.
516 2467 559 2537 In
574 2487 644 2537 una
653 2461 804 2538 civitate
818 2460 887 2535 duo
900 2460 1064 2558 Episcopi
1075 2484 1154 2536 esse
1167 2484 1237 2536 non
1251 2459 1452 2536 videantur.

320 2581 410 2654 Item
427 2577 467 2650 in
484 2576 615 2651 eodem.
631 2573 766 2650 Nullus
783 2572 940 2650 clericus
956 2574 995 2648 in
1012 2575 1150 2650 duabus
1167 2574 1330 2652 ecclesiis
1348 2575 1453 2649 mini-

224 2703 337 2767 strare
355 2699 557 2789 praesumat.

584 2922 666 3004 1111.
685 2919 745 3004 Ex
764 2920 896 3006 eodem
916 2943 997 3025 cap.
1016 2921 1077 3006 VI.

295 3153 364 3224 Per
380 3148 497 3222 omnia
517 3159 639 3224 autem
658 3149 889 3222 manifestum
907 3157 961 3222 eet
979 3149 1064 3245 quia
1083 3147 1112 3218 si
1130 3148 1212 3245 quis
1237 3156 1367 3245 prater
1392 3169 1451 3220 vo

224 3263 399 3338 luntatem
413 3272 449 3337 et
462 3261 717 3338 conscientiam
735 3261 997 3361 metropolitani
1012 3261 1178 3360 Episcopi
1191 3262 1302 3337 luerit
1315 3261 1452 3336 ordina·

223 3387 292 3464 tus,
312 3375 379 3452 lroc
405 3375 607 3453 Concilium
627 3399 801 3471 magnum
827 3384 863 3450 et
886 3387 1052 3452 sanctum
1072 3376 1214 3452 censuit
1233 3399 1305 3450 non
1325 3373 1453 3450 debere

224 3513 300 3564 esse
318 3489 544 3588 Episcopum.
562 3491 656 3563 Sane
673 3489 704 3563 si
721 3491 903 3564 communi
921 3493 1080 3566 omnium
1098 3515 1275 3567 consensu
1301 3491 1454 3564 rationa-

223 3601 344 3678 biliter
361 3602 504 3700 probato
518 3603 716 3678 secundum
728 3603 1012 3680 ecclesiasticam
1029 3604 1209 3702 regulam,
1226 3604 1295 3678 duo
1309 3603 1368 3678 vel
1381 3614 1455 3677 tres

224 3717 450 3793 animositate
463 3718 563 3792 ducti
577 3742 639 3815 per
651 3717 916 3793 contentionem
929 3717 1191 3805 contradicunt,
1204 3717 1363 3814 optineat
1376 3715 1454 3815 plu·

225 3832 395 3905 rimorum
414 3832 591 3907 sententia
608 3833 843 3908 sacerdotum.
860 3835 907 3906 Et
924 3842 1052 3908 cetera.
1065 3835 1155 3906 Item
1170 3831 1209 3904 in
1223 3831 1453 3928 subscriptio·

223 3945 341 4018 nibus.
359 3946 465 4020 Osius
483 3947 681 4045 Episcopus
699 3945 941 4022 Cordubensis
955 3944 1147 4042 provinciae
1160 3943 1343 4042 Hispaniae
1356 3944 1456 4040 lega·

224 4067 284 4134 tus
302 4060 503 4158 Apostolice
520 4061 622 4137 Sedis
639 4072 774 4135 sancta
794 4063 888 4133 ltom.
907 4057 1067 4134 Ecclesie
1085 4057 1169 4132 dixi.
1187 4060 1244 4132 Ita
1261 4057 1375 4132 credo.
1390 4057 1452 4128 Vi-

225 4181 302 4247 ctor
319 4181 356 4249 et
372 4172 589 4248 Vincentius
603 4171 809 4272 Presbyteri
829 4185 865 4249 et
878 4173 1005 4270 Legati
1019 4183 1154 4248 sancta
1168 4171 1382 4271 Apostolicoe
1396 4173 1456 4244 Se-

225 4286 279 4360 dis
296 4285 469 4362 Ecclesia
487 4289 584 4362 Rom.
601 4287 903 4386 subscripserunt.
