3638 5294
732 419 772 436 ..
797 388 864 454 449
889 421 932 436 ..

215 503 336 580 clesiae
349 503 562 604 aliquotiens
575 531 644 582 non
658 533 702 614 ox
715 509 912 599 voluntate,
924 509 985 586 sed
999 533 1043 588 ex
1054 508 1268 586 necessitate
1281 518 1439 609 peccato-

215 639 352 692 resnou
367 629 541 714 arguunt,
550 630 592 696 ιιι
604 621 699 696 iuter
712 622 899 719 spirituale
909 623 1212 698 medicamentum
1226 633 1262 697 ιι
1276 622 1438 698 caritatis

215 729 410 805 artificium
432 732 602 832 superbos
618 757 776 832 quosque
798 736 907 810 etiam
928 735 1115 832 indignius
1135 735 1301 811 laudibus
1323 757 1440 832 prose·

216 853 436 940 quantusue
448 846 534 920 dum
547 846 603 920 illi
616 847 833 924 erubescunt
845 849 935 922 falsa
948 873 1026 925 esse
1039 873 1118 947 quae
1130 849 1174 924 de
1190 849 1242 923 eis
1254 847 1381 924 dicunt
1393 848 1439 923 ad

215 957 497 1035 emendationem
509 959 606 1051 vitas,
615 971 651 1036 ιι
660 961 750 1036 bona
764 956 868 1060 opera
880 973 1130 1062 provocentur,
1139 963 1337 1044 secundum
1346 960 1438 1036 illud

216 1068 309 1166 quod
327 1070 501 1168 scriptum
519 1083 583 1162 est,
601 1074 692 1172 quod
705 1073 874 1150 laudatur
886 1085 1050 1172 peccator
1062 1077 1101 1149 in
1114 1075 1297 1151 desideriis
1309 1075 1440 1148 anima

214 1205 299 1270 suae,
316 1191 352 1256 et
374 1183 434 1280 qui
452 1183 576 1282 iniqua
593 1185 690 1281 gerit
706 1187 939 1264 benedicitur.
957 1193 1003 1263 Et
1020 1189 1105 1288 qnia
1122 1213 1208 1264 vera
1228 1197 1283 1263 est
1304 1186 1368 1260 illa
1385 1211 1440 1260 sa-

166 1367 170 1374 ,
215 1292 348 1390 pientis
362 1296 433 1370 viri
446 1299 634 1388 sententia,
644 1299 739 1374 sicut
752 1325 837 1376 vera
847 1301 1094 1390 laushonorat,
1104 1302 1154 1374 ιιι
1167 1301 1257 1375 falsa
1270 1300 1439 1396 castigat.
1532 1361 1536 1368 .

217 1409 296 1481 Non
314 1418 505 1511 est-tamen
522 1410 740 1508 impossibile
753 1415 836 1505 Deo,
849 1425 891 1489 ιιι
903 1415 1011 1490 etiam
1030 1415 1084 1488 illi
1101 1415 1163 1513 qui
1180 1412 1350 1488 humanis
1363 1411 1439 1486 lau·

214 1520 320 1596 dibus
337 1521 483 1598 invitati
501 1524 590 1601 bona
608 1550 712 1623 opera
729 1551 894 1602 exercere
916 1528 1085 1625 ceperint.
1101 1529 1198 1601 Deus
1215 1525 1289 1599 illis
1306 1525 1374 1600 hoo
1398 1524 1437 1598 iu

213 1657 370 1708 amorem
387 1647 424 1710 et
440 1639 733 1713 consuetudinem
753 1649 950 1729 convertat,
968 1640 1165 1718 secundum
1183 1638 1274 1714 illud
1291 1639 1383 1736 quod
1395 1638 1438 1713 de

215 1747 437 1843 sapientibus
453 1749 595 1824 dieitur.
612 1754 708 1828 Bene
726 1775 970 1841 consuescere,
984 1753 1133 1880 pudebit
1149 1753 1366 1828 desuescere.
1391 1755 1439 1836 Et

214 1871 356 1936 rt.erum
382 1864 479 1936 Boua
496 1863 696 1962 loquamur,
721 1867 873 1948 ιιιιιιιιι
898 1889 1013 1946 sermo
1037 1867 1075 1940 ιιι
1101 1865 1207 1942 effect
1191 1874 1283 1942 t.um
1304 1869 1393 1942 Beat
1377 1873 1438 1942 tus

211 1980 333 2048 tamen
350 1974 527 2051 Iohannes
522 1976 685 2074 plenae
687 1979 876 2077 tperfeota
893 1979 1057 2056 libertate
1075 1979 1203 2063 maluit
1187 1977 1355 2062 ιιιιιιιιιι
1379 2003 1438 2055 su

132 2177 134 2182 Ι
212 2087 356 2181 ιιιιιιιι,
373 2113 481 2188 quam
498 2089 594 2167 iusta
611 2115 682 2170 non
700 2092 829 2230 dicere.

749 2285 903 2370 curu.

554 2487 637 2538 Item
655 2488 687 2539 in
704 2487 787 2541 llbro
807 2487 850 2540 de
869 2487 1002 2542 civitate
1021 2490 1088 2542 Det.

305 2649 398 2721 Nam
415 2655 451 2721 et
468 2647 570 2721 miles
587 2672 671 2722 cum
696 2649 860 2724 obediens
886 2651 1062 2747 potestati,
1087 2651 1246 2748 subque
1270 2648 1435 2745 legitimo

211 2759 433 2834 constitutus
445 2760 505 2834 hic
522 2760 701 2836 hominem
719 2761 859 2851 occidit,
876 2761 976 2836 nulla
994 2763 1156 2838 civitatis
1173 2787 1239 2837 sua
1256 2761 1436 2858 degerens

212 2873 267 2948 cst
283 2873 476 2966 homicidii,
493 2875 565 2948 imo
581 2875 651 2948 nisi
669 2875 825 2959 fecisset,
842 2897 928 2962 reus
943 2886 998 2964 est
1021 2876 1162 2976 imperii
1176 2876 1309 2953 deserti
1327 2884 1435 2974 atque

211 2988 414 3086 contempti.
432 2988 531 3077 Quod
548 2989 578 3062 si
598 3015 663 3063 sua
680 2989 878 3088 spontevel
896 2990 1109 3066 auctoritate
1126 2989 1281 3080 fecisset,
1294 2988 1434 3064 crimen

210 3101 359 3176 humaui
376 3102 521 3199 generis
537 3103 639 3177 effusi
657 3103 850 3186 incidisset,
868 3105 993 3200 Itaque
1015 3103 1109 3177 unde
1127 3101 1275 3200 punitur
1288 3103 1319 3176 si
1333 3101 1436 3178 fecis·

211 3227 266 3292 set
283 3217 454 3306 iniussus,
471 3216 552 3291 inde
580 3216 729 3314 punitur
745 3214 816 3290 nisi
832 3216 960 3292 fecerit
984 3215 1115 3292 iussus
1132 3215 1239 3304 Quodw
1257 3215 1288 3290 si
1313 3213 1364 3290 ita
1381 3223 1437 3290 est

211 3331 356 3406 iubente
374 3331 792 3428 imperatorequantum
809 3330 891 3426 agis
916 3329 1060 3405 iubente
1078 3330 1269 3404 Creatore?
1290 3326 1359 3416 Qui
1381 3351 1435 3404 ers
1497 3389 1500 3396 .

210 3445 479 3540 gosauditnon
497 3442 604 3518 licere
621 3442 794 3530 οιιιιιιιι,
811 3441 922 3518 faciat
947 3469 1037 3516 suus
1061 3443 1109 3517 sit
1129 3441 1236 3516 cuius
1257 3464 1327 3515 non
1349 3439 1435 3514 licet

210 3559 309 3633 iussa
333 3568 568 3636 contemnere.
587 3555 846 3630 Tantummodo
872 3555 1004 3644 videet,
1021 3565 1146 3630 utrum
1171 3553 1296 3629 divina
1320 3547 1430 3628 iussio

208 3672 311 3752 ,nullo
335 3681 440 3752 nutet
468 3671 613 3746 incerto.
647 3673 721 3744 Nos
754 3691 947 3767 pauperem
977 3667 1234 3744 conscientiam
1263 3667 1431 3741 conveni·

211 3813 305 3876 mus,
321 3785 542 3865 occultorum
560 3783 661 3858 nobis
678 3782 852 3858 iudicium
871 3803 941 3854 uon
960 3803 1186 3876 usurpamus.
1197 3781 1320 3854 ,Nemo
1336 3775 1433 3852 enim

211 3899 280 3975 soit
296 3900 382 3997 quid
399 3906 531 3993 agatur
548 3897 587 3978 in,
603 3895 757 3986 homine,
774 3894 846 3971 nisi
863 3893 1012 3992 spiritus
1029 3891 1184 3966 hominis
1204 3891 1265 3990 qui
1291 3889 1330 3964 in
1356 3888 1432 3988 ipso

210 4023 273 4086 est.
292 4015 347 4086 Ex
363 4014 415 4084 VI
431 4010 522 4084 libro
538 4008 736 4084 Bur-ohardi
755 4005 920 4105 Episcopi
941 4029 1018 4102 cap.
1032 4006 1154 4079 XLII.
1180 4004 1251 4091 Qui
1276 4001 1435 4100 percutit

211 4125 322 4200 malos
339 4126 376 4201 iu
393 4148 434 4200 eo
451 4122 543 4249 quod
560 4121 647 4196 meli
665 4131 761 4213 sunt,
774 4131 811 4196 ιι
827 4119 934 4194 habet
951 4141 1097 4194 causam
1111 4113 1381 4204 interiectionis,
1393 4126 1436 4188 ιιι

205 4237 387 4370 percutiat
405 4237 585 4334 pessimos,
603 4235 765 4310 minister
781 4233 918 4308 Deit
864 4241 927 4308 est.
945 4231 1200 4357 Hieronymus.
1226 4227 1434 4302 Homicidas

210 4351 466 4456 etsoorilegos
483 4349 620 4473 punire,
641 4369 711 4420 non
738 4358 793 4421 est
816 4346 940 4420 effusio
958 4343 1166 4439 sanguinis.
1192 4342 1434 4438 Augustinus.

121 4493 124 4496 ·
211 4466 322 4552 Quae
312 4475 359 4540 ιιι
344 4462 539 4540 tavauitas
550 4461 618 4533 uni
627 4483 783 4556 parcere,
795 4467 831 4532 et
843 4481 964 4532 omnes
977 4457 1014 4530 in
1028 4457 1221 4532 discrimen
1234 4455 1436 4538 adducere?

1215 4571 1251 4626 ao
