3618 5316
721 397 920 462 -357-

210 543 309 610 ceses
322 541 393 593 non
407 542 484 593 esse
501 518 708 609 servandas,
725 542 852 594 verum
866 528 902 596 et
919 520 963 596 de
976 521 1118 620 propria
1131 521 1284 599 ecclesia
1298 546 1366 623 que
1379 524 1435 600 illi

207 630 300 706 male
317 631 488 706 faverunt
503 630 702 706 omnimodo
718 631 966 723 annitendum,
989 642 1030 708 ut
1048 634 1157 709 etiam
1183 638 1440 742 auctoritatem⁸

206 745 349 843 publica
373 744 581 835 reiciantur,
598 754 706 843 atque
731 745 775 820 ab
793 745 880 843 ipsis
896 745 1154 845 principalibus
1178 749 1356 824 cathedris
1381 775 1434 826 re·

207 866 425 942 moveantur.
442 857 611 934 Universi
634 858 799 957 Episcopi
823 858 1000 940 dixerunt.
1025 858 1156 936 Placet.
1182 859 1315 936 Placet.
1340 865 1431 938 Item

205 972 243 1044 iu
261 973 380 1047 eodem
398 996 443 1046 ex
459 995 534 1069 cap.
547 973 621 1046 LX.
643 971 736 1059 Quia
748 966 937 1070 impletum
955 981 1009 1048 εει
1026 997 1113 1069 erga
1132 974 1336 1050 Donatistae
1350 971 1433 1074 'epi-

206 1084 344 1183 scopale
368 1109 411 1160 ac
437 1084 627 1182 pacificum
652 1085 806 1160 officium
834 1096 870 1162 ει
894 1085 949 1159 illi
972 1085 1034 1185 qui
1055 1087 1201 1162 veritati
1222 1089 1431 1186 respondere

204 1197 448 1296 nequiverunt
459 1197 505 1272 ad
518 1197 694 1273 immanes
711 1197 901 1289 violentias
918 1210 1005 1275 sunt
1022 1201 1197 1290 conversi,
1213 1201 1265 1276 ita
1283 1211 1324 1277 ιιι
1341 1203 1432 1277 mul-

205 1319 259 1387 tos
276 1311 466 1410 Episcopus
479 1319 514 1386 et
528 1309 694 1398 Clericus,
707 1322 749 1387 ut
761 1311 803 1386 de
815 1299 918 1388 laicis
931 1322 1125 1404 taceamus,
1138 1313 1278 1389 insidiis
1291 1339 1430 1414 oppres-

205 1424 328 1512 serint,
336 1422 507 1499 ecclesias
516 1423 624 1498 etiam
637 1422 777 1521 aliquas
786 1423 997 1515 invaserint,
1006 1427 1265 1524 Imperatorum
1275 1426 1430 1536 clemen·

205 1537 266 1612 tia
283 1547 337 1613 est
353 1538 425 1611 iam
442 1536 637 1626 consulere,
654 1546 697 1611 ut
714 1535 876 1612 Ecclesia
891 1535 1076 1612 Catholica
1089 1561 1168 1636 quae
1180 1563 1238 1614 eos
1252 1539 1381 1635 genuit
1393 1550 1430 1617 et

204 1651 285 1727 fidei
306 1653 474 1726 firmitate
499 1650 668 1740 nutrivit,
689 1673 812 1726 eorum
837 1651 947 1726 etiam
973 1651 1216 1750 prospectione
1232 1651 1428 1744 muniatur,

203 1789 248 1840 ne
273 1765 454 1840 temerarii
474 1763 637 1840 homiues
653 1763 831 1860 religiosis
855 1765 1074 1865 temporibus
1098 1765 1259 1842 infirmos
1283 1767 1429 1866 populos

203 1879 365 1954 terrendo
391 1877 620 1977 prevaleant,
645 1876 812 1974 quoniam
838 1879 1006 1954 scandalo
1031 1879 1225 1977 depravare
1255 1903 1326 1955 non
1352 1903 1427 1977 pos·

204 2003 298 2067 sunt.
315 1996 409 2067 Nota
425 2002 480 2068 est
497 1992 593 2067 enim
612 2001 648 2066 et
664 2015 747 2090 sepe
765 1991 907 2088 legibus
924 1991 1146 2066 conclamata
1171 1992 1429 2068 circumcellio-

203 2133 290 2182 num
309 2131 380 2205 qua
398 2099 538 2181 furiunt
554 2105 776 2182 detestabilis
793 2131 933 2195 manns,
947 2119 1026 2204 quae
1043 2106 1156 2180 etiam'
1169 2105 1327 2205 ipsorum
1345 2107 1428 2183 reli·

203 2221 386 2316 giosorum
405 2245 513 2319 supra
530 2220 733 2318 principum
747 2220 993 2319 frequentibus
1007 2219 1253 2294 sanctionibus
1265 2221 1428 2296 condem·

202 2344 310 2432 pnata
327 2343 392 2409 est.
408 2334 592 2410 Adversus
609 2356 697 2432 quos
713 2333 870 2407 furorem
888 2356 1076 2430 possumus
1094 2355 1163 2407 non
1185 2327 1341 2423 insolita,
1357 2359 1425 2410 nec

202 2473 224 2520 a
240 2448 430 2546 scripturis
446 2448 561 2524 sacris
572 2448 689 2536 aliena
703 2447 893 2545 impetrare
906 2446 1081 2546 praesidia,
1093 2445 1234 2544 quando
1246 2447 1425 2545 apostolus

204 2561 340 2636 Paulus
356 2561 452 2636 sicut
468 2561 505 2634 in
524 2561 666 2636 actibus
684 2560 934 2660 Apostolorum
956 2560 1119 2635 fidelibus
1136 2571 1261 2635 uotum
1286 2571 1350 2651 est,
1375 2563 1426 2636 fa·

205 2675 397 2750 otiosorum
411 2673 707 2774 conspirationem
722 2673 872 2750 militari
886 2675 994 2750 etiarn
1007 2673 1188 2750 submovit
1199 2675 1341 2751 auxilio.
1355 2679 1425 2771 Sed

200 2812 264 2864 nos
277 2789 365 2864 illud
378 2789 553 2887 possimus
566 2799 608 2863 ut
620 2788 806 2864 catholicis
818 2787 990 2864 aecclesiis
1003 2813 1065 2887 per
1077 2789 1246 2864 civitates
1258 2789 1424 2887 singulas

202 2917 238 2978 et
251 2902 456 2978 vicinarum
474 2927 782 3002 quarumcumque
808 2903 1067 3000 possessionum
1092 2927 1154 3002 per
1178 2903 1321 2979 diversa
1345 2904 1423 2980 loca

202 3016 279 3091 sine
295 3015 371 3090 ulla
383 3015 666 3092 dissimulatione
683 3017 789 3092 tuitio
803 3016 1012 3114 praebeatur.
1025 3020 1073 3092 Et
1085 3017 1189 3091 infra.
1203 3017 1349 3093 Adhaec
1360 3043 1423 3092 an·

202 3141 273 3206 tem
291 3129 420 3218 omnia,
436 3129 598 3228 praesidio
615 3152 702 3228 opus
719 3141 774 3206 cst
791 3139 1005 3230 potestatum
1023 3157 1171 3208 suarum
1197 3158 1422 3234 quarumque

203 3265 478 3341 provinciarum.
1276 3265 1278 3270 ·

728 3369 891 3454 XXVIII.

584 3547 635 3600 ux
652 3547 757 3611 prima
775 3532 917 3612 'epistola
934 3546 1037 3601 naeu.

297 3699 456 3777 Subiecti
482 3710 594 3777 estote
618 3701 714 3777 omni
739 3700 906 3777 humanae
930 3710 1105 3778 creatura
1129 3712 1271 3802 propter
1293 3705 1420 3811 Deum,

200 3813 278 3888 aive
296 3813 376 3910 regi
393 3813 495 3912 quasi
512 3814 742 3914 praecellenti,
755 3815 832 3890 sive
849 3816 1000 3891 ducibus
1018 3824 1202 3916 tamquam
1219 3817 1263 3893 ab
1277 3823 1321 3893 'eo
1336 3801 1421 3892 inis-

199 3929 251 4003 sis
268 3927 314 4003 ad
330 3928 528 4004 vindictam
551 3929 835 4017 malefactorum,
852 3929 991 4004 laudern
1018 3939 1103 4006 tero
1126 3931 1308 4006 bonorum.
1326 3933 1420 4020 Quia

201 4042 254 4120 sic
283 4052 338 4118 est
361 4043 528 4118 voluntas
546 4043 622 4119 Dei.
640 4047 687 4119 Et
710 4044 817 4142 paulo
845 4053 932 4141 post.
950 4047 1037 4132 Quae
1064 4045 1160 4122 e'nirn
1185 4045 1302 4144 gloria
1318 4056 1373 4123 est
1388 4047 1420 4124 si

201 4167 390 4255 peccantes
414 4155 593 4255 punimini
613 4166 649 4233 et
665 4157 851 4233 suffertis?
876 4156 914 4230 Si
939 4157 1226 4236 benefacientes
1243 4160 1419 4258 patimini,

201 4281 237 4346 et
254 4273 430 4368 patienter
447 4271 645 4360 sustinetis,
663 4271 739 4348 baec
765 4281 820 4348 est
844 4271 965 4366 gratia
989 4273 1084 4370 apud
1100 4274 1226 4348 Deum.
1242 4277 1289 4348 Et
1314 4273 1419 4349 infra.

201 4389 316 4460 Nemo
332 4395 495 4461 vestrum
513 4385 671 4484 patiatur
687 4386 995 4484 qnasihomicida,
1011 4398 1075 4462 aut
1100 4389 1170 4480 fur,
1187 4395 1252 4463 a'nt
1276 4389 1420 4466 maledi-

200 4523 277 4590 cus,
293 4507 357 4574 aut
385 4499 583 4576 alienorum
612 4501 794 4601 appetitor.
812 4501 851 4576 Si
880 4510 999 4578 autem
1029 4513 1072 4581 ut
1098 4503 1330 4594 christianus,
1347 4528 1418 4580 nou
