3642 5294
728 424 901 488 ..θῖ-

198 541 290 613 tium
310 551 485 639 procuret.
505 547 548 616 Et
565 543 651 618 dnm
669 544 796 618 iterato
811 529 946 619 iudicio
965 545 1129 620 Pontifex
1145 561 1292 620 causam
1317 572 1421 622 suam

197 655 431 750 agitandus
447 657 542 734 alius
559 658 596 731 in
614 659 693 733 eius
711 659 787 734 loco
812 669 963 756 ponatur
988 658 1047 733 vel
1072 659 1255 734 ordinetur
1281 661 1423 758 Episoo

197 793 277 868 pus.
295 773 470 859 Quoniam
489 799 705 873 quamquam
724 773 1085 872 comprovincialibus
1111 775 1294 874 Episcopis
1318 802 1424 853 accu-

198 885 268 957 sati
286 910 433 960 causam
452 889 628 985 pontificis
645 889 801 964 scrutari
823 888 931 964 liceat
956 913 1026 963 non
1051 897 1172 964 tamen
1197 890 1345 966 definire
1369 891 1423 965 in-

199 999 362 1075 consulto
379 1004 537 1092 Romano
555 1003 726 1078 Pontifice
751 1003 965 1102 permissum
991 1015 1057 1089 est,
1083 1029 1166 1079 cum
1193 1004 1294 1079 beato
1320 1009 1424 1080 Petro

198 1113 365 1210 Apostolo
382 1139 451 1189 non
469 1117 515 1190 ab
530 1116 601 1192 alio
617 1141 724 1215 quam
741 1142 762 1190 a
780 1117 929 1192 Domino
946 1118 994 1191 sit
1015 1117 1162 1194 dictum.
1187 1121 1423 1217 Quacumque

199 1226 375 1324 ligaveris
392 1239 428 1303 et
446 1229 594 1328 reliqua.

297 1348 343 1417 Et
359 1343 457 1434 alibi,
474 1344 652 1418 institutis
670 1343 807 1439 legitur
824 1345 1047 1443 Apostolicis.
1072 1346 1111 1420 Si
1136 1347 1217 1444 quis
1242 1348 1423 1444 putaverit

199 1482 236 1530 se
253 1483 274 1531 a
290 1458 430 1556 proprio
447 1457 718 1555 metropolitano
735 1460 883 1553 gravari
901 1460 996 1556 apud
1010 1459 1256 1535 Patriarobam
1271 1459 1330 1535 vel
1349 1460 1423 1534 Pri·

200 1581 332 1647 matem
350 1573 538 1660 dioceseos,
555 1582 619 1646 aut
636 1595 743 1669 penes
762 1571 1005 1648 universalem
1024 1572 1236 1672 Apostolicae
1254 1573 1423 1650 Ecclesiae

199 1685 380 1761 iudicetur
397 1687 528 1760 sedem.

295 1805 341 1876 Et
358 1801 462 1874 inlra.
481 1800 686 1898 Culpantur
704 1809 745 1874 ut
758 1801 932 1898 scriptum
946 1811 1001 1876 est
1015 1801 1145 1876 fratres
1158 1801 1313 1900 qualiter
1325 1802 1423 1878 circa

198 1916 389 2014 Episcopos
406 1915 567 1991 iudicare
584 1924 807 2012 praesumunt
824 1939 932 2012 quam
950 1913 1261 2012 apostolicaesedis
1287 1919 1419 2014 Papam

197 2030 357 2105 iudicare
375 2030 564 2128 placuerit.

743 2259 886 2343 Lvssll.

295 2487 514 2585 Zepherinus
542 2490 710 2562 Romana
736 2485 843 2560 Urbis
869 2486 1177 2584 Arolriepiscopus,
1203 2486 1422 2562 Patriarchar

198 2603 258 2678 uel
272 2603 448 2678 Primates
461 2611 671 2678 accusatum
685 2599 920 2676 discutientes
934 2599 1147 2698 Episcopum
1161 2609 1328 2675 nonanta
1345 2625 1423 2675 sen·

198 2715 351 2790 tentiam
369 2715 549 2814 proferant
562 2714 739 2790 finitivam
756 2737 862 2811 quarn
879 2711 1081 2808 Apostolica
1099 2711 1182 2787 fulti
1199 2713 1422 2789 auctoritate.

198 2833 247 2904 Et
262 2831 369 2928 paulo
385 2841 475 2928 post,
492 2829 574 2902 finis
591 2853 676 2903 vero
693 2827 770 2903 eius
787 2852 906 2902 causae
923 2825 967 2900 ad
981 2826 1100 2902 sedem
1114 2827 1353 2923 Apostolioam
1366 2826 1424 2901 de-

198 2945 337 3019 seratur
355 2953 396 3018 ut
412 2943 544 3019 ibidem
562 2942 787 3019 terminetur.
802 2941 859 3015 Ad
871 2966 951 3016 eam
964 2965 1103 3040 quoque
1115 2941 1159 3016 ab
1172 2941 1338 3016 omnibus
1351 2965 1423 3014 ma·

197 3058 292 3132 ‚rime
309 3069 431 3132 tamen
452 3057 497 3131 ab
518 3056 695 3154 oppressis
719 3055 971 3154 appellandum
996 3067 1052 3132 est
1075 3065 1111 3132 et
1135 3055 1421 3132 concurrendum

197 3169 300 3268 quasi
310 3169 355 3243 ad
364 3178 525 3244 matrem.
534 3167 709 3256 Quoniam
724 3167 875 3244 maiores
888 3193 1006 3244 causae
1018 3170 1178 3246 ecclesia
1190 3169 1234 3244 ab
1247 3193 1288 3244 ea
1302 3177 1339 3243 et
1350 3191 1421 3242 non

196 3285 241 3359 ab
256 3284 330 3358 alia
346 3294 432 3359 sunt
448 3283 691 3360 terminandae.
708 3282 801 3370 Quia
818 3283 903 3358 licet
920 3282 958 3355 in
976 3283 1065 3358 alios
1082 3282 1323 3358 transferatur
1339 3281 1421 3378 Epi·

197 3421 330 3498 scopus,
346 3398 448 3474 beato
464 3409 587 3473 tamen
605 3396 771 3495 Apostolo
796 3399 902 3471 Petro
926 3395 1063 3470 dictum
1089 3405 1154 3470 est.
1178 3399 1421 3492 Quaecumque

199 3513 386 3609 ligaveris
403 3521 439 3588 et
457 3511 603 3609 reliqua.
620 3513 668 3584 Et
680 3509 784 3584 infra.
798 3507 997 3604 Privilegia
1011 3533 1090 3606 qua
1102 3507 1176 3583 sola
1189 3507 1275 3583 huic
1288 3515 1421 3582 sanotae

199 3627 280 3702 Sodi
298 3649 467 3702 concessa
489 3635 575 3699 sunt
598 3634 635 3699 et
660 3624 698 3698 in
723 3621 929 3700 constitutis
954 3621 1201 3720 Apostolorum
1227 3643 1420 3718 eorumque

197 3763 444 3817 successorum
467 3738 549 3813 aliis
574 3735 851 3838 quamplurimis
876 3761 959 3810 cunr
985 3735 1037 3811 eis
1061 3735 1333 3811 concinantibus
1361 3734 1422 3808 ha·

196 3855 328 3930 bantur
356 3853 502 3926 inserta.
523 3851 720 3946 Sexaginta
745 3851 841 3925 enirn
867 3849 1027 3948 Apostoli
1044 3849 1242 3925 sententias
1264 3849 1428 3958 prefixa·

197 3975 284 4040 runt
311 3989 395 4040 cum
423 3962 506 4037 aliis
534 3961 811 4060 quamplurimis
842 3963 1026 4061 Episcopis
1051 3973 1087 4038 et
1112 3963 1308 4038 servandas
1336 3986 1418 4037 corr·

197 4090 361 4157 suerunt.

788 4219 857 4302 LX.

292 4422 453 4497 Calistus
472 4421 770 4520 Archiepiscopus
788 4417 948 4494 Ecclesia
966 4419 1150 4494 Catholice
1168 4419 1276 4495 Urbis
1301 4423 1420 4496 Rornae

197 4537 292 4610 inter
309 4546 437 4610 cetera.
454 4535 554 4611 Nulli
572 4535 721 4610 dubium
739 4533 897 4632 estquod
913 4533 1113 4631 Apostolica
1129 4535 1290 4610 Ecclesia
1304 4536 1420 4608 Mater
