3646 5292
775 407 779 413 ·
893 385 1086 448 -178-

933 594 1048 680 VIIII.

540 793 590 844 Ex
608 792 741 844 coneilio
761 791 947 846 sardicensi
967 793 1051 846 ccc.
1071 793 1203 860 patrum
1221 797 1444 880 cap3XXV11.

478 956 585 1030 osius
598 955 794 1054 Episcopus
806 955 906 1030 dixit.
924 957 1024 1044 Quod
1037 983 1093 1034 me
1107 959 1225 1035 adhue
1239 969 1357 1034 movet
1371 960 1519 1036 reticere
1533 986 1605 1036 non

381 1069 498 1145 debeo
516 1070 554 1144 Si
572 1070 652 1169 quis
670 1069 864 1168 Episcopus
881 1070 972 1146 forte
989 1071 1185 1146 iracundus
1211 1073 1304 1170 quod
1322 1097 1399 1147 esse
1416 1073 1607 1165 nondebet

383 1184 454 1260 cito
467 1193 503 1259 et
519 1209 643 1283 aspere
660 1195 925 1260 commoveatur
942 1185 1116 1259 adversus
1133 1184 1381 1283 presbyterum
1400 1186 1478 1261 sive
1491 1185 1608 1260 diaco-

381 1323 463 1373 nem
477 1324 596 1389 suum,
609 1307 645 1373 et
656 1298 893 1374 exterminare
907 1323 990 1373 eum
1003 1299 1046 1373 de
1059 1299 1221 1374 aecclesia
1240 1299 1405 1389 soluerit,
1422 1301 1608 1396 providen-

382 1412 467 1487 dum
485 1420 539 1486 est
556 1436 601 1486 ne
618 1411 789 1488 innocens
805 1412 1006 1500 damnetur,
1024 1421 1088 1486 aut
1105 1412 1228 1510 perdat
1245 1413 1542 1489 communionem.
1559 1415 1607 1487 Et

381 1523 458 1598 ideo
473 1523 602 1600 habeat
619 1534 828 1622 potestatem
845 1524 877 1600 is
890 1525 952 1623 qui
965 1526 1125 1602 abiectus
1143 1537 1209 1617 est,
1227 1537 1269 1601 ut
1286 1527 1475 1625 Episcopus
1499 1527 1608 1600 finiti·

383 1661 457 1713 mos
474 1638 678 1737 interpellet
699 1650 740 1714 ut
756 1665 865 1716 causa
883 1639 961 1714 eius
977 1639 1156 1728 audiatur,
1173 1665 1216 1715 ae
1241 1640 1452 1737 diligentius
1476 1650 1607 1716 tracte·

385 1761 456 1842 tur,
474 1753 558 1850 quia
575 1776 646 1828 non
664 1761 779 1851 potest
794 1753 827 1826 ei
840 1776 976 1848 negare
989 1754 1208 1829 audientiam
1222 1755 1374 1850 roganti.
1389 1757 1435 1829 Et
1451 1753 1513 1830 ille
1525 1755 1608 1852 Epi·

381 1890 508 1964 scopus
525 1866 586 1964 qui
604 1865 697 1941 iuste
713 1875 777 1940 aut
793 1865 926 1941 iniuste
939 1891 1021 1941 eum
1034 1867 1175 1956 abiecit,
1189 1867 1365 1966 patienter
1378 1867 1546 1966 accipiat,
1564 1877 1606 1942 ut

382 1981 566 2075 negotium
584 1981 812 2070 discutiatur,
830 1989 870 2054 ut
888 1981 946 2056 vel
963 1981 1130 2078 probetur
1146 1981 1325 2056 sententia
1349 1979 1427 2054 eius
1451 2005 1473 2052 a
1499 1980 1608 2078 pluri·

383 2093 539 2183 misael
556 2094 775 2170 emendetur.
788 2096 921 2168 Tamen
940 2093 1040 2191 prius
1057 2117 1164 2191 quam
1181 2093 1302 2167 omnia
1315 2092 1508 2190 diligenter
1521 2103 1556 2169 et
1570 2095 1609 2166 fi-

382 2207 508 2284 deliter
526 2209 791 2298 examinentur,
814 2233 897 2283 eum
923 2209 983 2307 qui
1010 2208 1128 2282 fuerat
1152 2232 1173 2280 a
1198 2207 1445 2282 communione
1471 2231 1610 2304 separa-

382 2330 453 2411 tus,
469 2329 553 2397 ente
579 2321 819 2418 cognitionem
840 2321 963 2396 nullus
980 2345 1194 2420 presumere
1220 2319 1333 2411 debet,
1358 2330 1399 2394 ut
1416 2345 1498 2395 eum
1516 2343 1609 2394 com-

382 2433 545 2509 munioni
563 2434 684 2525 societ,
700 2435 738 2508 hi
756 2460 840 2511 vero
858 2435 919 2535 qui
937 2435 1157 2511 conveniunt
1174 2434 1218 2509 ad
1236 2433 1455 2509 audiendum
1468 2434 1499 2509 si
1513 2433 1610 2509 vide·

383 2548 456 2622 rint
473 2547 687 2624 clericorum
706 2573 782 2625 esse
796 2549 935 2645 fagium
955 2559 990 2625 et
1007 2548 1222 2647 superbiam,
1240 2548 1324 2647 quia
1346 2571 1417 2622 non
1442 2549 1543 2624 decet
1567 2557 1610 2622 ut

383 2662 569 2760 episcopus
586 2661 756 2737 iniuriam
774 2662 834 2738 vel
848 2663 1100 2739 contumeliam
1116 2663 1285 2761 patiatur,
1298 2661 1538 2737 severioribus
1550 2684 1609 2736 eos

382 2775 503 2850 verbis
527 2775 718 2871 castigent,
744 2786 785 2850 ut
809 2776 974 2852 obediant
1003 2776 1151 2852 honesta
1180 2776 1402 2874 praecipienti
1427 2775 1609 2873 Episcopo,

383 2887 476 2976 Quia
493 2889 589 2964 sieut
606 2888 668 2964 ille
690 2889 832 2966 clericis
857 2889 1027 2966 exhibere
1051 2889 1154 2964 debet
1177 2887 1340 2963 caritatis
1365 2911 1533 2976 amorem,
1557 2887 1609 2961 ita

381 3025 521 3100 quoque
539 3001 700 3076 vicissim
720 3003 877 3077 ministri
894 3002 1055 3078 infucata
1073 3001 1202 3078 debent
1227 3001 1401 3100 Episcopo
1425 3024 1489 3076 suo
1514 2999 1610 3076 exhi-

382 3113 464 3188 bere
482 3113 660 3212 obsequia.

974 3301 1017 3383 X.

833 3499 881 3547 Ex
901 3495 973 3550 eod.
995 3509 1065 3562 cap.
1086 3499 1154 3549 XX.

478 3663 530 3733 Ea
547 3669 704 3756 tempora
722 3658 916 3734 constituta
930 3668 1016 3732 sunt
1028 3659 1125 3735 circa
1139 3658 1341 3758 Episcopus
1359 3665 1395 3733 et
1411 3656 1509 3733 circa
1526 3659 1609 3730 Pre·

382 3772 545 3871 sbyteros
562 3783 598 3848 et
615 3773 799 3862 Diacoues,
816 3773 1050 3848 observentur
1067 3773 1174 3863 idem,
1187 3784 1228 3847 ut
1242 3797 1310 3848 uon
1325 3773 1444 3848 absiut
1460 3771 1537 3846 suis
1554 3795 1610 3845 ec-

383 3884 505 3960 clesiis
517 3885 633 3960 tribus
646 3885 867 3984 septimanis,
876 3897 1023 3984 excepta
1036 3887 1142 3983 gravi
1157 3887 1378 3963 necessitate.
1388 3887 1425 3960 Si
1440 3885 1521 3984 quis
1534 3910 1611 3984 pre-

383 3999 507 4097 sbyter
524 4009 588 4074 aut
600 3999 770 4074 diaconus
784 4001 828 4074 ab
845 4001 1006 4097 episcopo
1020 4024 1084 4075 suo
1097 4011 1322 4098 segregetur,
1335 3999 1432 4074 huuc
1445 4023 1516 4072 non
1529 3999 1613 4072 lice-

384 4137 423 4187 re
439 4111 485 4186 ab
502 4111 572 4186 alio
592 4112 711 4210 recipi,
729 4113 789 4188 sed
806 4113 850 4189 ab
868 4135 908 4188 eo
925 4113 987 4212 qui
1001 4137 1083 4188 eum
1097 4122 1356 4210 segregaverat
1372 4111 1442 4185 nisi
1460 4111 1608 4186 forsitan

381 4225 508 4299 obierit
525 4225 713 4324 episcopus
730 4227 792 4325 qui
811 4250 893 4300 eum
912 4249 1125 4322 segregasse
1143 4226 1383 4323 cognoscitur.
