3582 5288
898 437 1092 500 -114-

384 565 525 632 tenetur
542 557 580 630 in
598 555 763 648 subditis,
779 563 1040 653 sucgessernnt
1056 555 1102 630 ab
1118 555 1296 651 Argentio
1311 554 1472 630 eiusdem
1484 554 1608 631 civita·

384 670 433 745 tis
450 671 633 769 Episcopo,
650 693 801 767 gravem
818 695 856 745 se
873 669 1089 744 iniustitiam
1107 669 1308 767 pertulisse,
1320 678 1356 744 et
1367 677 1513 769 accepto
1524 693 1613 767 prse-

384 784 456 858 mio
468 785 674 860 Donatistas
687 785 726 858 in
739 783 900 860 ecclesiis
913 783 1025 858 fuisse
1039 781 1253 880 praepositos,
1266 806 1419 880 eumque
1431 782 1526 856 inter
1537 779 1610 854 alia

383 921 454 972 non
470 897 549 973 leve
566 897 665 972 aliud
682 898 823 973 facinus
840 897 933 996 quod
949 896 1019 972 dici
1044 896 1146 971 nefas
1170 905 1225 973 est
1249 896 1489 973 commississe
1514 919 1609 973 com-

383 1021 591 1086 memorant.
608 999 798 1110 Propterea
815 1009 1045 1110 experientiae
1062 1020 1134 1084 tuae
1157 1010 1343 1106 praesentis
1360 1009 1527 1108 praecepti
1552 1033 1611 1106 pa·

384 1127 472 1222 gina
489 1128 663 1201 duximus
680 1127 957 1224 iniungendum,
970 1134 1149 1224 quatenus
1162 1125 1383 1223 praephatum
1397 1126 1609 1223 Episcopum

383 1239 518 1315 idonea
536 1240 771 1315 satisfactioni
789 1240 1014 1315 committere
1031 1261 1103 1313 nou
1120 1239 1277 1329 omittas,
1290 1249 1423 1337 tuaque
1433 1237 1610 1313 instantia

384 1352 423 1427 in
440 1353 528 1430 locis
544 1353 619 1427 illis
636 1355 699 1428 fiat
716 1379 763 1429 ex
782 1377 879 1430 more
895 1351 1103 1442 concilium,
1116 1361 1152 1427 et
1169 1352 1288 1427 omnia
1305 1353 1504 1429 secundum
1517 1351 1611 1426 obla-

386 1475 422 1542 te
439 1475 581 1545 textum
599 1467 781 1567 petitionis
797 1468 970 1544 canonice
994 1491 1113 1544 coram
1139 1467 1263 1566 positis
1288 1467 1460 1544 fratribus'
1484 1467 1609 1542 subtili

387 1581 617 1679 indagatione
634 1583 900 1682 perquirantur,
918 1593 955 1658 et
971 1607 1206 1681 quacumque
1230 1605 1351 1658 eorum
1369 1581 1506 1658 fuerint
1521 1581 1611 1656 iudi·

384 1696 439 1771 cio
455 1697 647 1771 terminata
664 1707 700 1772 te
713 1707 910 1797 exequente
924 1685 1035 1772 modis
1048 1696 1213 1771 omnibus
1225 1695 1480 1794 compleantur.
1494 1695 1609 1771 Scitu-

385 1835 448 1884 rus
460 1833 532 1886 non
544 1810 662 1886 levenr
675 1820 711 1886 te
724 1811 894 1887 offensam
908 1811 1104 1902 incurrere,
1113 1811 1144 1885 si
1157 1821 1279 1887 nostra
1292 1811 1429 1886 fuerint
1441 1834 1610 1910 quacum·

384 1947 453 2021 que
470 1925 699 2000 excusatione
716 1924 856 2000 letitata
874 1926 1071 2024 preceptio.

911 2151 1080 2237 Ohllllll.

480 2381 680 2478 Gregorius
693 2381 846 2456 Iohanni
858 2381 1033 2480 Episcopo
1043 2377 1435 2475 Constantinopolitano
1443 2377 1537 2451 inter
1545 2399 1610 2452 cre

386 2501 473 2570 tora.
491 2495 542 2569 De
559 2519 670 2570 causa
687 2493 784 2568 enim
803 2492 1087 2568 reverentissimi
1112 2492 1184 2565 viri
1209 2490 1377 2567 Iohannis
1403 2489 1609 2589 Presbyteri

384 2607 610 2706 scripseram,
627 2619 734 2707 atque
751 2608 793 2684 de
811 2607 1056 2707 questionibus
1074 2606 1328 2682 monachorum
1346 2605 1509 2680 Ysauriae
1526 2627 1609 2703 quo-

386 2747 467 2796 rum
485 2748 581 2797 unus
597 2721 636 2796 in
654 2722 849 2798 sacerdotio
865 2722 1002 2819 positus
1019 2721 1058 2794 in
1075 2719 1227 2796 ecclesia
1244 2731 1365 2796 vestra
1384 2719 1541 2794 fustibus
1553 2744 1608 2794 ce·

385 2860 448 2909 sus
465 2844 528 2910 est.
546 2839 593 2911 Et
610 2835 794 2934 rescripsit
810 2835 897 2909 mihi
915 2836 1011 2911 sicut
1036 2861 1080 2911 ex
1105 2836 1248 2911 nomine
1272 2835 1419 2933 epistole
1443 2857 1608 2932 agnosco,

384 2948 611 3024 sanctissima
628 2949 837 3025 fraternitas
853 2959 917 3024 tua
934 2951 1019 3048 quia
1037 2949 1194 3026 nescires
1211 2949 1254 3024 de
1268 2975 1338 3048 qua
1351 2973 1460 3025 causa
1478 2948 1609 3023 scrihe-

384 3087 470 3139 rem.
489 3065 545 3138 Ad
561 3065 654 3164 quod
672 3064 885 3163 rescriptum
902 3064 1134 3140 vehementer
1150 3063 1306 3163 opstipui
1321 3088 1460 3138 mecum
1475 3061 1608 3138 tacitns

383 3176 534 3252 volvens
551 3179 643 3277 quod
660 3179 691 3252 si
709 3203 835 3254 verum
852 3177 990 3254 dietum
1009 3178 1102 3278 quod
1119 3202 1196 3254 esse
1213 3177 1371 3252 deterius
1389 3183 1513 3274 potest,
1525 3175 1609 3274 quia

384 3297 426 3363 ut
441 3301 600 3387 agantur
616 3291 704 3364 talia
721 3301 846 3367 contra
862 3313 984 3367 servos
1002 3291 1067 3366 Dei
1086 3302 1123 3367 et
1139 3291 1216 3389 ipse
1229 3291 1366 3367 nesciat
1379 3289 1471 3388 quod
1485 3299 1610 3386 praesto

384 3409 466 3480 est?
483 3408 570 3492 Quae
587 3405 682 3481 enim
700 3416 814 3503 potest
831 3431 907 3481 esse
926 3404 1076 3504 pastoris
1089 3405 1282 3494 excusatio,
1296 3403 1327 3478 si
1339 3403 1442 3501 lupos
1459 3427 1543 3478 oves
1556 3426 1610 3478 co

385 3516 495 3591 medit
512 3527 548 3592 et
565 3527 684 3616 pastor
699 3519 844 3595 nescit?
870 3523 917 3593 Et
942 3529 1021 3617 post
1046 3543 1172 3617 pauca.
1198 3522 1276 3615 Ego
1300 3516 1509 3594 beatissimo
1533 3515 1610 3590 viro

367 3632 523 3706 homno
540 3629 692 3707 Iohanni
709 3632 934 3730 scripseram.
948 3633 1017 3708 Sed
1030 3633 1136 3708 credo
1148 3633 1233 3731 quia
1247 3631 1337 3706 mihi
1351 3630 1541 3706 familiaris
1553 3654 1612 3704 ve·

386 3754 459 3820 ster
472 3744 534 3820 ille
547 3745 764 3822 iuvenculas
777 3746 971 3846 rescripsit,
981 3746 1066 3845 quia
1078 3746 1196 3821 adhuc
1208 3745 1252 3821 de
1261 3747 1333 3821 Deo
1345 3743 1461 3820 nichil
1474 3743 1610 3832 didicit,

385 3859 448 3956 qui
466 3859 607 3935 viscera
624 3861 786 3937 caritatis
802 3861 928 3950 nescit,
945 3857 1007 3959 qui
1025 3857 1063 3931 in
1081 3857 1242 3933 scelestis
1261 3857 1367 3932 rebus
1383 3856 1429 3930 ah
1445 3855 1611 3930 omnibus

386 3982 589 4047 accusatur.
607 3973 721 4049 Michi
744 3975 848 4050 crede
866 3974 979 4049 frater
999 3971 1225 4049 sanctissime
1250 3971 1281 4044 si
1305 3969 1423 4045 zelum
1449 3969 1612 4045 veritatis

387 4085 543 4182 perfecte
560 4085 670 4164 habes
687 4087 794 4161 illum
810 4113 832 4161 a
849 4098 886 4163 te
899 4087 1072 4186 proiicere
1089 4086 1204 4162 debes.
1218 4087 1257 4160 Si
1270 4085 1478 4160 fraternitas
1490 4094 1611 4158 vestra

383 4195 488 4273 illum
502 4199 615 4291 audit,
628 4199 701 4276 scio
713 4201 799 4300 qnia
812 4224 936 4297 pacem
949 4225 1033 4276 cum
1047 4201 1123 4276 suis
1136 4199 1309 4276 fratribus
1322 4199 1451 4276 habere
1467 4223 1538 4274 non
1552 4221 1609 4296 po

385 4310 479 4386 terit.
497 4314 544 4387 Et
560 4313 727 4411 quamvis
744 4337 828 4390 oum
845 4312 1010 4388 omnibus
1025 4313 1231 4390 hominibus
1243 4311 1374 4389 hahere
1387 4330 1610 4410 summopere

386 4445 509 4519 pacem
527 4425 682 4524 cupiam,
699 4424 885 4502 vobiscum
902 4426 1080 4525 praecipue
1096 4450 1184 4526 quos
1209 4426 1439 4502 vehementer
1463 4448 1555 4514 amo,
1579 4423 1610 4498 si

383 4543 504 4612 tamen
521 4536 589 4636 ipsi
606 4561 693 4638 quos
710 4539 794 4615 novi
811 4564 875 4615 vos
892 4540 989 4615 estis.
1001 4541 1095 4614 Nam
1109 4539 1140 4613 si
1153 4561 1307 4615 canones
1319 4561 1391 4612 non
1403 4536 1611 4614 custodistis
