3642 5294
892 419 990 473 ...x
1007 436 1059 456 ....
1162 421 1170 464 ἦ

360 549 522 670 »Vll‚
555 581 610 648 ac
650 551 847 690 loannis
888 555 1008 652 Vlll
1035 558 1139 678 jam
1183 556 1429 680 impressa,
1460 551 1584 650 idem

360 749 385 806 »
415 717 678 814 Cardinalis
700 721 928 838 nonnulla
943 719 1212 840 fragmenta
1226 719 1402 843 profert
1419 749 1478 815 ex
1495 719 1590 843 epi-

360 907 385 966 »
413 878 543 973 stolis
578 878 752 973 Gelasii
775 879 814 997 Ι,
836 881 1018 1000 Pelagii
1051 880 1089 998 Ι,
1114 880 1360 975 Honoriil
1393 883 1439 975 et
1473 879 1590 974 Gre-

360 1041 533 1161 »gorii
565 1039 628 1160 Π,
662 1071 721 1137 ex
762 1042 933 1166 quibus
967 1072 1060 1139 non
1093 1072 1246 1166 pauca
1277 1073 1336 1140 ex
1368 1047 1459 1138 hac
1490 1044 1590 1138 sola

360 1233 385 1293 »
414 1203 680 1299 collectione
697 1208 966 1329 supersunt.
979 1204 1135 1299 Lucas
1154 1202 1428 1298 Holstenius
1446 1233 1587 1327 quae·

255 1443 257 1448 .
360 1365 523 1459 »dam
556 1394 616 1461 ex
648 1367 722 1463 lris
754 1368 879 1492 typis
911 1368 1166 1492 impressit,
1195 1396 1315 1491 quae
1346 1370 1509 1490 postea
1539 1367 1588 1461 in

361 1560 386 1616 ›>
415 1527 638 1624 editiones
664 1529 978 1624 Conciliorum
1005 1529 1224 1625 traducta
1255 1527 1458 1624 suerunt.
1482 1527 1590 1622 Alia

361 1720 539 1808 avere,
563 1719 683 1814 quac
715 1689 990 1786 Holstenius
1024 1683 1195 1810 omisit,
1228 1721 1287 1786 ex
1321 1692 1481 1787 eodem
1515 1721 1590 1786 co-

366 1887 390 1944 »
419 1855 519 1950 dice
541 1851 644 1948 heic
665 1852 964 1977 proferimus:
982 1854 1030 1947 in
1054 1855 1225 1976 quibus
1249 1855 1334 1950 etsi
1358 1855 1588 1977 quaedam

360 2005 540 2143 »apud
577 2018 859 2113 Gratianum
892 2020 1080 2142 recepta
1111 2019 1351 2139 leguntur,
1378 2047 1487 2113 cum
1519 2023 1590 2114 ta·

360 2213 385 2272 »
412 2209 522 2276 men
539 2181 587 2275 in
605 2181 884 2276 editionibus
898 2180 1214 2276 Conciliorum
1232 2209 1460 2276 unacum
1484 2181 1586 2275 aliis

323 2439 326 2444 .
360 2377 385 2434 »
412 2342 690 2464 fragmentis
713 2373 772 2438 ex
785 2344 1011 2439 Gratiano
1035 2343 1266 2466 excerptis
1285 2345 1479 2463 vulgata
1495 2372 1589 2438 non

361 2537 385 2596 »
413 2505 601 2624 luerint,
623 2505 726 2600 heic
748 2505 998 2601 indicanda
1025 2505 1126 2600 visa
1157 2509 1285 2624 sunt,
1307 2509 1360 2602 ut
1391 2507 1440 2602 in
1463 2536 1586 2602 nova

219 2791 224 2801 ι
361 2697 386 2756 >>
415 2667 730 2771 Conciliorum
748 2665 947 2761 editione
968 2695 1062 2760 non
1085 2666 1376 2763 omittantur.
1395 2667 1483 2762 llla
1504 2697 1587 2763 au-

361 2862 385 2920 »
413 2833 509 2924 tem
530 2831 717 2924 tantum
740 2827 992 2924 indicaturi
1025 2857 1208 2947 sumus,
1231 2858 1351 2952 quae
1383 2829 1432 2923 in
1456 2831 1590 2926 colle-

361 3021 385 3083 »
414 2991 836 3088 ctioneDeusdedit
852 2990 1133 3122 reperimus3
1152 2995 1308 3086 cetera
1324 2993 1449 3088 enim
1468 3023 1589 3117 quae

362 3189 387 3246 s
416 3158 541 3280 apud
577 3155 860 3250 Gratianum
903 3157 1067 3250 extant
1102 3155 1370 3275 fragmenta
1402 3157 1589 3252 aliunde

362 3351 387 3408 »
414 3318 714 3442 transcripta,
732 3321 777 3412 et
799 3317 848 3411 in
867 3317 1085 3412 Conciliis
1108 3317 1319 3413 nondum
1341 3319 1587 3444 impressa,

362 3511 388 3570 »
414 3479 472 3574 iis
496 3480 761 3578 accuratius
783 3478 1063 3602 inquirenda
1085 3483 1130 3576 et
1158 3480 1418 3601 colligenda
1449 3483 1589 3578 relin-

362 3625 621 3764 >›'quimuS,
655 3642 734 3763 qui
776 3669 948 3736 novam
983 3641 1296 3739 Consiliorum
1340 3643 1587 3738 editionem

363 3837 387 3894 ›>
417 3808 713 3901 curabunt.»
1421 3817 1423 3822 ’
