3582 5288
678 417 873 482 -147-

171 563 252 614 men
269 539 325 613 illi
344 565 491 640 scysma
508 564 578 616 non
591 541 763 631 fecerant,
780 565 847 617 nec
860 541 954 616 sores
966 541 1106 636 egressi
1118 549 1241 616 contra
1259 540 1324 614 Dei
1336 565 1390 613 sa·

167 653 328 730 cerdotes
345 655 571 753 impudenter
587 665 694 754 etque
705 643 884 730 hostiliter
901 654 1174 744 rebellaverant,
1186 653 1279 752 quod
1292 678 1390 728 nnnc

165 768 202 842 hi
211 769 411 844 Ecclesiam
424 770 637 860 scindentes,
644 780 680 845 et
688 781 812 846 contre
822 791 943 865 pacem
954 776 1061 864 etque
1070 767 1245 842 unitatem
1256 763 1392 841 Christi

166 881 316 958 rebelles
330 883 536 958 cathedram
554 884 621 958 sibi
639 885 917 966 constituerem
930 882 1125 980 primatum
1138 903 1321 956 assumere
1335 903 1390 954 co·

166 1007 312 1071 nentur.
336 1001 384 1071 Et
401 1006 478 1095 post
496 1022 618 1095 pauca.
635 1003 754 1096 Atque
771 1007 812 1072 ut
831 998 948 1094 magis
965 997 1123 1093 intelligi
1140 995 1250 1094 possit
1267 1004 1391 1070 contre

166 1109 339 1184 eiusmodi
356 1110 543 1185 andaciam
560 1135 640 1209 quae
657 1111 704 1186 sit
721 1137 874 1187 censura
896 1112 1020 1186 diviua
1038 1110 1244 1186 invenimus
1262 1109 1300 1182 iu
1325 1107 1390 1183 teli

166 1223 323 1299 facinore
341 1247 411 1298 non
428 1224 542 1299 solum
569 1225 678 1300 duces
695 1234 731 1300 et
747 1235 922 1314 auctores,
939 1224 1054 1300 sedet
1070 1223 1262 1322 participes
1279 1220 1391 1320 paenis

167 1337 352 1426 destinari,
365 1337 434 1410 nisi
453 1363 490 1413 se
507 1363 528 1410 e
546 1337 794 1414 communione
815 1338 987 1412 melorum
1003 1336 1249 1436 separaverint
1270 1333 1390 1432 praeci-

168 1448 286 1545 pionte
304 1473 367 1546 per
383 1453 533 1548 Moysen
551 1451 700 1525 Domino
717 1459 753 1525 et
774 1453 924 1527 dicente.
942 1449 1204 1549 separeminia
1229 1448 1392 1522 taberna·

168 1563 261 1638 culis
285 1563 471 1638 homiuum
497 1566 647 1638 istorum
674 1565 947 1640 durissimorum
972 1574 1009 1640 et
1032 1562 1142 1638 nolite
1166 1571 1317 1658 tangere
1346 1558 1391 1633 ab

168 1678 332 1753 omnibus
349 1704 427 1777 quae
444 1689 529 1754 sunt
546 1680 609 1770 eie,
626 1705 671 1754 ne
690 1679 798 1754 simul
816 1679 968 1778 pereatis
983 1678 1021 1751 in
1034 1687 1178 1776 peccato
1195 1701 1328 1751 eorum.
1344 1677 1392 1747 ut

168 1793 258 1890 quod
268 1794 508 1868 comminatus
520 1819 582 1892 per
596 1799 747 1893 Moysen
757 1794 931 1868 Dominus
944 1789 1234 1889 iueratimplevit
1246 1789 1391 1887 utquis-

168 1929 236 2002 que
254 1931 293 1982 se
310 1931 328 1979 a
344 1907 459 1982 Chore
474 1917 510 1982 et
526 1909 642 1982 Datan
660 1918 695 1982 et
714 1907 848 1982 Abiron
861 1931 930 1981 non
944 1916 1153 2004 separasset,
1166 1929 1302 2002 paenam
1321 1912 1391 1977 sta·

167 2020 232 2094 tim
241 2021 423 2119 proimpia
437 2023 685 2097 communione
699 2021 924 2120 persolveret.
933 2023 1010 2107 Quo
1023 2019 1183 2116 exemplo
1191 2017 1389 2093 ostenditur

169 2145 203 2208 et
220 2129 401 2232 probatur,
417 2135 582 2211 obnoxios
598 2159 719 2210 omnes
736 2145 772 2210 et
788 2135 902 2230 culpae
928 2145 963 2209 et
985 2159 1095 2232 paenae
1112 2133 1253 2207 futuros
1269 2130 1332 2230 qui
1350 2153 1388 2204 se

168 2249 397 2345 soysmeticis
410 2259 532 2324 contra
550 2249 752 2346 praepositos
769 2258 805 2322 et
822 2248 1021 2325 secerdotes
1038 2247 1233 2341 irriligiosa
1245 2244 1389 2320 temeri-

169 2369 240 2436 tate
266 2361 486 2437 miscuerint.
505 2361 566 2436 Sic
583 2361 691 2436 etiam
709 2386 770 2459 per
796 2364 895 2436 Oseae
913 2361 1118 2459 prophetam
1137 2359 1293 2457 Spiritus
1310 2351 1393 2432 san?

169 2485 249 2550 ctus
266 2485 487 2550 contestatur
504 2491 540 2551 et
556 2477 652 2552 dicit.
670 2475 854 2551 Sacrificia
871 2497 993 2548 eorum
1011 2485 1194 2572 tamquam
1215 2469 1319 2569 panis
1337 2469 1390 2543 lu-

169 2598 249 2664 ctus
265 2612 389 2664 omues
406 2590 467 2687 qui
485 2591 704 2665 manducant
716 2587 1083 2664 excomminabuntur.
1097 2589 1235 2660 Dooens
1252 2583 1390 2658 scilicet

169 2713 204 2777 et
219 2705 408 2779 ostendens
431 2729 554 2780 omnes
579 2703 689 2778 simul
713 2728 795 2780 cum
814 2699 993 2776 actoribus
1018 2697 1193 2796 supplicio
1216 2695 1388 2792 coniungi

170 2817 230 2914 qui
247 2817 383 2892 fuerint
399 2841 519 2893 eorum
538 2827 681 2916 peccato
697 2815 940 2892 contaminati.

705 3011 851 3097 ooxvl.

297 3219 388 3271 Idem
405 3221 460 3273 lib.
482 3221 522 3273 de
540 3221 695 3273 Ecclesiae
715 3217 873 3272 catholice
891 3217 1016 3270 unitate
1035 3185 1119 3270 inter
1139 3215 1258 3268 cetera.

264 3389 436 3487 loquitur
449 3392 623 3465 Dominus
640 3391 684 3465 ad
702 3395 859 3466 Petrum.
873 3393 961 3486 Ego
979 3389 1096 3486 inquit
1109 3387 1187 3464 dico
1203 3384 1268 3464 tibi
1285 3391 1389 3463 Petro

171 3501 255 3598 quie
272 3510 313 3576 tu
330 3527 369 3576 es
393 3505 521 3578 Petrus
539 3514 575 3578 et
599 3529 706 3602 super
722 3503 817 3580 hanc
842 3514 980 3602 petrem
997 3505 1165 3580 edificabo
1191 3491 1388 3580 Ecclesiam

170 3639 286 3689 meam
303 3621 339 3691 et
352 3625 460 3712 portae
477 3616 672 3692 inferorum
690 3640 761 3692 non
780 3617 928 3692 vincent
944 3641 1023 3692 eam
1035 3627 1071 3692 et
1083 3617 1149 3692 tibi
1162 3616 1251 3692 dabo
1267 3615 1389 3692 claves

169 3727 274 3822 regni
297 3727 466 3802 celorum.
485 3731 531 3802 Et
555 3753 787 3827 quaecumque
804 3729 980 3825 ligaveris
997 3755 1103 3829 super
1123 3739 1257 3805 terram
1282 3736 1390 3803 erunt

169 3837 283 3932 ligata
300 3837 338 3910 in
356 3838 442 3914 celo
459 3849 495 3913 et
511 3863 746 3938 quaecumque
764 3842 912 3917 solveris
929 3853 1037 3918 erunt
1053 3843 1169 3918 soluta
1186 3852 1222 3918 et
1238 3843 1278 3917 in
1294 3841 1389 3917 caelo.

170 3952 216 4023 Et
234 3951 328 4024 idem
347 3963 424 4048 post
437 3953 733 4028 resurrectionem
752 3955 840 4030 dicit
853 3955 917 4030 illi.
935 3959 1046 4034 Pasce
1058 3979 1142 4032 oves
1154 3981 1261 4032 meas.
1274 3959 1390 4052 Super

170 4062 273 4136 illum
301 4065 443 4139 edificat
468 4066 665 4141 Ecclesiam
692 4078 728 4142 et
752 4067 806 4141 illi
832 4068 1027 4165 pascendas
1051 4093 1134 4145 oves
1162 4069 1317 4143 mandet.
1342 4070 1390 4142 Et

171 4175 335 4271 quemvis
350 4177 526 4274 Apostolis
539 4178 704 4252 omnibus
716 4204 837 4276 parem
854 4183 991 4258 tribuat
1007 4193 1227 4281 potestatem,
1244 4193 1281 4259 et
1292 4182 1389 4258 dicet

171 4288 264 4364 sicut
281 4289 381 4364 misit
398 4317 455 4366 me
473 4295 579 4367 Pater
597 4303 632 4368 et
649 4317 716 4390 ego
733 4295 836 4369 mitto
852 4319 926 4383 vos,
943 4296 1095 4394 accipite
1118 4296 1291 4396 Spiritum
1309 4319 1389 4369 sen·

171 4411 279 4492 ctum,
296 4416 331 4479 et
345 4405 376 4478 si
389 4406 449 4481 cui
467 4407 677 4483 remiseritis
694 4418 840 4506 peccata
858 4409 1093 4484 remittuntur
1109 4411 1153 4498 ei,
1170 4409 1201 4484 si
1218 4408 1323 4485 cuius
1337 4433 1390 4484 re·

172 4515 349 4593 timueritis
369 4520 598 4610 tenebuntur,
613 4531 733 4597 temen
751 4531 792 4596 ut
809 4523 985 4598 unitatem
1004 4523 1261 4613 manifestaret,
1277 4546 1387 4596 unem
