3642 5294
719 396 892 458 ..59-

195 515 287 592 alter
298 512 518 587 ordinandus
533 512 831 612 Archiepisoopus
844 514 981 596 electus
993 515 1114 605 fuerit,
1123 539 1245 590 omnes
1258 515 1417 593 eiusdem

195 627 393 729 prov-inciae
412 627 578 725 episcopi,
598 627 643 702 ad
669 628 787 702 sedem
805 625 1067 726 metropolitani
1085 627 1360 703 conveniant'ut
1377 630 1422 704 ab

194 744 361 818 omnibus
372 742 447 840 ipse
460 741 655 816 ordinetur.
668 741 811 840 Reliqui
825 764 909 814 vero
921 739 1240 838 comprovinciales
1253 741 1419 840 Episcopi

194 858 225 932 si
239 881 385 934 necesse
402 855 513 931 fuerit
526 856 656 932 ceteris
669 855 974 931 consentientibus
992 854 1143 930 atribus
1158 855 1259 929 iussu
1274 857 1421 933 Archie·

194 972 328 1070 piscopi
342 971 543 1048 consecrari
558 984 715 1068 possunt.
729 971 797 1045 Sed
812 970 942 1045 melius
955 979 1009 1045 est
1022 970 1053 1043 si
1067 969 1141 1068 ipse
1159 995 1242 1044 cum
1255 971 1420 1046 omnibus

196 1113 278 1162 eum
297 1087 359 1184 qui
377 1086 513 1182 dignus
530 1095 585 1160 est
605 1087 877 1160 consecraverit.
903 1089 950 1159 Et
974 1084 1059 1158 licet
1084 1083 1180 1158 istud
1204 1085 1419 1159 necessitate

195 1211 350 1298 cogente
367 1226 576 1278 concessum
593 1211 657 1290 est,
674 1200 765 1278 illud
782 1199 873 1298 quod
890 1199 932 1272 de
951 1196 1218 1294 Archiepisoopi
1237 1219 1420 1296 consecra·

194 1315 290 1390 tione
308 1323 524 1412 praeceptum
542 1324 650 1412 atque
667 1314 876 1411 praedictum
893 1323 960 1399 est,
977 1310 1069 1384 idem
1088 1319 1129 1383 ut
1145 1333 1268 1385 omnes
1293 1309 1417 1383 suffra·

194 1429 304 1525 ganei
329 1454 410 1504 eum
434 1428 609 1517 ordinent,
627 1428 837 1503 nullatenus
857 1423 1018 1499 inmitari
1039 1423 1136 1513 licet,
1156 1424 1241 1519 quia
1261 1424 1323 1521 qui
1345 1423 1419 1496 illis

195 1551 323 1638 praeest
335 1541 380 1614 ab
393 1541 557 1615 omnibus
570 1541 755 1639 Episcopis
767 1541 897 1638 quibus
910 1547 1038 1638 praeest
1050 1538 1153 1612 debet
1164 1537 1417 1614 constitui.Sin

192 1663 315 1730 autem
332 1655 437 1730 aliter
455 1665 710 1753 praesumptum
731 1657 850 1746 luerit,
868 1656 1008 1730 iuribus
1025 1678 1147 1730 carere
1171 1676 1240 1728 non
1267 1653 1415 1726 dubium

192 1777 249 1842 est
266 1769 349 1866 quia
367 1770 469 1843 irrita
486 1771 556 1844 erit
571 1769 650 1844 eius
667 1795 773 1856 secus
789 1780 870 1845 acta
886 1769 1069 1845 ordinatio.

738 1999 880 2084 LXlllI.

290 2223 377 2304 Pius
396 2225 607 2322 Apostolicae
624 2226 725 2300 Sedis
744 2225 1042 2322 Archiepiscopus
1054 2223 1218 2298 omnibus
1232 2223 1416 2322 Episcopis

192 2330 443 2410 inter'caetera.
460 2339 501 2408 In
521 2337 665 2412 Christo
682 2337 789 2413 Ihesu
811 2339 947 2414 habitat
962 2339 1078 2413 omnis
1092 2337 1274 2436 plenitudo
1287 2338 1416 2412 divini-

192 2447 279 2522 tatis
297 2448 358 2546 qui
376 2449 469 2524 hanc
486 2463 647 2525 sanctam
668 2453 909 2547 Apostolicam
928 2453 1053 2528 Sedem
1071 2453 1230 2526 omnium
1249 2451 1416 2528 eeclesia-

194 2587 273 2635 rum
294 2573 402 2660 eaput
418 2563 497 2639 eiu's
513 2590 590 2640 esse
607 2565 776 2663 praecepit
793 2567 1025 2664 ipsodicente
1051 2567 1209 2664 Principi
1237 2571 1416 2666 Apostolo-

191 2675 318 2750 lorum.
336 2681 389 2752 Tu
407 2703 445 2753 cs
463 2683 601 2768 Petrus,
618 2689 654 2754 et
670 2679 798 2755 cetera.

754 2911 856 2994 LXl'.

202 3195 219 3212 ,
287 3137 414 3212 Sother
427 3140 495 3210 ΡΡ.
509 3135 936 3213 dilectissimisfratribus
950 3136 1051 3212 Italie
1064 3137 1256 3235 Episcopis.
1270 3139 1412 3215 Divinis

189 3261 226 3326 et
242 3251 457 3349 Apostolieis
475 3252 619 3326 monitis
635 3252 831 3326 formamus
848 3259 890 3326 ut
906 3274 968 3347 pro
990 3250 1151 3324 omnium
1176 3252 1412 3329 eeclesiarum

190 3375 289 3439 statu
306 3365 449 3463 inpigro
467 3365 662 3461 vigilemus
679 3366 820 3441 affectu.
834 3370 888 3440 Ac
905 3365 936 3438 si
954 3365 1039 3462 quid
1056 3391 1208 3464 usquam
1221 3368 1414 3466 responsio

191 3503 234 3553 ne
253 3478 441 3553 invenitur
459 3478 647 3553 obnoxium
666 3479 775 3554 celeri
793 3479 1033 3555 sollicitudine
1049 3481 1095 3555 ab
1111 3481 1324 3578 ignorantiae
1349 3483 1413 3558 im-

191 3592 320 3689 peritia
338 3602 402 3668 aut
418 3594 706 3690 presumptionis
724 3594 955 3692 usurpatione
973 3617 1189 3671 revocemus.

738 3815 859 3900 LXVI.

283 4043 416 4117 Lucius
433 4044 629 4142 Episcopus
645 4043 811 4120 omnibus
827 4045 1108 4120 occidentalibus
1121 4046 1305 4145 Episcopis
1318 4047 1411 4122 salu·

188 4165 270 4231 tem.
284 4158 369 4231 Haec
380 4166 505 4231 sancta
514 4166 550 4232 et
561 4157 752 4256 apostolica
766 4166 880 4233 meter
892 4157 1052 4231 omnium
1066 4159 1299 4234 ecclesiarum
1309 4161 1411 4236 Chri-

188 4271 233 4344 sti
251 4280 307 4346 est
323 4271 476 4346 ecclesia
494 4296 573 4370 quae
589 4298 652 4371 per
669 4272 734 4348 Dei
760 4271 1012 4369 omnipotentis
1036 4273 1193 4369 gratiam
1218 4298 1240 4346 a
1264 4273 1409 4350 tramite

186 4383 388 4481 apostolioae
404 4385 606 4460 traditionis
618 4413 804 4486 nunquam
818 4411 955 4464 errasse
968 4387 1184 4485 probabitur,
1198 4412 1265 4464 nec
1281 4388 1410 4464 hereti-

187 4498 238 4573 cis
256 4498 479 4574 novitatibus
492 4501 683 4600 depravata
697 4504 899 4593 succubuit,
912 4506 973 4580 sed
987 4515 1028 4580 ut
1041 4505 1078 4579 in
1092 4505 1233 4580 exordio
1246 4528 1407 4583 normam
