3638 5294
894 422 935 439 -
960 365 1032 453 aro
1050 419 1091 438 -

384 514 500 610 regali
518 511 664 608 fastigio
680 512 857 610 patienter
874 510 1046 610 implevit.
1064 508 1202 597 Quibus
1219 506 1385 582 omnibus
1409 505 1501 580 illud
1525 529 1611 604 quo

383 651 451 726 que
470 625 680 700 mirabiliter
696 623 837 712 abiecit,
854 623 954 720 leges
971 622 1090 698 sanxit
1107 622 1144 694 in
1163 629 1354 719 posterum,
1367 627 1408 692 ut
1421 619 1610 694 sententiae

383 738 585 838 principum
602 760 708 834 super
724 736 1032 811 animadversione
1048 734 1204 833 prolata,
1220 733 1259 807 iu
1276 732 1369 808 diem
1383 731 1609 807 tricesimum
1725 739 1727 744 '

383 851 427 927 ab
444 849 691 927 executoribus
707 847 927 938 differentur,
944 873 1013 948 quo
1029 849 1129 924 locus
1147 846 1410 935 misericordiae,
1426 845 1485 920 vel
1503 845 1534 919 si
1553 869 1612 919 res

383 965 527 1042 tulisset
542 961 748 1062 penitentis
765 985 835 1037 non
853 962 993 1060 periret.
1304 970 1310 981 '

923 1186 1074 1270 cxiiii.

387 1392 437 1444 Ex
457 1389 611 1446 chronica
628 1390 769 1444 Victoris
788 1390 946 1455 Episcopi
963 1391 1121 1443 Tunnesis
1138 1386 1245 1442 Atrice
1264 1397 1361 1454 qnam
1382 1386 1531 1442 subiesse
1552 1387 1613 1452 (sici

834 1486 983 1539 chronice
1002 1486 1163 1550 prosperi.

483 1649 595 1724 Ginso
612 1650 658 1722 V.
675 1647 714 1723 C.
732 1646 897 1724 Consule.
915 1647 1129 1721 Anastasius
1145 1647 1336 1744 imperator
1361 1644 1613 1720 Constantino

385 1761 456 1862 poli
475 1761 653 1860 synodum
666 1769 926 1857 congregabat
939 1760 1117 1834 Theodoro
1133 1762 1393 1856 Mopsuesteuc‚
1406 1767 1442 1832 et
1457 1757 1613 1832 Theodo

386 1885 461 1952 reto
478 1875 603 1972 Cypri,
620 1882 656 1949 et
673 1875 789 1970 Hybae
807 1873 983 1950 Edesseno
1001 1873 1194 1970 Episcopis
1212 1879 1248 1946 et
1265 1872 1372 1946 Leoni
1390 1873 1548 1944 Romano
1566 1873 1612 1942 ii-

385 1988 526 2086 piscopo
543 1997 578 2061 et
595 1985 673 2061 eius
689 1985 809 2061 thorno
826 1996 933 2084 atque
950 1985 1243 2061 Chaucedonensi
1261 1984 1407 2082 synodo,
1424 1983 1557 2057 inferre
1575 2007 1612 2054 a·

385 2099 555 2174 nathema
572 2099 759 2196 persuasit.
776 2103 823 2173 Et
840 2098 946 2173 infra.
964 2098 1118 2173 Messala
1136 2103 1181 2173 V.
1199 2099 1238 2175 C.
1256 2097 1411 2173 Consule
1438 2097 1611 2172 Constan-

386 2211 533 2311 tinopoli
553 2211 699 2286 iubente
721 2210 911 2286 Anastasio
932 2213 1143 2309 imperatore
1160 2222 1285 2285 saneta
1303 2210 1504 2306 Evangelia
1522 2221 1609 2283 tarn-

296 2421 299 2428 ·
387 2325 495 2425 quum
511 2325 557 2400 ab
573 2323 691 2399 idiotis
708 2325 956 2421 Evangelistis
973 2325 1165 2424 composita
1179 2325 1487 2422 reprehenduntur
1502 2335 1610 2421 atque

388 2437 634 2514 emendantur.
648 2439 695 2512 Et
707 2435 812 2511 infra.
829 2438 951 2512 Boetio
965 2441 1009 2512 V.
1023 2439 1063 2514 C.
1081 2437 1245 2514 Consule.
1263 2437 1470 2512 Vitalianus
1495 2459 1611 2512 comes

388 2551 573 2628 Patricioli
591 2551 700 2640 filius,
718 2550 800 2627 fidei
818 2551 1002 2628 Catholiee
1019 2550 1299 2640 subversionem,
1310 2559 1347 2625 et
1362 2549 1488 2647 synodi
1507 2549 1613 2626 Chal·

388 2664 594 2742 oedonensis
607 2663 880 2755 damnationem,
895 2665 1178 2763 remotionesque
1190 2663 1462 2739 orthodoxorum
1480 2665 1612 2762 episeo

387 2801 525 2877 porum,
548 2785 656 2875 atque
680 2776 933 2854 successiones·
943 2778 1183 2853 hereticorum
1200 2801 1430 2874 cognoscens
1447 2778 1608 2853 virorum

387 2891 536 2966 fortium
553 2889 710 2964 validam
736 2915 883 2964 manum
908 2901 1119 2988 congregat,
1136 2903 1172 2967 et
1188 2891 1394 2992 imperatori
1419 2891 1610 2968 Anastasio

388 3004 548 3081 rebellat.
565 3002 685 3078 Felice
703 3007 747 3078 V.
761 3005 800 3080 C.
814 3005 968 3102 Consule
984 3005 1191 3080 Vitalianus
1209 3029 1325 3082 comes
1338 3007 1535 3104 Ypathium
1550 3031 1610 3081 ne·

276 3121 280 3132 '
388 3128 505 3217 potem
523 3117 736 3192 Anastasius
754 3117 925 3216 principis
943 3119 1161 3215 Magistrum
1188 3123 1354 3194 Romanae
1380 3117 1509 3194 militie
1530 3143 1611 3194 con-

389 3230 573 3328 gressione
586 3231 682 3307 iacta
696 3233 760 3306 XL
772 3241 808 3307 et
825 3236 858 3304 V
873 3233 1032 3307 virorum
1046 3257 1091 3308 ex
1104 3257 1248 3307 romana
1261 3234 1390 3307 militia
1404 3235 1610 3332 peremptis,

389 3344 517 3418 vivum
534 3345 641 3442 capit,
658 3355 694 3419 et
711 3343 869 3420 vinculis
886 3348 988 3435 aereis
1005 3347 1170 3420 vinctum
1184 3347 1223 3418 in
1237 3347 1397 3422 custodia
1411 3371 1530 3422 caveae
1543 3347 1610 3423 ier·
1651 3340 1655 3346 ’

388 3481 447 3534 ree
464 3457 586 3533 trudit
604 3461 651 3532 Et
667 3457 772 3532 infra.
790 3461 960 3533 Senatore
979 3463 1023 3533 V.
1042 3459 1081 3535 C.
1095 3460 1251 3535 Consule
1268 3459 1478 3534 Vitalianus
1491 3483 1609 3535 comes

391 3597 474 3648 cum
496 3597 606 3646 manu
627 3570 747 3644 valida
767 3571 997 3646 barbarorum
1024 3573 1366 3673 Constantinopolim
1391 3575 1554 3666 veniens,
1572 3574 1610 3647 in

390 3689 538 3760 Sostcnc
551 3683 652 3759 sedit.
665 3684 766 3772 Quod
779 3707 849 3759 non
863 3685 969 3761 aliter
982 3687 1182 3784 postulatus
1195 3711 1318 3784 pacem
1331 3687 1523 3762 Anastasio
1535 3711 1611 3786 per·

388 3796 501 3872 mittit
517 3797 586 3871 nisi
609 3797 708 3895 prius
732 3797 933 3874 defensores
958 3800 1086 3897 synodi
1112 3792 1413 3876 Chalcedonensis
1439 3801 1610 3896 religatos

387 3908 493 3984 exilio
521 3908 666 3984 sedibus
690 3909 840 4008 propriis
866 3911 999 4002 reddat,
1023 3923 1060 3987 et
1084 3915 1251 3987 Romanae
1274 3913 1435 3989 ecclesiae
1460 3923 1610 3990 cunctas

389 4021 549 4097 Orientis
567 4022 747 4098 ecclesias.
760 4027 806 4097 Et
824 4023 928 4099 inira.
942 4028 1098 4122 Agapito
1115 4026 1271 4101 secundo
1287 4035 1324 4100 et
1336 4029 1471 4122 Magno
1489 4027 1611 4103 Conss

390 4135 608 4211 Anastasius
624 4136 815 4234 imperator
832 4137 929 4213 intra
946 4139 1120 4236 palatium
1145 4164 1252 4214 suum
1270 4139 1516 4214 tonitruorum
1542 4149 1612 4214 ter-

390 4269 469 4322 rore
487 4247 648 4344 fugatus,
665 4258 701 4323 et
721 4250 1007 4324 coruscationum
1026 4251 1143 4326 iaculo
1168 4275 1370 4349 percussus,
1387 4251 1424 4324 in
1446 4251 1613 4328 cubiculo

392 4383 462 4458 quc
478 4360 672 4436 absconsus
688 4361 807 4438 fuerat
824 4363 987 4454 moritur,
1004 4373 1040 4439 et
1060 4388 1143 4438 cum
1163 4365 1365 4462 ignominia
1382 4365 1517 4463 absque
1534 4389 1615 4441 con·

389 4474 502 4550 suetis
520 4476 680 4576 exequiis
701 4487 823 4553 actum
843 4477 945 4553 illum
966 4478 1122 4556 ducitur.
