3582 5288
733 432 906 494 ...77-

629 623 632 628 “
718 623 910 754 nxxrur.

298 895 337 968 Si
354 896 435 994 quis
451 907 573 971 autern
591 897 661 972 alio
677 898 720 972 de
739 897 813 974 loco
829 898 875 972 ad
892 897 1010 972 locum
1032 897 1193 993 migrans
1210 899 1248 972 in
1274 898 1349 973 loco
1373 899 1427 972 ri-

201 1008 321 1083 ventis
338 1009 523 1083 ordinatus
539 1020 604 1099 est,
620 1011 746 1084 tandiu
765 1022 870 1087 vacet
887 1011 1081 1087 sacerdotio
1098 1013 1160 1109 qni
1178 1015 1356 1111 propriam
1370 1014 1427 1089 de·

201 1122 357 1196 seruerit
373 1122 558 1199 civitatem
573 1125 681 1201 donec
699 1150 884 1202 successor
901 1126 979 1201 eius
997 1126 1196 1224 requiescat
1213 1127 1250 1200 in
1269 1127 1429 1202 Domino.

708 1355 917 1441 txxxssrr.

300 1587 476 1658 Damasus
495 1588 665 1681 Prospero
682 1583 851 1658 Numidis
869 1583 994 1682 primm
1011 1585 1104 1660 sedis
1118 1585 1299 1683 Episcopo.
1313 1586 1428 1661 Reitc-

202 1695 274 1768 rari
292 1721 436 1773 necesse
453 1698 614 1794 estquod
633 1697 796 1792 legitime
809 1706 931 1772 actum
944 1708 1009 1773 aut
1021 1697 1191 1774 collatum
1206 1699 1353 1773 minime
1366 1723 1426 1796 ap·

203 1809 371 1901 probatur
387 1811 418 1884 si
441 1812 639 1908 perfectum
665 1837 741 1886 esse
767 1810 917 1886 debebit.
943 1815 1036 1884 Nam
1062 1813 1233 1909 quomodo
1258 1811 1425 1886 honorem

203 1925 312 2020 possit
329 1926 494 2014 retinere,
511 1951 616 2024 quem
634 1926 679 2000 ab
697 1926 758 2000 illo
775 1925 914 2022 accepit
931 1925 993 2022 qui
1011 1934 1221 2022 potestatem
1244 1926 1328 2000 darc
1355 1951 1425 2000 non

201 2037 328 2112 habuit
344 2039 508 2134 legitime
525 2040 690 2115 invenire
707 2064 778 2113 non
797 2063 950 2137 possum.
967 2040 1060 2114 Curn
1085 2039 1147 2113 iile
1172 2039 1235 2136 qui
1260 2039 1427 2114 honorem

203 2152 440 2248 pontificalem
458 2177 528 2228 non
547 2154 682 2240 habuit,
699 2154 917 2252 pontificalia
936 2179 1005 2228 non
1025 2163 1140 2252 potest
1156 2154 1236 2227 iura
1258 2153 1427 2228 tribuere.

202 2269 279 2341 Nec
295 2265 362 2341 hoc
380 2267 448 2340 sibi
465 2277 628 2365 poterant
645 2269 846 2358 vendicare,
862 2268 968 2344 cuins
985 2292 1135 2365 capaces
1157 2290 1219 2365 per
1244 2268 1310 2342 hoc
1335 2267 1426 2365 quod

202 2377 276 2452 illis
292 2379 477 2455 obstiterat
494 2405 565 2456 non
584 2383 740 2457 fuerunt.
864 2447 867 2454 .
1414 2388 1418 2394 ’

726 2603 898 2688 nxxrr.
936 2707 940 2712 ,

300 2831 453 2907 Siricius
471 2833 644 2930 Hymerio
662 2832 918 2906 Tarraconensi
945 2831 1127 2929 Episcopo,
1154 2831 1356 2928 Baptizatos
1381 2831 1427 2906 ab

201 2943 323 3040 impiis
341 2946 517 3034 Arrianis
534 2947 649 3020 denuo
665 2946 846 3042 baptizare
863 2968 933 3018 non
951 2944 1049 3032 licet,
1066 2969 1149 3018 cum
1163 2944 1228 3018 hoc
1242 2944 1318 3018 fieri
1333 2953 1368 3018 et
1381 2943 1426 3018 ab

202 3055 381 3152 Apostolis
406 3066 560 3146 vetetur,
584 3067 619 3130 et
644 3067 720 3153 post
749 3067 930 3131 cassatum
956 3057 1186 3132 Ariminense
1211 3056 1426 3145 Concilium,

204 3167 314 3241 missa
331 3169 375 3243 ad
393 3169 596 3267 provincias
612 3195 634 3242 a
651 3170 863 3244 venerandae
880 3172 1058 3246 memorire
1077 3171 1329 3269 praedecessore
1350 3195 1427 3246 meo

199 3279 341 3356 Liberio
357 3283 543 3376 generalia
559 3283 702 3358 decreta
720 3283 937 3380 prohibeant.

729 3522 902 3604 txxxvr.

297 3739 528 3815 Innocentius
546 3741 716 3818 Decentio
733 3740 905 3837 Episcopo
919 3739 1123 3834 Eugubino.
1137 3738 1175 3813 si
1189 3738 1356 3814 instituta
1370 3762 1426 3813 ec-

199 3851 404 3929 clesiastica
422 3865 463 3928 ut
478 3867 564 3930 sunt
581 3881 602 3928 a
619 3855 732 3930 beatis
758 3852 936 3950 Apostolis
962 3853 1093 3928 tradita
1117 3853 1261 3948 integra
1287 3851 1425 3928 vellent

199 3966 338 4040 servari
355 3967 490 4041 domini
508 3969 718 4057 sacerdotes
735 3965 837 4040 nulla
853 3965 1055 4052 diversitas,
1080 3963 1182 4039 nulla
1208 3965 1365 4041 varietas
1386 3965 1425 4039 in

201 4080 288 4178 ipsis
305 4080 489 4156 ordinibus
506 4091 542 4158 et
558 4077 884 4158 consecrationibus
901 4077 1102 4153 haberetur.
1121 4077 1190 4153 Sed
1208 4077 1292 4152 dum
1317 4104 1427 4153 nnus·

201 4194 352 4294 quisque
369 4217 440 4269 non
457 4195 549 4293 quod
565 4193 739 4268 traditum
753 4192 891 4282 estred
903 4191 996 4289 quod
1009 4191 1077 4266 sibi
1091 4189 1210 4266 visum
1225 4191 1345 4282 inerit,
1357 4191 1425 4268 hoc

202 4299 383 4384 existimat
399 4333 476 4384 esse
493 4307 699 4396 tenendum,
716 4307 798 4382 inde
815 4305 958 4381 diversa
975 4305 1013 4378 in
1031 4304 1183 4380 diversis
1198 4305 1286 4382 locis
1299 4305 1357 4382 vel
1370 4331 1425 4382 eo·

202 4407 321 4495 etesiis
337 4431 402 4495 aut
416 4422 532 4500 teneri
550 4430 614 4495 aut
630 4419 801 4496 celebrari
819 4419 997 4493 videntur.
1016 4423 1069 4493 Ac
1088 4419 1128 4492 fit
1144 4417 1354 4493 scandalum
1369 4443 1425 4516 po·

204 4534 296 4630 pulis
315 4534 477 4632 quidum
497 4533 665 4608 nesciunt
682 4531 892 4606 traditiones
905 4533 1073 4630 antiquas
1085 4531 1246 4606 humana
1259 4556 1426 4631 praesum·
