3582 5288
706 438 747 477 -,-
774 405 816 467 aa
841 440 879 454 .-

726 636 862 718 thl'll.

276 875 386 950 Nulla
406 875 495 948 ratio
512 873 600 946 sinit
618 882 657 946 ut
676 873 770 947 intur
788 873 978 970 Episcopus
987 867 1206 958 habeamur,
1224 871 1286 969 qui
1300 895 1403 944 iteca

178 991 324 1068 clericis
339 1000 427 1064 suut
443 988 559 1076 electi,
576 1012 642 1063 nec
660 1013 681 1060 a
699 987 863 1086 plebibus
879 987 1037 1085 expetiti,
1054 1010 1120 1060 neo
1137 1011 1157 1058 a
1177 985 1404 1082 provinciali·

179 1108 247 1180 bus
265 1133 349 1182 curn
368 1103 627 1203 metropolitani
646 1103 779 1178 iudicio
796 1101 1004 1178 consecrati.

713 1333 870 1417 xot'tll.

277 1561 536 1639 sollicitudinis
554 1561 697 1658 quidam
715 1571 776 1634 tue
799 1559 867 1632 istc
889 1559 972 1632 ordo
989 1583 1065 1633 esse
1079 1559 1249 1635 debuerat
1267 1571 1307 1636 ut
1320 1586 1401 1635 curn

181 1675 451 1774 metropolitano
467 1685 529 1748 tuo
546 1673 715 1772 primitus
732 1673 774 1747 de
791 1695 830 1747 eo
855 1671 947 1769 quod
973 1672 1192 1769 querendum
1215 1673 1405 1750 videbatur

179 1815 257 1866 esse
275 1791 465 1867 conferres.
484 1795 558 1862 Ant
575 1788 603 1861 si
623 1787 710 1886 quid
726 1786 916 1884 ignorabat
940 1785 1084 1862 dilectio
1108 1797 1172 1860 tua
1197 1787 1305 1862 etiam
1328 1788 1402 1885 ipse

180 1907 365 1996 nescisset,
382 1903 514 1979 instrui
532 1927 595 1978 nos
614 1903 748 2001 pariter
766 1901 966 2000 posceretis,
978 1901 1071 1988 Quia
1083 1901 1121 1974 in
1135 1901 1255 1978 causis
1268 1927 1347 2000 quaa
1359 1902 1404 1976 ad

178 2020 384 2116 generalem
400 2015 660 2094 observantiam
675 2016 830 2112 pertinet
842 2015 934 2090 nihil
948 2016 1024 2090 sine
1038 2017 1251 2114 primatibus
1267 2026 1404 2115 oportet

180 2134 328 2232 inquiri.

705 2349 880 2446 lltlllllll.¹

275 2599 355 2668 Non
372 2592 564 2688 ampliusa
587 2597 721 2664 statuto
746 2587 889 2663 concilii
916 2597 1072 2685 ternpore
1098 2612 1202 2684 quarn
1230 2589 1304 2664 dies
1331 2591 1401 2664 XV

179 2719 363 2784 morentur
380 2705 554 2803 Episcopi.

772 2937 806 3016 (l.

274 3167 310 3240 Si
330 3165 410 3263 quis
428 3163 623 3260 Episcopus
640 3160 800 3235 civitatis
817 3186 881 3236 sne
901 3161 1143 3237 mediocritate
1161 3162 1325 3260 despecta
1342 3163 1401 3236 ad-

178 3277 479 3353 ministrationem
497 3274 565 3349 loci
583 3273 788 3349 celebrioris
806 3275 970 3351 ambierit
986 3287 1021 3351 at
1035 3276 1079 3349 ad
1098 3275 1265 3350 maiorem
1279 3301 1317 3350 se
1330 3275 1400 3372 plc-

176 3395 257 3469 bam
276 3415 502 3491 quacumque
520 3389 655 3464 ratione
673 3389 948 3477 transtulerita
971 3388 1140 3466 cathedra
1165 3387 1307 3486 quidem
1329 3385 1400 3486 pel-

177 3509 275 3582 latur
291 3507 421 3594 a'liena,
439 3505 498 3580 sed
516 3514 551 3580 et
569 3503 705 3578 carebit
721 3513 756 3577 et
774 3503 925 3601 propria.
943 3507 992 3579 Ut
1016 3527 1083 3578 nec
1108 3501 1181 3575 illis
1202 3501 1398 3599 praesideat

179 3645 267 3719 quos
284 3645 347 3719 per
364 3619 554 3693 avaritiam
572 3616 790 3714 concupivit,
808 3641 874 3694 nec
899 3617 972 3691 illis
997 3639 1084 3714 quos
1110 3640 1171 3714 per
1196 3615 1399 3714 superbiam

177 3733 324 3834 sprevit.
460 3729 461 3734 ’
861 3723 865 3730 ’

764 3959 818 4043 cl.

274 4193 343 4264 Leo
361 4187 566 4286 Episcopus.
582 4187 729 4262 Rustico
746 4189 970 4263 Narbonensi
989 4189 1172 4286 Episcopo,
1190 4189 1283 4264 inter·
1308 4198 1399 4264 ceta·

179 4330 227 4380 ra.
246 4305 351 4379 Sicut
367 4303 528 4402 quaedam
547 4312 632 4376 sunt
649 4327 728 4401 quoe
746 4302 846 4377 nulla
860 4315 1007 4401 possunt
1021 4305 1157 4380 rationo
1169 4303 1336 4392 convalli,
1349 4305 1399 4378 ita

178 4421 291 4493 multa
309 4428 395 4492 sunt
411 4442 491 4515 quae
508 4441 570 4515 per
586 4415 903 4492 considerationem
920 4427 1056 4492 etatum
1075 4427 1139 4492 aut
1160 4442 1222 4516 pro
1246 4419 1399 4494 necessi·

176 4541 386 4606 tatarorum
405 4539 563 4628 oporteat
579 4531 783 4629 temperari,
795 4530 857 4606 illa
871 4555 1009 4630 semper
1021 4531 1225 4608 condicione
1243 4542 1398 4620 servata,
