3582 5288
885 351 1082 454 -roo-

366 513 582 614 Episcopum
596 513 715 588 virum
730 511 941 612 Apostolicae
956 511 1172 602 sanctitatis,
1184 511 1251 591 hoc
1263 521 1329 602 est,
1341 519 1383 587 ut
1395 511 1593 590 secundum

368 627 606 727 Apostolicam
621 627 858 726 disciplinam,
874 625 1196 726 evangelicamque
1214 625 1412 702 doctrinam
1426 625 1544 700 Patris
1556 636 1594 701 et

368 741 452 820 Filii
476 747 513 818 et
538 741 694 841 Spiritus
718 741 835 818 sancti
857 763 967 816 uuam
988 740 1158 816 deitatem
1187 740 1254 816 sub
1267 740 1344 839 pari
1359 739 1545 814 maiestate
1557 749 1595 814 et

368 857 435 934 sub
452 855 511 956 pia
527 855 704 934 Trinitate
721 856 919 934 credamus.
936 857 1017 930 Dat.
1033 857 1096 930 III.
1112 851 1295 930 Kalendas
1310 853 1445 930 Martii.

869 1045 1120 1134 ccxxxviii.

704 1256 753 1306 Ex
770 1253 897 1320 eodem,
916 1251 1104 1306 constitutio
1123 1250 1249 1304 eadem

464 1425 589 1502 Victor
605 1424 829 1501 Iustinianus
845 1423 938 1523 pius,
953 1423 1051 1513 felix,
1068 1421 1218 1498 inclitus
1239 1420 1489 1519 triumphator,
1506 1447 1595 1497 sem-

370 1564 433 1637 per
450 1543 653 1636 Augustus,
666 1537 815 1614 Iohanni
833 1537 1058 1612 sanctissimo
1077 1536 1353 1636 Archiepiscopo
1369 1535 1473 1611 alme
1486 1535 1595 1612 Urbis

368 1654 488 1728 Roma
504 1661 540 1728 et
556 1651 788 1728 Patriarchae.
804 1650 1005 1727 Reddentes
1025 1651 1194 1728 honorem
1220 1651 1433 1750 Apostolicae
1451 1651 1533 1726 Sodi
1558 1659 1596 1725 et

369 1774 498 1842 vestrae
514 1765 709 1856 sanctitati,
721 1765 812 1864 quod
825 1789 964 1864 semper
977 1766 1077 1842 nobis
1090 1768 1128 1840 in
1145 1775 1227 1842 voto
1243 1765 1314 1840 fuit
1338 1775 1375 1841 et
1391 1774 1456 1856 est,
1481 1773 1523 1840 ut
1539 1765 1597 1842 dc·

369 1891 427 1956 cet
439 1889 575 1978 patrem
586 1879 799 1955 honorantes
817 1888 974 1955 vestram
987 1880 1256 1972 beatitudinem,
1268 1881 1388 1958 omnia
1401 1905 1470 1980 que
1482 1880 1528 1954 ad
1540 1904 1595 1956 ec·

370 1993 561 2070 clesiarum
587 2003 723 2069 statum
749 1993 927 2092 pertinere
952 1994 1165 2069 festinamus
1189 1995 1235 2069 ad
1259 1995 1424 2069 notitiam
1448 1994 1596 2070 deferre.

371 2105 548 2195 Quoniam
561 2131 701 2205 semper
714 2129 890 2203 magnum
903 2106 1004 2182 nobis
1017 2107 1088 2182 fuit
1101 2107 1456 2198 studium,unitatem
1469 2116 1598 2184 vestra

369 2219 582 2318 Apostolicae
594 2219 699 2310 sedis,
715 2227 753 2295 et
769 2227 905 2294 statum
919 2227 1126 2296 sanctarum
1147 2221 1212 2296 Dei
1230 2221 1465 2297 ecclesiarum
1482 2230 1597 2296 custo·

370 2335 457 2425 dire,
481 2333 542 2433 qui
561 2333 735 2412 hactenus
752 2333 898 2432 optinet,
915 2342 950 2408 at
967 2335 1179 2410 incommote
1204 2344 1400 2433 permanet,
1416 2334 1518 2408 nulla
1544 2334 1598 2408 in-

370 2448 574 2525 tercedente
599 2447 865 2538 contrarietate,
886 2446 1034 2544 ideoque
1058 2471 1180 2523 omnes
1209 2444 1408 2524 sacerdotes
1433 2448 1595 2523 universi

370 2561 554 2638 orientalis
583 2570 733 2652 tractus,
762 2569 799 2637 et
822 2560 994 2652 subicere,
1023 2570 1060 2638 et
1084 2561 1187 2638 unire
1212 2562 1287 2638 sedi
1313 2571 1442 2638 vestras
1466 2561 1598 2638 sancti·

370 2676 457 2753 tatis
481 2675 760 2778 properavimus.
777 2677 824 2748 Et
840 2673 879 2748 in
896 2675 1061 2771 praesenti
1081 2699 1169 2772 ergo
1192 2675 1270 2751 hac
1287 2700 1356 2774 que
1381 2685 1476 2751 mota
1500 2684 1597 2767 sunt,

371 2791 538 2894 quamvis
556 2789 745 2865 manifesta
762 2798 799 2864 ot
815 2789 977 2864 dubitata
1000 2789 1086 2881 sint,
1103 2801 1139 2865 et
1162 2790 1360 2866 secundum
1386 2790 1598 2888 Apostolioae

370 2916 499 2984 restrae
518 2905 619 2981 Sedis
635 2904 834 2980 doctrinam
850 2903 895 2978 ab
908 2903 1074 2978 omnihus
1086 2927 1226 3002 semper
1239 2903 1482 2979 sacerdotibus
1495 2904 1597 2979 firme

370 3021 547 3098 custodita
563 3027 600 3096 et
616 3019 818 3118 praedicata,
841 3015 1083 3094 necessarium
1110 3016 1279 3092 duximus
1297 3025 1338 3092 ut
1362 3018 1407 3092 ad
1431 3017 1597 3093 notitiam

370 3143 500 3211 vestroe
516 3131 719 3209 sanctitatis
735 3129 956 3228 perveniant.
973 3133 1051 3206 Nec
1067 3131 1225 3228 patimur
1238 3131 1430 3230 quicquam
1446 3131 1538 3231 quod
1551 3131 1596 3206 ad

371 3247 603 3325 ecclesiarum
620 3255 754 3322 statum
771 3245 925 3345 pertinet
942 3243 1108 3344 quamvis
1127 3244 1357 3320 manifestum
1371 3254 1408 3321 et
1419 3245 1597 3321 indubita-

372 3369 451 3436 tum
468 3359 527 3451 sit,
544 3359 636 3462 quod
653 3367 829 3450 movetur,
846 3367 887 3433 ut
904 3380 975 3432 non
988 3358 1097 3434 etiam
1117 3367 1246 3434 vestras
1262 3359 1447 3435 sanctitati
1462 3359 1598 3435 innote-

372 3481 461 3565 scat,
473 3471 557 3574 quia
569 3481 678 3572 caput
687 3481 741 3549 est
752 3471 913 3547 omnium
922 3480 1132 3548 sanctarum
1144 3471 1467 3548 ecclesiarunr.Pcr
1476 3473 1596 3548 omnia

372 3588 470 3665 enim
486 3597 529 3663 ut
544 3587 679 3662 dictum
697 3595 753 3662 cst
769 3609 999 3683 properamus
1016 3583 1184 3661 honorem
1202 3587 1505 3664 etauctoritatem
1523 3611 1597 3662 cre-

373 3725 472 3779 scere
489 3709 619 3777 vestra
635 3699 740 3776 sedis.
757 3703 803 3775 Et
820 3699 923 3773 infra.
941 3697 1103 3774 Petimus
1120 3721 1208 3794 crgo
1225 3707 1387 3774 vestrum
1407 3709 1597 3798 paternum

374 3815 555 3904 affectum,
572 3825 614 3889 ut
629 3813 761 3890 vestris
781 3813 825 3887 ad
843 3835 907 3887 nos
931 3812 1119 3888 destinatis
1143 3811 1286 3902 litteris,
1303 3821 1339 3887 ct
1355 3813 1399 3887 ad
1417 3813 1598 3890 sanctissi-

375 3954 475 4004 mum
492 3927 707 4027 Episcopum
723 3925 833 4001 huius
857 3924 950 4000 alme
975 3926 1084 4001 Urbis
1109 3937 1147 4002 et
1171 3926 1414 4026 patriarcham
1436 3936 1598 4002 vestrum

373 4044 533 4135 fratrem,
549 4042 716 4143 quoniam
733 4051 769 4119 et
785 4043 861 4140 ipse
877 4067 939 4140 per
959 4042 1096 4118 eosdem
1122 4043 1312 4143 Episcopos
1337 4042 1537 4142 Hypatium
1563 4051 1599 4118 et

375 4157 596 4234 Demetrium
610 4156 754 4256 scripsit
766 4156 811 4230 ad
823 4165 981 4230 vestram
995 4156 1234 4248 sanctitatem,
1247 4156 1423 4234 festinans
1436 4156 1475 4230 in
1488 4155 1599 4230 omni·

374 4271 441 4347 bus
454 4270 554 4370 sequi
569 4270 695 4346 Sedem
713 4269 953 4369 Apostolicam
966 4269 1199 4347 beatitudinis
1211 4279 1351 4362 vestrae,
1366 4271 1598 4348 manifestum

375 4385 476 4462 nobis
493 4383 644 4475 faciatis,
661 4384 754 4482 quod
775 4407 898 4458 omnes
919 4383 981 4482 qui
1004 4384 1172 4483 praedicta
1194 4393 1289 4460 recte
1310 4385 1527 4460 confitentur
1542 4410 1601 4459 su·

377 4499 484 4602 scipit
501 4509 622 4577 vestra
640 4499 825 4590 sauctitas,
842 4508 1016 4576 eteorum
1034 4499 1095 4598 qui
1113 4497 1254 4575 iudaice
1269 4497 1349 4573 ausi
1362 4506 1449 4572 sunt
1466 4507 1600 4574 rectam
