3618 5316
910 431 951 447 -
976 397 1040 464 aec
1066 430 1106 446 .-

396 517 533 594 dioeres
546 520 615 594 llll
629 519 785 595 minores
794 521 829 595 Il
843 501 927 596 licet
944 529 1065 595 autem
1079 519 1237 594 Romano
1247 519 1410 595 Pontifici
1424 519 1454 592 si
1468 517 1549 593 vult
1560 518 1624 593 do

398 657 495 706 mum
515 632 574 707 vel
592 634 722 708 turrim
740 634 779 707 in
795 633 915 710 eodem
933 644 1051 710 castro
1067 636 1242 725 edificare,
1259 645 1294 711 et
1311 658 1373 734 pro
1390 634 1557 722 utilitate,
1582 642 1624 708 et

397 747 544 822 servitio
561 750 596 821 S.
615 749 711 822 Petri
729 747 857 823 ibidem
878 748 1010 823 milites
1027 749 1206 847 ponentes
1223 748 1353 847 quibus
1369 748 1532 846 oppidani
1557 747 1622 822 de·

398 859 484 936 bent
500 886 562 960 pro
579 886 698 936 amore
714 862 810 938 beati
829 863 925 938 Petri
942 863 1158 937 adiutorium
1176 863 1215 936 iu
1232 861 1396 936 omuibus
1417 860 1622 936 secundum

396 1001 501 1051 suum
528 999 628 1074 posse
656 977 822 1074 praebere,
839 977 890 1050 ita
907 987 949 1052 ut
973 976 1136 1074 quisquis
1152 975 1408 1075 oppidanorum
1428 973 1623 1062 obstiterit,

254 1111 257 1120 ¹
395 1113 541 1165 suorum
567 1091 961 1192 amissionenmultetur.
973 1094 1049 1166 Nec
1062 1090 1148 1166 licet
1168 1090 1336 1188 cuiquam
1355 1092 1511 1164 Romano
1528 1090 1623 1162 Pon-

396 1203 484 1279 tifici
499 1229 523 1278 a
540 1204 618 1280 iure
635 1205 728 1280 beati
748 1206 845 1280 Petri
864 1205 1050 1303 praefatum
1068 1211 1226 1278 castrum
1241 1202 1393 1286 auferre,
1409 1225 1476 1276 uec
1494 1199 1623 1299 praela-

397 1327 474 1392 tum
493 1327 613 1394 tenore
630 1329 859 1394 commutare.
879 1319 1014 1394 Debent
1031 1340 1115 1392 vero
1128 1315 1267 1414 praefati
1280 1314 1445 1413 oppidani
1459 1317 1622 1388 Romano

397 1431 562 1508 Pontifici
584 1433 680 1507 omni
701 1443 858 1531 tempore
875 1432 992 1529 gratis
1009 1428 1279 1527 expeditionem,
1296 1426 1523 1524 conloquium
1542 1424 1621 1524 pla-

396 1545 510 1620 citum
528 1545 624 1622 sicut
642 1569 716 1622 mos
733 1557 789 1622 est
804 1546 962 1622 fidelium
981 1544 1148 1622 militum.
1164 1545 1255 1617 Item
1269 1543 1306 1616 iu
1320 1539 1483 1616 aecclesia
1499 1539 1619 1614 sancti

398 1659 496 1734 Petri
513 1658 582 1733 sita
599 1658 637 1733 in
655 1659 731 1735 loco
747 1659 808 1759 qui
826 1659 958 1735 dicitur
976 1656 1167 1736 Casarchis
1183 1657 1221 1729 in
1239 1655 1410 1733 comitatu
1427 1653 1466 1726 in
1484 1654 1619 1751 episco-

396 1780 481 1870 patu
499 1783 535 1848 et
547 1772 639 1846 silva
652 1782 688 1848 et
700 1773 841 1848 forestis
854 1797 958 1848 secus
972 1773 1151 1845 Duronum
1166 1768 1331 1857 fluvium,
1344 1767 1435 1841 iuris
1448 1769 1619 1840 &manre

395 1885 565 1961 aecclesiae
582 1894 647 1974 est,
664 1885 746 1960 data
759 1885 976 1962 Tarentasiae
993 1909 1014 1957 e
1031 1883 1182 1982 quodam
1198 1881 1358 1956 Guidonc
1376 1891 1412 1956 et
1428 1902 1517 1954 uxor
1533 1881 1615 1955 eius

396 1999 568 2075 Aelheida
586 1999 682 2074 sicut
698 2000 834 2094 legitur
851 1982 888 2073 in
906 2000 977 2074 alio
993 1997 1141 2074 carticio
1157 2005 1261 2071 tomo.
1277 1997 1368 2071 Item
1386 1995 1424 2068 in
1449 1993 1520 2069 alio
1538 2019 1618 2069 car-

395 2112 480 2188 ticio
497 2123 601 2204 tom·0,
618 2113 677 2189 cui
695 2113 926 2212 praescriptus
947 2122 1002 2188 est
1023 2135 1138 2185 nonus
1155 2113 1224 2186 Leo
1243 2114 1349 2208 Papa,
1366 2113 1415 2183 V’
1435 2133 1517 2208 pars
1542 2132 1618 2183 mo·

396 2226 545 2301 nestorii
562 2227 678 2302 sancti
697 2226 895 2316 Valeriani,
912 2226 1003 2324 quod
1022 2225 1130 2300 situm
1150 2225 1259 2300 estin
1277 2225 1447 2300 comitatu
1467 2223 1618 2298 Olmello

395 2340 434 2414 iu
452 2340 655 2440 episcopatu
673 2341 709 2414 in
728 2341 843 2437 burgo
860 2341 922 2438 qui
940 2339 1072 2416 dicitur
1090 2340 1132 2415 dc
1151 2339 1307 2429 rodubi0,
1324 2348 1361 2415 et
1380 2349 1507 2437 quarta
1533 2363 1617 2435 pers

396 2452 439 2527 de
464 2452 628 2527 omuibus
649 2452 718 2528 sibi
739 2451 1006 2544 pertinentibus.
1023 2453 1135 2528 Debet
1152 2452 1338 2550 praefatum
1358 2451 1615 2527 monasterium

398 2567 577 2640 Domuum
607 2568 740 2663 Papam
770 2566 960 2665 suscipere,
990 2591 1073 2641 cum
1103 2568 1213 2640 XXX
1242 2565 1417 2640 militibus
1444 2562 1616 2637 nuntium

401 2677 479 2753 eius
496 2703 579 2753 cum
598 2681 634 2754 X
650 2689 686 2754 et
702 2679 846 2754 totidem
865 2678 1024 2768 caballis,
1041 2686 1187 2777 praestat
1199 2676 1386 2750 aunuatim
1412 2676 1449 2748 in
1468 2675 1617 2764 Pascha,
1721 2727 1724 2733 ‚

397 2793 432 2864 II
449 2790 528 2864 auri
552 2790 689 2866 solidos.
706 2793 795 2868 Item
815 2794 852 2866 in
870 2791 940 2866 alio
956 2801 1051 2866 tomo
1068 2790 1215 2866 cartieio
1232 2790 1270 2863 in
1291 2813 1361 2887 quo
1385 2788 1617 2887 praescriptus

396 2913 452 2978 est
468 2905 649 2980 secundus
668 2905 868 2981 Alexander
886 2909 982 3004 Papa
995 2905 1190 2995 invenitur,
1211 2903 1301 2978 iuris
1317 2904 1412 2979 beati
1431 2903 1526 2978 Petri
1544 2925 1617 2977 mo·

395 3017 591 3092 nasterium
604 3020 736 3093 montis
749 3019 916 3115 Megallae
929 3043 1013 3094 cum
1027 3017 1192 3094 omnibus
1206 3017 1272 3091 sibi
1287 3015 1512 3114 pertiuentiis
1525 3015 1617 3089 idest

396 3133 652 3208 monasterium
665 3134 781 3210 sancti
794 3133 989 3221 Pancratii,
1006 3140 1042 3206 et
1053 3131 1170 3205 sancti
1184 3129 1391 3224 Clementis,
1404 3137 1440 3204 et
1452 3127 1615 3204 aecclesia

396 3245 512 3320 sancti
529 3245 686 3336 Barbati,
703 3257 740 3322 et
751 3246 896 3324 heremo
909 3245 1024 3322 sancti
1039 3243 1185 3341 Angeli,
1198 3254 1234 3320 et
1247 3243 1364 3318 sancti
1377 3241 1515 3318 Nicolai
1529 3266 1613 3316 cum

396 3361 497 3434 IIII⁰‘
513 3359 671 3458 portione
687 3359 730 3435 de
746 3383 818 3436 uno
834 3369 938 3459 portu
950 3359 988 3433 iu
1002 3355 1155 3453 integro,
1168 3355 1229 3454 qui
1242 3355 1444 3456 appellatur
1457 3379 1477 3427 a
1491 3365 1614 3429 sancto

396 3471 492 3558 Vito,
509 3479 545 3546 ct
562 3469 706 3547 heremo
719 3471 757 3545 in
775 3473 946 3548 comitatu
960 3471 1143 3561 Pinneusi,
1155 3479 1192 3546 et
1205 3481 1321 3547 castro
1334 3469 1488 3558 Xefalia,
1501 3479 1537 3544 et
1549 3493 1615 3543 oec·

396 3580 506 3657 olesia
531 3583 646 3659 sancti
666 3583 823 3674 Martini,
840 3594 876 3660 et
892 3583 1053 3660 ecclesia
1070 3593 1193 3662 sancte
1210 3588 1318 3660 Iustae
1340 3611 1424 3661 cum
1448 3582 1615 3659 omnibus

395 3695 482 3785 suis,
500 3697 569 3771 sita
586 3696 624 3770 in
641 3697 856 3795 pertinentia
874 3699 984 3773 castri
1007 3693 1223 3790 Castilionis,
1240 3709 1276 3776 et
1292 3699 1455 3774 aecclesia
1480 3705 1615 3774 sauetoe

395 3807 582 3882 Canticum
599 3817 635 3884 et
652 3809 878 3886 medietatem
891 3811 1061 3887 aecclesioe
1075 3805 1190 3888 sancti
1202 3811 1368 3911 Nycolai,
1380 3811 1448 3887 site
1461 3810 1499 3885 in
1513 3809 1616 3888 terri·

393 3919 483 3993 torio
499 3919 608 3996 castri
620 3923 721 4011 Fare,
735 3945 818 3997 cum
831 3923 868 3996 X
881 3922 1009 3998 massis
1021 3923 1117 4000 intra
1129 3923 1265 4001 dictum
1279 3933 1452 4014 castrum,
1463 3949 1529 4000 seu
1542 3917 1614 3998 mo

394 4031 604 4122 lendiuis,et
616 4033 920 4109 aecclesiasauotae
933 4044 1071 4130 aticum
1084 4036 1248 4112 omnibus
1257 4036 1342 4112 suis.
1351 4031 1441 4112 Item
1451 4036 1614 4114 eeclesia

393 4145 512 4220 sancti
529 4144 642 4219 Blasii
659 4155 695 4221 et
712 4145 1122 4224 medietatemaeoolesiae
1134 4161 1269 4226 sanctae
1282 4143 1453 4246 Agathe,-
1460 4159 1497 4224 et
1510 4145 1613 4224 rocca

393 4282 472 4356 quae
485 4257 616 4334 dicitur
630 4261 764 4348 Penne,
776 4269 812 4334 et
824 4270 941 4335 castro
953 4261 1162 4352 fameclan'o,
1171 4271 1207 4337 ct
1219 4262 1306 4336 item
1321 4257 1484 4338 aecclesia
1495 4261 1613 4336 sancti

394 4369 540 4467 Angeli,
558 4382 594 4447 et
611 4372 727 4447 sancti
746 4371 844 4447 Petri
870 4397 953 4448 cum
978 4373 1143 4448 omnibus
1168 4397 1289 4450 eorum
1314 4374 1554 4472 pertinentiis,
1577 4384 1613 4449 et

391 4483 510 4558 omnia
528 4485 674 4582 praelato
694 4485 905 4562 monasterio
926 4486 1091 4583 Megellae
1112 4508 1280 4562 concessa
1298 4487 1357 4563 vel
1377 4487 1610 4564 concedenda.
