3646 5292
715 379 911 444 -eol-

201 499 363 600 personis
379 498 550 572 iniuriam
567 496 693 574 fecerit
709 498 820 575 donec
837 497 875 572 in
893 507 1073 576 conventu
1086 499 1290 575 admonitus
1307 499 1426 596 legiti-

201 637 258 688 me
275 611 486 700 satisfaciat,
503 611 595 686 sciat
619 636 657 687 se
682 613 930 688 communione
955 615 1030 690 fore
1055 613 1248 713 privatum.
1274 615 1313 688 Si
1337 637 1424 688 vero

200 735 278 826 post
295 725 487 800 secundam
505 735 541 800 et
557 727 702 800 tertiam
719 728 993 803 couventionem
1010 751 1129 805 coram
1147 729 1308 827 episeopo
1322 729 1424 802 satis·

198 842 315 917 faeere
332 841 596 931 detrectaverit,
613 841 799 937 sacrilegii
816 842 973 941 periculo
989 842 1034 917 ab
1059 841 1225 917 omnibus
1250 841 1422 916 obnoxius

199 965 380 1046 teneatur,
405 955 457 1031 ita
482 966 523 1032 ut
547 957 746 1034 secundum
773 955 983 1055 Apostolum
1010 955 1149 1032 nemini
1174 954 1334 1030 fidelium
1359 955 1424 1029 mi·

202 1078 381 1145 secantur.

673 1165 848 1252 llbllHll.
868 1163 945 1263 (sic)

528 1317 578 1370 Ex
596 1316 730 1370 concilio
750 1314 897 1369 eiusdem
915 1327 986 1382 cap.
1007 1315 1093 1368 xvl.

294 1435 431 1508 Verum
445 1431 530 1530 quia
543 1440 629 1507 sunt
641 1431 813 1531 plerique,
826 1428 888 1527 qui
901 1427 1134 1528 prolationem
1151 1427 1327 1504 sententie
1341 1430 1424 1504 sub·

198 1547 380 1643 terfugere
402 1546 598 1646 cupientes,
614 1572 636 1621 a
661 1543 922 1625 matricialibus
947 1542 1109 1618 ecclesiis
1127 1541 1185 1617 vel
1202 1542 1422 1641 baptismali-

198 1661 265 1737 bus
282 1686 320 1736 se
337 1661 553 1750 subducunt,
570 1661 718 1761 placuit,
735 1673 777 1740 ut
793 1662 830 1739 hi
856 1659 917 1758 qui
943 1658 1039 1731 intra
1062 1656 1246 1753 regionem
1271 1659 1377 1757 positi
1401 1684 1424 1732 a

197 1774 351 1874 publicis
367 1775 612 1849 aecclesiarum
630 1801 667 1851 se
684 1771 981 1852 convenientibus
998 1771 1094 1845 ultre
1111 1773 1164 1845 III
1181 1771 1256 1845 dies
1274 1771 1424 1846 domini-

197 1910 257 1961 cos
274 1885 476 1962 voluntarie
501 1888 717 1963 sententiam
738 1885 1037 1982 'subterfugiendo
1062 1883 1285 1974 substruunt,
1310 1885 1422 1960 donec

198 1999 466 2076 subtislaotione
479 2024 517 2076 se
530 2001 741 2098 corrigendo
754 2003 954 2091 obstruant,
963 1998 1211 2074 communione
1221 1999 1422 2098 priventur.

783 2168 839 2254 bl.

374 2321 457 2375 Item
476 2334 518 2378 ex
537 2322 654 2378 eodem
674 2325 807 2379 concilio
828 2336 900 2390 cap.
920 2324 996 2376 XXI
1018 2321 1102 2376 inter
1120 2320 1239 2374 cetere.

293 2457 518 2534 Auctoritate
535 2461 668 2535 summi
686 2460 817 2535 iudicis
831 2441 973 2536 Domini
986 2456 1100 2532 nostri
1112 2454 1221 2530 lhesu
1235 2452 1371 2531 Christi
1385 2465 1423 2531 et

196 2572 399 2670 principum
418 2573 667 2672 Apostolorum
685 2574 783 2648 Petri
801 2584 837 2649 et
854 2573 958 2648 Pauli
976 2570 1086 2646 simul
1103 2580 1140 2646 et
1156 2570 1317 2644 omnium
1334 2572 1424 2643 San·

197 2694 335 2759 ctorum
352 2687 592 2786 precipimus,
614 2687 851 2777 decemimus,
869 2697 905 2762 et
922 2685 1035 2760 modis
1052 2683 1217 2759 omuibus
1240 2682 1423 2759 interdici-

197 2823 289 2886 mus,
305 2807 347 2872 ut
363 2799 487 2873 amodo
504 2807 540 2874 et
556 2799 725 2900 deinceps
742 2799 880 2875 nullius
904 2799 1056 2900 quilibet
1080 2796 1184 2872 homo
1201 2805 1298 2897 petat
1313 2797 1434 2896 patri·-

137 2961 142 2970 ·
197 2911 315 2985 monia
328 2920 462 2987 sanetae
475 2921 605 2987 nostrae
618 2913 798 2989 aecclesiae.
813 2913 937 3015 Appiae
949 2913 1118 2989 videlicet
1130 2921 1166 2988 et
1177 2912 1422 2988 Lauicanense

196 3023 1422 3124 velCompanium,Tyburtinnm,Traiectanum,Theetinumutrum·

196 3157 276 3233 que,
302 3135 525 3225 Saviniense,
543 3147 578 3212 et
596 3139 746 3227 Tuseiae,
770 3141 947 3239 porticum
965 3141 1082 3216 sancti
1105 3139 1217 3230 Petri,
1242 3148 1421 3214 monetam

198 3251 407 3340 Romanam,
424 3251 604 3326 ordinaria
621 3263 657 3328 et
681 3254 877 3329 actionaria
902 3255 1056 3355 publica,
1081 3254 1207 3354 ripam,
1231 3256 1361 3328 Portus
1385 3264 1422 3329 et

200 3366 348 3440 Ostiam.
376 3367 445 3440 Sed
462 3375 498 3440 et
515 3366 592 3442 haec
609 3369 726 3442 omnia
744 3368 782 3442 in
799 3396 905 3445 usum
924 3371 1045 3445 salarii
1063 3369 1158 3443 sacri
1172 3368 1303 3442 Palatii
1321 3371 1421 3444 Late·

199 3480 362 3555 ranensis
380 3481 635 3580 perpetualiter
654 3493 832 3574 maneant,
849 3485 901 3559 ita
918 3493 960 3558 ut
984 3483 1106 3557 solitos
1124 3481 1282 3556 redditus
1298 3491 1335 3557 ot
1358 3506 1421 3556 an·

196 3594 320 3689 gorius
336 3594 591 3693 perpetualiter
608 3595 740 3694 absque
757 3597 832 3670 ulla
849 3595 1128 3672 contradictione
1145 3593 1360 3694 persolvant.
1372 3597 1420 3670 Et

193 3705 224 3780 si
249 3707 331 3804 quis
348 3706 413 3782 boo
434 3707 705 3799 beneficialiter‚
731 3709 790 3784 vel
815 3709 885 3784 alio
910 3709 1068 3808 quolibet
1084 3708 1184 3783 modo
1208 3707 1418 3784 subtrahere

194 3820 321 3919 quovis
338 3829 494 3920 tempore
512 3821 678 3912 voluerit,
695 3822 888 3900 anathema
904 3824 960 3899 sit.
977 3827 1025 3898 Et
1040 3822 1145 3896 infra.
1169 3823 1337 3923 Exceptis
1361 3821 1419 3898 his

194 3959 282 4033 quos
307 3933 504 4010 familiares
521 3935 580 4012 vel
598 3946 737 4012 nostros
753 3939 813 4013 vel
834 3947 1034 4013 nostrorum
1060 3961 1306 4013 successorum
1331 3961 1419 4029 esse,

193 4051 284 4126 ratio
297 4051 455 4150 proficua
469 4051 736 4127 evidentissime
754 4051 1060 4128 demonstraverit.
1073 4051 1173 4138 Quod
1186 4050 1216 4124 si
1230 4049 1418 4148 quisquam

192 4165 279 4241 huie
296 4165 436 4241 decreto
452 4175 571 4240 nostro
587 4167 764 4242 contraire
781 4164 1058 4266 praesumpserit,
1071 4165 1208 4241 scilicet
1224 4164 1347 4239 eadem
1359 4189 1419 4264 pa·

192 4279 360 4354 trimonie
379 4282 414 4352 S.
432 4281 471 4352 R.
491 4279 662 4355 Ecclesia
679 4279 890 4371 beneficiali,
915 4305 978 4355 seu
1004 4278 1161 4378 quolibet
1184 4302 1281 4354 more
1297 4277 1366 4352 sibi
1382 4303 1418 4352 a·

193 4392 294 4466 modo
311 4391 387 4466 dari
405 4393 560 4493 petierit,
576 4404 640 4468 aut
664 4393 799 4470 volenti
821 4393 904 4470 dare
930 4393 1159 4485 consenserit,
1176 4402 1211 4470 et
1227 4391 1289 4492 qui
1306 4391 1367 4466 dat
1382 4401 1418 4468 et

191 4505 254 4603 qui
271 4505 407 4606 recipit,
424 4507 616 4583 anathema
632 4506 688 4582 sit.
