3642 5294
917 405 1092 470 ..48-

387 523 579 602 schasinus
596 527 653 600 vir
669 528 985 604 reverentissimus
1002 529 1200 628 Episcopus
1216 537 1252 603 et
1266 527 1437 604 Vicarius
1449 523 1551 600 Sedis
1564 529 1613 597 A·

388 641 575 738 postolicae,
599 643 698 718 dixit.
724 643 816 718 Cum
840 643 1070 732 intromissus
1092 645 1214 732 fuerit,
1238 667 1382 719 necesse
1406 651 1461 717 est
1490 651 1531 713 ut
1555 637 1611 712 illi

386 756 586 832 obiiciatur.
598 759 794 833 Lucentius
807 759 1120 834 reverentissimus
1133 759 1330 856 Episcopus
1342 758 1443 845 dixit,
1455 767 1493 831 et
1505 755 1612 831 Vlce-

390 871 466 947 rius
483 873 584 948 Sedis
601 873 822 971 Apostolicae.
838 877 880 948 In
897 875 1029 949 iudicio
1045 899 1110 948 suo
1126 899 1270 949 necesse
1291 881 1346 948 est
1362 897 1444 947 eum
1466 871 1611 946 reddere

389 985 572 1076 rationem,
588 987 650 1085 qui
666 1013 751 1062 curn
769 1011 954 1086 personam
979 1013 1046 1064 neo
1069 987 1252 1063 iudicandi
1276 985 1408 1061 habent
1423 985 1612 1083 surripuit,

388 1113 424 1177 et
440 1128 552 1177 ausus
564 1111 618 1178 est
630 1103 808 1201 synodum
821 1103 938 1178 facere
951 1102 1029 1176 sine
1040 1101 1254 1176 auctoritate
1271 1099 1373 1175 Sedis
1392 1099 1612 1197 Apostolicae,

387 1219 480 1315 quod
496 1241 681 1316 nunquam
700 1217 836 1293 sactum
853 1227 991 1291 estnec
1008 1216 1084 1290 fieri
1104 1214 1217 1290 licuit.
1232 1213 1472 1288 Psschasinus
1484 1213 1612 1288 beatis-

388 1331 503 1407 simus
520 1332 715 1430 Episcopus
731 1341 767 1406 et
785 1331 956 1406 vicarius
972 1330 1074 1404 Sedis
1092 1328 1303 1426 Apostolicsc
1320 1327 1419 1401 dixit.
1435 1330 1509 1403 Nos
1530 1351 1611 1402 con·

389 1455 446 1520 tra
462 1455 638 1544 precepta
662 1445 858 1521 beatissimi
879 1456 986 1543 atque
1013 1444 1205 1542 Apostolici
1232 1447 1337 1540 Papae
1361 1441 1612 1538 gubernatoris

389 1559 491 1634 Sedis
511 1559 721 1658 Apostolicae
737 1559 862 1634 venire
887 1583 958 1634 non
983 1581 1181 1654 possumus,
1205 1581 1273 1632 nec
1297 1567 1420 1631 contra
1446 1555 1613 1630 ecelesia-

389 1811 448 1862 ces
465 1797 501 1861 et
518 1787 760 1886 amplissimus
777 1791 932 1862 Senatus
950 1771 1127 1861 dixerunt.
1139 1784 1317 1859 Convenit
1329 1807 1392 1858 vos
1409 1782 1613 1880 specialiter

389 1900 475 1998 quid
488 1901 663 1976 erraverit
679 1923 862 1999 exponere.
876 1901 1070 1975 lucentius
1088 1900 1400 1975 reverentissimus
1417 1897 1613 1996 Episcopus

389 2014 489 2088 dixit.
507 2017 593 2088 Non»
604 2014 760 2111 patimur
777 2023 914 2088 tantam
932 2013 1103 2088 iniuriam
1121 2039 1189 2089 nec
1206 2014 1310 2088 nohis
1324 2013 1400 2089 fieri
1417 2037 1484 2088 neo
1502 2011 1613 2100 vobis,

389 2243 566 2318 dixerunt.
585 2243 623 2317 Si
641 2242 772 2318 iudicis
788 2243 926 2340 optines
943 2267 1128 2340 personam
1147 2267 1217 2317 non
1235 2253 1276 2316 ut
1296 2252 1484 2318 accusator
1508 2241 1613 2316 debes

389 2357 565 2455 prosequi,
582 2367 619 2431 et
646 2357 811 2432 Dioscoro
834 2356 1005 2454 Episcopo
1030 2355 1255 2431 Alexandrim
1272 2355 1468 2429 secundum
1488 2353 1615 2428 iussio

388 2495 472 2546 nem
489 2469 827 2567 gloriosissimorum
841 2469 1001 2545 iudicum
1015 2477 1051 2543 et
1064 2468 1278 2566 amplissimi
1292 2471 1447 2544 Senatus
1460 2467 1614 2544 residen-

388 2594 424 2660 te
441 2585 480 2658 in
498 2584 621 2660 medio.
639 2589 685 2660 Et
701 2584 939 2660 residentibus
956 2584 1124 2658 Romanis
1137 2584 1174 2657 in
1189 2583 1341 2682 propriis
1353 2583 1496 2658 sedibus
1512 2593 1549 2657 et
1562 2592 1613 2658 ta·

389 2698 565 2788 centibus,
585 2698 763 2773 Eusebius
788 2697 1081 2794 religiosissimus
1106 2697 1302 2796 Episcopus
1328 2697 1492 2794 Donylei,
1516 2705 1614 2770 tran·

388 2811 485 2884 siens
497 2809 536 2882 in
551 2811 718 2898 medium,
733 2811 832 2885 dixit.
847 2814 915 2885 Per
928 2811 1082 2885 salutem
1097 2813 1329 2887 Dominorum
1340 2811 1501 2887 universi
1511 2835 1614 2884 mun-

391 2924 439 3012 di,
456 2923 575 2998 iubete
593 2947 717 3020 preces
735 2949 831 2999 meas
848 2923 935 3021 legi,
952 2923 1059 2999 laesus
1076 2926 1171 3000 enim
1197 2951 1277 2999 sum
1302 2926 1515 3015 aDiosooro,
1539 2923 1614 2998 lesa

389 3045 444 3112 est
461 3036 556 3111 fides.
574 3036 723 3120 Occisus
740 3045 795 3112 est
812 3037 1010 3112 Flavianus
1025 3039 1229 3137 Episcopus
1242 3049 1278 3114 et
1290 3038 1399 3113 simul
1414 3063 1555 3113 mecum
1568 3037 1614 3111 ab

390 3265 544 3337 Senatus
565 3263 743 3338 dixerunt.
760 3267 889 3340 Preces
906 3263 1088 3360 legentur,
1105 3278 1141 3341 et
1166 3266 1342 3341 residente
1367 3265 1405 3338 in
1432 3265 1546 3340 medio
1569 3291 1615 3340 ex

387 3375 543 3450 iussione
560 3375 721 3450 omnium
739 3361 892 3452 Eusebio
909 3378 1196 3454 reverentissimo
1213 3381 1397 3478 Episcopo,
1411 3379 1614 3455 Beronicia·

386 3513 456 3562 nus
472 3487 530 3561 vir
546 3489 696 3564 devotus
712 3513 734 3562 a
751 3489 899 3566 secretis
923 3491 1017 3565 sacri
1040 3493 1250 3568 Consistorii
1276 3493 1459 3590 accipiens
1483 3517 1610 3591 preces

389 3600 434 3674 ab
451 3623 491 3674 eo
508 3600 686 3676 recitavit.

911 3745 1099 3833 XXVIIII.

485 3943 720 4017 Sanctissimo
748 3953 785 4018 et
813 3943 1018 4020 beatissimo
1046 3946 1245 4022 universali
1272 3946 1550 4046 Archiepiscopo
1575 3960 1612 4024 et

389 4054 609 4131 Patriarchee
627 4079 769 4152 muguae
786 4060 905 4132 Romae
931 4060 1049 4148 Leoni,
1065 4069 1111 4134 et'
1126 4069 1260 4134 sanctus
1277 4061 1475 4137 universali
1494 4062 1613 4138 Chun-

389 4166 577 4242 oedonensi
590 4170 727 4267 synodo
741 4193 803 4267 per
814 4170 1040 4246 voluntatem
1054 4171 1120 4247 Dei
1137 4181 1173 4246 ct
1186 4196 1324 4247 sacrem
1339 4175 1610 4272 preceptionem

389 4291 632 4376 congregate,
649 4281 792 4358 libellus
816 4308 837 4356 a
856 4285 1010 4382 Syrione
1027 4285 1255 4360 Alexandriae
1273 4285 1439 4361 Diacono.
1457 4289 1548 4362 Item
1572 4289 1612 4363 in

388 4393 522 4470 eedem.
540 4397 671 4470 Sancto
687 4405 723 4470 et
748 4395 952 4472 beatissimo
977 4406 1012 4474 et
1037 4398 1233 4472 universali
1259 4399 1549 4498 Archiepisoopo,
1574 4412 1611 4478 et

389 4504 609 4580 Patriarohae
628 4531 769 4603 magum
786 4511 905 4583 Romus
918 4511 1037 4598 Leoni,
1050 4519 1086 4584 et
1102 4519 1225 4586 sancto
1242 4511 1441 4588 universali
1459 4516 1612 4592 coneilio
