3618 5316
722 417 919 486 -299-

210 539 325 616 divini
342 537 624 618 consideratione
641 537 778 631 iudicii,
793 551 924 617 nostra
940 535 1200 617 communionis
1214 535 1359 632 memor,
1376 541 1428 623 ita

210 665 246 731 te
263 655 455 732 efficaciter
471 681 514 730 ao
532 651 683 732 fideliter
704 651 947 747 exhibeamus,
963 666 1006 731 ut
1021 649 1160 732 nullius
1177 651 1430 754 neglegentiae,

210 769 270 845 vel
295 771 432 847 fraudis
454 771 546 871 quod
572 771 666 847 absit
689 771 846 848 alieuius
867 770 1066 846 inveniaris
1090 769 1268 846 sustinere
1292 769 1429 869 pericu·

211 885 299 960 lum.
325 879 446 983 Magis
462 896 583 962 autern
604 887 642 963 id
658 911 758 984 agas,
775 881 947 985 quatinus
963 885 1006 960 de
1032 885 1098 960 fido
1116 893 1153 960 et
1169 882 1348 959 industria
1364 893 1429 959 tua

210 997 344 1076 divinae
360 998 472 1099 possis
496 1002 626 1098 gratia
643 998 894 1077 commendari.
912 995 968 1074 Ad
985 997 1162 1073 familiam
1179 1021 1318 1097 quoque
1337 994 1430 1074 eius·

211 1113 291 1188 dem
309 1112 524 1214 patrimonii,
541 1109 739 1192 secuudum
757 1110 890 1190 morem
903 1123 1080 1215 praeopta
1092 1111 1299 1204 direximus,
1317 1123 1358 1188 ut
1378 1112 1430 1186 ni·

210 1226 263 1301 bil
288 1229 332 1304 ad
358 1231 603 1329 peragendum
620 1254 661 1306 ea
679 1255 759 1330 quae
775 1227 840 1304 tibi
858 1223 1022 1304 iniuncta
1047 1227 1195 1304 suntin
1221 1227 1340 1327 aliquo
1365 1252 1427 1301 va-

211 1340 309 1418 leant
321 1341 500 1442 impedire.

709 1569 710 1572 ι
746 1485 900 1571 cxxvi.

676 1663 760 1716 Item
778 1663 811 1715 tn
830 1662 956 1718 eodem.

311 1797 486 1875 Iohannes
509 1797 695 1899 episeopus
720 1824 848 1875 servus
872 1823 1059 1875 servorum
1077 1799 1141 1876 Dei
1167 1799 1300 1876 colonis
1324 1809 1360 1876 et
1381 1801 1432 1874 f-

214 1911 323 1992 miliae
340 1937 541 1987 massarum
558 1912 637 1988 sive
654 1913 905 1989 defunctorum
924 1914 961 1987 in
980 1913 1167 2014 provincia
1193 1914 1244 1988 ill.
1261 1913 1431 1990 eonstitu-

210 2037 338 2102 torum.
358 2027 411 2102 Ad
437 2027 715 2104 sollicitudinem
735 2052 820 2104 vero
840 2028 892 2102 ill.
910 2030 1013 2104 Sedis
1032 2037 1162 2104 nostrae
1178 2027 1308 2104 notarii
1325 2039 1362 2104 et
1380 2053 1433 2104 re·

211 2141 333 2238 gimen
351 2142 532 2240 dispositio
544 2152 666 2218 nostra
683 2143 860 2242 pertinere
877 2143 1075 2218 constituit.
1090 2143 1261 2222 Iubemus
1277 2143 1372 2218 anim
1390 2152 1433 2218 ut

211 2253 289 2331 eius
306 2256 484 2331 mandatis
501 2256 540 2331 in
558 2257 778 2332 utilitatibus
796 2265 833 2332 et
859 2256 1004 2331 cultura
1028 2280 1198 2354 agrorum
1217 2281 1340 2354 parere
1357 2279 1433 2354 pro·

211 2369 353 2468 peratis,
365 2380 403 2446 et
418 2371 675 2446 salubrioribus
689 2371 830 2448 obedire
848 2369 1045 2471 praeeeptis.
1060 2371 1129 2448 Oui
1148 2369 1256 2447 talem
1270 2370 1431 2446 dedimus

212 2493 435 2583 potestatem,
452 2493 494 2558 ut
506 2508 564 2561 eos
578 2485 640 2584 qui
657 2495 888 2563 contumaees
905 2483 1102 2578 extiterint,
1119 2485 1282 2563 districta
1298 2485 1432 2562 severi-

211 2606 285 2674 tate
310 2598 490 2698 corripiat.
506 2599 688 2674 Noveritis
713 2609 846 2692 autem,
863 2601 930 2677 sub
947 2599 1013 2677 bae
1039 2599 1246 2677 condicione
1262 2623 1325 2675 vos
1353 2623 1432 2675 esse

212 2713 429 2803 commissos,
447 2723 489 2788 ut
513 2713 692 2812 mancipia
710 2715 740 2789 si
759 2740 829 2813 qua
848 2715 934 2790 soris
951 2714 1109 2806 latitant,
1126 2715 1184 2792 vel
1202 2715 1292 2790 fines
1308 2739 1433 2812 perva-
1483 2744 1485 2748 ’

214 2849 271 2901 sos
288 2851 353 2900 sua
371 2827 545 2903 instantia
562 2827 634 2902 iuri
651 2827 894 2906 ecclesiastico
911 2829 1072 2905 revocari
1086 2853 1156 2905 non
1169 2828 1317 2904 differat.
1335 2827 1433 2901 Pari·

215 2949 270 3016 ter
286 2941 393 3017 otiam
414 2941 573 3042 periculo
590 2965 654 3017 suo
671 2943 783 3019 fuisse
803 2931 1070 3034 commonitum,
1086 2969 1133 3020 ne
1156 2941 1347 3041 aliquando
1360 2941 1430 3016 vio·

213 3052 362 3128 lentiam
382 3053 487 3130 rebus
503 3053 632 3130 alienis
649 3055 708 3131 vel
726 3066 868 3154 raptum
885 3057 1004 3133 faeere
1022 3057 1256 3156 presumatis.

737 3223 910 3309 oxxvll.

307 3396 480 3472 Iohannes
506 3397 843 3497 episcopusservus
869 3421 1055 3473 servorum
1076 3397 1142 3473 Dei
1167 3396 1365 3472 ill.insu1ae
1390 3396 1433 3470 il-

213 3509 287 3585 iius
300 3510 454 3607 glorioso
468 3511 587 3588 iudici.
597 3511 668 3600 Qui
681 3511 719 3584 iu
732 3510 871 3587 actione
884 3511 1019 3610 positus
1031 3511 1133 3587 bonis
1146 3536 1184 3587 se
1197 3511 1431 3610 omnipotenti

214 3627 287 3701 Deo
300 3627 547 3702 commendare
565 3626 685 3704 studet
700 3626 876 3726 operibus,
889 3625 986 3699 viam
1000 3625 1067 3700 sibi
1085 3635 1275 3726 provectus
1292 3625 1431 3716 sternit,

116 3781 120 3787 ·
214 3761 275 3836 per
305 3763 410 3837 quam
439 3738 631 3814 salubriter
655 3739 700 3814 ad
724 3738 923 3814 desiderata
948 3741 1146 3837 perveniat,
1166 3749 1202 3816 et
1226 3739 1271 3814 ad
1297 3738 1432 3814 maiora

214 3848 353 3951 semper
371 3853 513 3930 Christo
536 3854 730 3930 adiuvante
754 3854 925 3952 proficiat.
942 3857 1067 3953 Itaque
1092 3855 1274 3953 praemisso
1300 3853 1433 3928 saluta·

214 3965 323 4042 tionis
339 3967 504 4066 alloqui0,
521 3967 572 4042 ill.
590 3968 767 4044 notarium
795 3967 998 4065 portitorem
1015 3969 1247 4066 praesentium
1265 3967 1434 4067 quemad

216 4082 379 4180 regimen
394 4083 599 4182 patrimonii
612 4081 847 4160 aeclesiastici
861 4083 899 4155 in
916 4080 968 4156 iil.
981 4080 1101 4156 insula
1118 4080 1306 4158 constituti
1319 4091 1435 4156 trans·

213 4197 379 4272 misimus
411 4208 543 4274 vestrae
574 4197 837 4294 magnitudinis
874 4196 1177 4288 commendamus,
1200 4206 1242 4272 ut
1262 4195 1433 4272 bonitatis

214 4321 343 4387 vestras
359 4311 414 4385 illi
433 4313 600 4388 affectum
618 4323 654 4388 et
670 4312 829 4409 gratiam
843 4311 881 4384 in
898 4311 1017 4386 causis
1030 4335 1226 4410 pauperum
1242 4309 1434 4385 libentissi-

218 4449 274 4502 me
292 4424 532 4516 commodetis,
544 4437 652 4524 atque
670 4425 720 4501 ita
738 4451 820 4501 eum
834 4429 931 4502 siout
949 4449 1075 4503 revera
1094 4426 1317 4504 Christianos
1334 4425 1436 4502 decet

215 4539 254 4617 in
282 4541 448 4620 omuibus
476 4541 669 4623 adiuvetis.
686 4541 866 4635 Quatiuus
885 4541 979 4621 dum
1010 4541 1111 4622 vobis
1139 4539 1436 4622 concurrentibus
