3642 5294
718 429 896 494 -ῃ,

193 555 268 620 tam
285 545 495 621 excellentis
508 547 661 624 Consilii
675 551 804 624 fierent
815 550 986 648 capitula,
999 575 1080 648 qum
1091 575 1235 628 omnem
1250 551 1425 634 Christis-1

191 683 322 734 norum
338 660 458 736 orbem
476 663 515 735 in
533 689 606 738 uua
625 665 691 740 fide
710 667 905 740 firmarent.
922 667 970 738 Et
986 665 1092 740 infra.
1105 669 1314 764 Nuncergo
1327 678 1424 766 optas

195 798 276 848 mus
293 783 335 849 ut
351 799 373 847 a
389 785 520 852 vestrm
537 779 880 868 Sedis'auctoritata
897 803 977 877 qum
1002 787 1057 854 est
1077 788 1239 877 caputet
1258 790 1372 859 mater
1388 805 1422 857 ο-

194 888 335 963 mnium
356 891 603 983 ecclesiarum,
619 905 655 968 et
679 894 724 968 ad
749 894 1007 994 eorreptionem
1033 892 1192 968 fidelium
1218 893 1422 970 orthodoxo

193 1028 273 1076 rum
294 1006 475 1103 percipere
492 1031 554 1104 per
570 1017 762 1106 prasentes
774 1009 915 1106 legatos
933 1003 1145 1084 mereamur.

768 1269 847 1354 Vll.

289 1529 437 1605 Dumnis
452 1531 728 1606 venerabilibus
742 1540 778 1607 et
791 1531 966 1605 fratribus
980 1529 1179 1604 Athanasio
1191 1539 1228 1606 et
1241 1529 1427 1606 universis*

189 1643 645 1744 Egyptiorum'Episcopis
663 1648 808 1718 Marcus
834 1647 976 1718 Sanctae
1002 1645 1168 1718 Romana
1194 1643 1421 1742 Apostolicm

190 1783 261 1858 que
279 1758 381 1834 Sedis
393 1767 429 1833 et
441 1757 661 1833 universalis
674 1758 846 1834 Ecclesiae
859 1758 1064 1856 Episcopus.
1078 1761 1124 1831 Et
1137 1751 1241 1832 infra.
1255 1757 1419 1854 Diligen-

190 1883 248 1950 ter
265 1873 487 1972 requirentes
499 1873 537 1946 in
551 1884 675 1949 sancto
692 1883 822 1958 nostrae
836 1885 872 1949 et
887 1873 1100 1972 Apostolicae
1114 1873 1208 1948 sedis
1222 1873 1354 1949 scrinio
1366 1899 1424 1949 ea·

192 1989 272 2082 dem
308 2013 388 2086 quae
417 1999 551 2064 sanctae
580 1989 835 2064 recordationis
860 1987 1109 2086 praedecessori
1142 2011 1218 2062 meo
1249 1987 1422 2063 Silvestre

193 2113 281 2174 sunt
302 2101 437 2176 directa
462 2099 573 2178 LXX.
594 2101 691 2177 sicut
715 2100 950 2198 significastis
968 2101 1137 2201 capitula,
1154 2099 1257 2177 illesa
1282 2101 1422 2178 inveni-

193 2241 285 2289 mus.
302 2219 384 2312 Ipsa
401 2215 502 2289 vobis
521 2225 662 2314 propter
678 2217 931 2292 auctoritatem
956 2226 993 2291 et
1018 2215 1319 2313 subscriptionem
1344 2226 1422 2290 tan-

192 2339 313 2404 torum
331 2339 473 2428 patrum
492 2341 527 2404 et
543 2331 623 2404 cius
641 2331 766 2427 magni
784 2329 929 2408 concilii
945 2331 1092 2404 minime
1106 2329 1271 2404 misimus
1285 2331 1347 2404 sed
1359 2355 1422 2428 per

191 2445 315 2519 eadem
332 2467 450 2519 coram
468 2444 694 2541 apocrisariis
712 2445 844 2528 vestris
862 2444 935 2518 alia
952 2444 1085 2518 similia
1103 2444 1268 2518 eumdem
1295 2470 1419 2520 nume·

194 2584 287 2647 rum,
316 2558 509 2656 eadamque
532 2558 642 2633 verba
671 2567 709 2658 et
737 2559 856 2657 ipsam
878 2558 1176 2656 subscriptionem
1201 2559 1423 2647 continentia

193 2661 295 2748 vobis
312 2672 468 2749 scribere
480 2681 517 2748 et
529 2674 769 2772 subscriptam
783 2675 1050 2774 stipulationem
1066 2682 1102 2750 at
1114 2673 1421 2751 confirmationem
1452 2669 1454 2676 ’

195 2789 338 2864 mittere
355 2787 575 2911 curavimus.
594 2792 641 2863 Et
657 2799 788 2865 cetera.
1419 2779 1423 2787 ¹

652 3001 655 3010 ’
762 3041 859 3126 uu.

289 3304 407 3378 Iulius
423 3312 557 3379 sauctae
570 3307 668 3377 Rom.
684 3311 721 3376 et
734 3301 949 3400 Apostolieae
961 3301 1062 3376 Sedis
1075 3301 1284 3398 Episcopus,
1297 3301 1423 3376 Orien·

193 3417 328 3492 talibus
347 3416 539 3515 Episcopis.
557 3419 736 3492 Decuerat
747 3437 811 3489 vos
829 3416 1023 3491 adversum
1036 3425 1199 3494 sanctam
1213 3417 1311 3489 Rom.
1324 3423 1361 3489 et
1374 3421 1421 3490 A·

193 3529 402 3629 postolicam
426 3529 626 3605 Ecclesiam
645 3529 768 3604 limate
786 3539 823 3604 ct
838 3553 911 3604 non
927 3529 1102 3627 hyronice
1119 3527 1228 3626 loqui,
1253 3529 1421 3626 quoniam

192 3656 230 3721 et
253 3646 331 3743 ipse
351 3645 525 3719 Dominus
547 3653 666 3718 noster
687 3643 813 3719 lbesus
834 3669 912 3718 cam
937 3644 1105 3719 decenter
1130 3643 1337 3741 alloquutus
1358 3643 1423 3718 ait.

193 3764 247 3834 Tu
270 3785 310 3834 cs
327 3758 453 3856 inquid
470 3761 598 3832 Petrus
615 3768 651 3833 et
667 3783 774 3856 super
790 3757 884 3832 hanc
903 3766 1052 3854 petram,
1078 3766 1115 3831 ct
1140 3755 1289 3854 reliqua,
1315 3755 1422 3831 habet

192 3881 402 3972 potestatem
420 3871 600 3968 singulari
615 3871 808 3969 privilegio
822 3871 890 3946 sibi
903 3895 1110 3948 concessam
1123 3871 1262 3969 aperire
1275 3883 1312 3946 et
1324 3870 1421 3946 clau-

192 3989 276 4064 dere
297 3975 428 4061 ianuas
443 3986 547 4082 regni
566 3985 720 4074 celestis,
739 3985 869 4085 quibus
887 3985 1051 4062 voluerit.
1064 3989 1111 4060 Et
1124 3985 1229 4060 infra.
1242 3986 1317 4062 Our
1330 3985 1422 4060 sino

192 4103 280 4176 dnm
297 4101 343 4174 ad
360 4109 495 4175 statum
514 4099 761 4176 Ecclesiarum
779 4109 815 4175 at
831 4099 988 4174 fratrum
1005 4099 1286 4175 subvertendum
1303 4107 1339 4174 ct
1360 4099 1422 4174 Ni·

192 4216 275 4292 cani
292 4215 417 4311 magni
436 4215 589 4292 Ooncilii
606 4216 889 4292 destructionem
907 4215 945 4288 in
963 4214 1155 4290 Antiochia
1171 4213 1332 4289 fecistis?
1346 4219 1422 4289 Aut

192 4355 260 4406 cur
275 4328 378 4404 nobis
395 4329 610 4404 inconsultis
627 4331 818 4429 Episcopus
834 4329 879 4404 ad
891 4329 1057 4405 sinodum
1074 4327 1239 4418 vocastis,
1252 4329 1298 4403 ad
1311 4353 1419 4427 quam

193 4468 260 4519 nec
278 4443 459 4517 Maximus
477 4443 814 4520 Hierosolimitanus
831 4445 943 4534 venit,
961 4467 1028 4538 nec
1044 4452 1166 4518 nostra
1182 4442 1348 4518 interfuit
1372 4442 1422 4519 le-

194 4557 322 4654 gatio?
339 4558 546 4634 Canonibus
562 4559 692 4657 quippe
705 4560 742 4632 in
756 4558 895 4636 Nicena
907 4559 1045 4659 synodo
1057 4557 1265 4636 iubentibus
1278 4582 1349 4634 non
1361 4557 1419 4635 de·
