3654 5302
888 393 1084 458 -428-

379 509 529 610 paravit.
544 510 613 586 Cui
632 509 796 586 Pontifex
817 512 1042 588 ¹venerandas
1066 511 1222 602 Cruces,
1236 513 1329 589 idest
1353 513 1460 610 signa
1484 515 1604 588 oriem

377 623 476 699 misit
493 635 529 700 et
546 623 735 699 universas
761 624 875 700 scolas
900 623 1041 714 militie,
1066 636 1101 700 et
1127 649 1254 720 pueros
1279 636 1461 724 portantes
1486 651 1603 701 remos

377 737 577 836 palmarum
595 737 672 812 sive
687 737 875 811 olivarum.
900 741 980 836 Ipse
1006 761 1091 812 vero
1116 738 1296 814 excellens
1321 741 1396 813 Rex
1421 763 1492 836 qua
1515 739 1602 813 hora

376 853 517 929 easdem
539 851 800 927 sacratissimas
826 853 972 941 Cruces,
998 859 1034 924 et
1059 850 1166 948 signa
1191 850 1387 948 conspexit,
1412 852 1534 926 statim
1559 851 1604 926 de

377 991 467 1064 equo
484 966 710 1055 descendens,
723 990 807 1046 curo
822 967 897 1042 suis
909 971 955 1045 ed
968 971 1114 1046 beatum
1129 967 1278 1038 Petrum
1295 963 1474 1062 pedextris
1486 988 1604 1061 perre-

378 1079 442 1154 xit.
460 1078 814 1166 Quemvenerandus
832 1083 996 1159 Pontifex
1021 1102 1115 1155 enno
1133 1075 1318 1152 Dominioe
1344 1076 1604 1152 incarnationis

377 1193 642 1268 DCOLXXIIII
655 1191 692 1264 in
706 1191 850 1268 sabbato
863 1207 987 1274 sancto
1002 1191 1139 1270 Pesche
1153 1190 1190 1263 in
1204 1188 1376 1286 gradibus
1389 1189 1503 1288 ipsius
1513 1195 1604 1288 Apo

376 1305 511 1380 stolicre
529 1304 611 1378 aule
628 1329 712 1380 cum
730 1305 825 1381 clero
841 1315 877 1381 et
894 1308 1021 1406 populo
1039 1310 1195 1382 Romano
1212 1301 1436 1400 prestolatus
1452 1313 1517 1378 est.
1530 1303 1604 1391 Qui

377 1419 461 1494 dum
476 1416 680 1494 advenisset
691 1419 856 1493 omnibus
869 1421 1043 1514 gradibus
1057 1415 1153 1493 beati
1163 1415 1261 1491 Petri
1275 1413 1499 1506 deosculatis,
1507 1417 1603 1514 apud

378 1531 602 1606 nominatum
620 1532 783 1628 pervenit
801 1532 1019 1608 Pontificem.
1034 1533 1198 1628 Cumque
1216 1537 1341 1603 mutuo
1354 1555 1393 1604 se
1406 1529 1601 1628 amplexati

377 1656 507 1734 essent,
525 1642 641 1719 tenuit
659 1643 752 1718 idem
771 1643 1105 1720 Christianissimus
1121 1647 1198 1718 Rex
1216 1667 1362 1716 manum
1380 1643 1494 1741 ipsius
1515 1647 1603 1718 Pon-

378 1757 495 1833 tilicis.
512 1760 559 1832 Et
576 1757 626 1830 ita
642 1757 686 1830 ad
704 1755 798 1834 beati
818 1759 915 1832 Petri
941 1759 1200 1834 confessionem
1226 1781 1311 1832 cum
1336 1757 1500 1832 omnibus
1526 1759 1602 1832 suis

377 1895 579 1970 properans,
595 1881 700 1946 terrae
718 1880 926 1968 prostratus,
944 1874 1017 1947 Deo
1034 1881 1074 1948 et
1091 1881 1215 1946 sancto
1231 1871 1310 1946 eius
1327 1871 1495 1968 Apostolo
1518 1882 1601 1946 vota

378 1983 559 2082 persolvit.
569 1987 671 2058 Tune
684 1984 777 2060 idem
792 2009 855 2058 rex
866 1985 997 2060 obnixe
1011 1993 1178 2083 precatus
1191 1993 1245 2060 est
1259 1983 1480 2073 Pontificem,
1493 1995 1534 2058 ut
1547 1984 1600 2059 illi

377 2097 560 2173 licentiam
578 2097 750 2172 tribueret
768 2100 915 2172 Romam
934 2099 1176 2196 ingrediendi,
1194 2097 1317 2174 orandi
1334 2097 1535 2196 gratiaper
1551 2098 1600 2172 di·

377 2235 499 2299 versas
516 2209 703 2286 aecclesies.
717 2211 763 2284 Et
779 2210 1033 2288 descendentes
1048 2211 1183 2309 pariter
1197 2211 1242 2286 ad
1255 2234 1382 2307 corpus
1395 2209 1489 2286 beati
1502 2210 1599 2285 Petri

377 2349 459 2400 cum
478 2323 657 2398 iudicibus
673 2327 913 2398 Romanorum
931 2334 968 2399 et
986 2330 1217 2414 Francorum,
1232 2348 1378 2422 seseque
1397 2333 1521 2398 mutuo
1538 2347 1599 2421 per

376 2447 601 2513 sacramenta
619 2436 832 2527 munientes,
850 2437 1008 2534 ingressi
1023 2449 1109 2512 sunt
1133 2429 1303 2514 continuo
1327 2439 1484 2512 Romam.
1503 2436 1600 2513 Cele

376 2551 478 2626 brata
495 2573 578 2624 vero
594 2549 754 2649 paschali
772 2551 978 2640 festivitate,
996 2555 1066 2628 IIII
1083 2552 1183 2640 feria,
1199 2551 1328 2626 oblatis
1342 2551 1485 2648 magnis
1497 2551 1600 2627 donis

376 2663 477 2738 beato
496 2665 600 2737 Petro
617 2663 661 2736 ad
682 2661 898 2738 obsidionem
924 2665 1032 2762 Papio
1060 2690 1226 2740 reversus
1250 2673 1315 2753 est,
1341 2674 1376 2739 et
1400 2663 1599 2740 auxiliante

379 2780 452 2852 Deo
463 2775 626 2852 eteodem
638 2775 1045 2873 ApostoleDesiderium
1056 2777 1368 2874 Langobardorum
1380 2801 1502 2874 regern
1516 2803 1599 2853 cum

377 2889 532 2986 coniuge
550 2915 671 2965 secum
690 2890 888 2986 deportarit
904 2902 941 2966 et
957 2892 1025 2967 sibi
1043 2915 1146 2966 omne
1165 2915 1319 2987 regnum
1336 2891 1415 2966 eius
1428 2891 1598 2987 subiuga-

379 3003 442 3077 vit.
460 3007 550 3079 Item
569 3029 652 3078 cum
678 3029 740 3080 rex
764 3004 987 3080 Hludovicus
1013 3010 1159 3082 Romam
1185 3003 1406 3080 coronandus
1431 3005 1599 3096 venisset,

378 3117 556 3192 secundus
573 3120 669 3214 Papa
687 3117 838 3214 Sergius
854 3141 937 3193 eum
956 3119 995 3192 in
1012 3119 1184 3216 gradibus
1200 3117 1296 3193 beati
1316 3115 1413 3192 Petri
1430 3118 1598 3214 suscepit,

376 3230 438 3304 sed
456 3230 569 3306 eidem
589 3230 751 3307 ecclesie
770 3233 916 3306 ianuam
937 3233 1068 3330 aperiri
1093 3257 1164 3309 non
1189 3231 1363 3330 permisit,
1379 3230 1489 3307 donec
1505 3231 1599 3306 idem

376 3367 413 3418 se
431 3343 530 3417 nullo
547 3343 640 3418 melo
657 3344 802 3440 ingenio
819 3345 1008 3420 advenisse
1034 3341 1227 3418 nuntiavit.
1245 3340 1409 3438 Cumque
1427 3341 1599 3438 praefatus

378 3456 544 3531 Pontifex
559 3456 718 3533 audisset
735 3483 817 3533 enm
835 3459 873 3531 in
890 3459 983 3535 hanc
997 3455 1271 3532 famosissimam
1285 3452 1409 3528 urbem
1422 3454 1599 3552 ospitandi

376 3595 484 3644 causa
502 3569 594 3646 velle
610 3571 757 3660 intrare,
770 3571 903 3646 clausis
917 3581 952 3646 et
966 3570 1116 3646 munitis
1129 3569 1239 3666 portis
1252 3568 1288 3642 id
1301 3566 1378 3642 fieri
1397 3568 1598 3644 munimine

377 3685 563 3774 concessit,
577 3685 741 3761 eumdem
754 3685 927 3761 tamenin
943 3709 1066 3782 regern
1080 3681 1392 3779 Langobardorum
1406 3683 1600 3757 coronarit.

940 3851 1042 3936 cxl.

693 3997 875 4063 cyprianus
893 3997 949 4050 lib.
969 3999 1046 4049 xm
1067 3959 1285 4050 ebusirorum.

473 4133 572 4210 Sciat
588 4135 664 4210 Rex
679 4133 771 4232 quod
788 4132 883 4209 sicut
899 4132 937 4206 in
955 4131 1081 4208 throno
1098 4131 1283 4207 hominum
1305 4129 1443 4228 primus
1467 4129 1599 4206 consti·

377 4258 480 4324 tutus
497 4258 561 4338 est,
578 4248 631 4323 sic
648 4257 684 4323 et
701 4247 739 4321 in
758 4248 867 4346 pranis
884 4247 915 4322 si
933 4245 1108 4321 iustitiam
1125 4269 1196 4320 non
1215 4245 1340 4320 fecerit
1352 4243 1546 4341 primatum
1564 4268 1601 4316 a·

376 4361 519 4435 biturus
536 4372 599 4436 est.
613 4360 738 4435 Omnis
751 4386 906 4460 namque
923 4385 1167 4461 quoscumque
1181 4369 1396 4458 peccatores,
1409 4357 1475 4433 sub
1487 4383 1525 4433 se
1539 4357 1601 4430 ba-

377 4475 465 4564 buit,
485 4475 584 4550 modo
601 4473 736 4580 plagali
755 4500 862 4579 supra
880 4500 918 4550 se
936 4475 974 4552 in
992 4474 1055 4552 illa
1073 4475 1196 4550 futuro
1214 4497 1303 4574 pene
1321 4469 1473 4548 hebebit.
