3654 5302
735 393 963 457 „437,..

226 536 350 610 pauca.
369 518 427 586 An
452 522 507 588 est
534 513 724 612 quisquam
750 515 863 588 maior
880 513 963 602 Deo,
979 523 1043 587 aut
1067 512 1257 588 divinitate
1285 515 1442 590 bonitate

224 626 443 714 clementior,
456 625 518 723 qui
537 635 601 700 aut
618 627 792 703 infectum
811 628 900 702 velit
917 627 1008 725 quod
1027 651 1153 725 passus
1166 631 1326 704 estDeus
1340 627 1442 705 fieri?

225 748 300 817 Aut
323 741 425 840 quasi
450 739 504 813 illi
531 741 650 816 minus
674 741 859 840 potestatis
883 742 927 816 ad
958 741 1213 840 protegendam
1242 742 1440 818 aecclesiam

224 881 325 929 suam
352 853 473 942 fuerit,
489 852 623 927 auxilio
644 877 708 927 nos
725 877 789 928 suo
805 863 907 954 putet
923 877 1023 953 posse
1040 852 1205 930 servari?
1222 857 1269 929 Et
1285 864 1363 953 post
1377 855 1442 928 ali·

225 995 305 1068 qua.
322 967 392 1056 Qui
417 977 481 1042 aut
506 967 713 1066 paenitentia
730 967 894 1045 criminis
910 968 1053 1058 tollunt,
1070 966 1325 1042 satisfactionis
1341 967 1439 1042 viam

224 1081 385 1158 cludunt.
402 1083 458 1156 Ita
482 1083 533 1170 fit,
551 1089 593 1154 ut
608 1081 693 1155 dum
717 1081 918 1156 temeritate
936 1079 1172 1180 quorumdam
1189 1080 1248 1156 vel
1265 1081 1440 1182 promitti-

224 1207 285 1270 tur
302 1196 402 1270 salus
418 1194 508 1268 falsa
525 1193 582 1270 vel
601 1194 771 1284 creditur,
788 1219 869 1294 spes
889 1219 974 1270 vere
991 1194 1120 1269 salutis
1143 1193 1332 1268 adimatur.
1349 1196 1440 1270 Item

223 1309 262 1382 in
279 1309 412 1385 ecdem.
427 1308 499 1396 Qui
516 1331 581 1382 vos
596 1308 720 1385 felices
741 1310 877 1399 dicunt,
894 1309 933 1383 in
958 1331 1112 1385 errorem
1138 1333 1201 1382 vos
1226 1308 1387 1396 mittunt,
1404 1317 1441 1384 et

223 1423 387 1530 semitam
407 1420 539 1521 pedum
556 1431 757 1497 vestrorum
775 1421 1015 1498 conturbant?
1028 1421 1098 1508 Qui
1116 1429 1324 1519 peccantem
1341 1420 1441 1495 blan·

223 1534 392 1610 diruentis
409 1532 638 1608 adulantibus
659 1534 790 1632 palpat,
807 1535 977 1635 peccandi
1002 1534 1162 1609 fomitem
1181 1533 1439 1608 subministrat.

219 1653 297 1724 Nec
314 1647 444 1745 premit
460 1646 522 1722 ille
540 1647 670 1722 delicte
688 1649 748 1722 sed
770 1650 896 1724 nutrit.
914 1648 1041 1748 Atqui
1059 1647 1219 1724 consiliis
1235 1647 1439 1722 fortioribus

223 1761 420 1857 redarguit,
433 1759 541 1834 simul
558 1769 666 1858 atque
683 1762 832 1837 instruit
849 1763 996 1838 fratrem
1015 1773 1197 1860 promovet
1212 1762 1257 1836 ad
1274 1761 1438 1837 salutern.

222 1876 318 1962 Quos
340 1873 452 1970 diligo
469 1873 588 1970 inquit
606 1875 983 1974 Dominus,'redarguo
999 1886 1036 1951 et
1052 1876 1200 1972 castigo.
1218 1876 1278 1950 Sic
1302 1884 1439 1974 oportet

219 1987 365 2062 Domini
394 1987 625 2078 sacerdotem,
642 2011 712 2062 non
737 1989 915 2088 obsequiis
942 1989 1201 2088 decipientibus
1218 1987 1352 2078 fallere,
1376 1988 1438 2064 sed

218 2101 384 2178 remediis
401 2101 620 2176 salutaribus
637 2103 831 2200 providere.
848 2103 1042 2202 Imperitos
1055 2111 1109 2178 est
1126 2101 1298 2189 medicus,
1315 2101 1377 2200 qui
1394 2101 1438 2176 ti·

216 2225 355 2290 mentes
372 2214 564 2289 vulnerum
582 2215 684 2289 sinus
701 2241 810 2289 manu
829 2226 998 2316 parcente
1015 2225 1224 2305 contrectat,
1240 2224 1277 2290 et
1297 2214 1335 2287 in
1352 2215 1437 2290 altis

156 2349 161 2358 ·
217 2329 415 2405 recessibus
429 2329 529 2403 virus
541 2329 724 2404 inclusum
742 2330 827 2404 dum
842 2341 963 2405 servat
975 2340 1183 2427 exaggerat.
1193 2329 1435 2427 Aperiendum
1481 2371 1482 2374 π

215 2443 346 2516 veluus
362 2453 416 2518 est
436 2453 472 2518 et
496 2443 702 2534 secandum,
719 2453 754 2518 et
779 2445 1044 2542 putraminibus
1069 2443 1274 2542 amputatis,
1299 2442 1436 2518 medela

216 2557 351 2633 fortiori
369 2557 578 2632 curandum.
594 2555 818 2632 Vociferetur
831 2567 867 2633 et
879 2557 1010 2634 clamet
1027 2557 1123 2646 licet,
1136 2566 1172 2632 et
1185 2569 1451 2654 conqueratur-

216 2697 303 2768 eger
319 2672 509 2769 impatiens
522 2697 584 2770 per
596 2671 762 2759 dolorem,
774 2672 913 2766 gratias
930 2672 1009 2768 agit
1021 2671 1242 2772 postmodum
1256 2696 1339 2746 cum
1358 2695 1446 2746 sen·¹

214 2787 302 2861 serit
318 2786 516 2860 sanitatem.
534 2789 581 2860 Et
598 2795 675 2882 post
691 2785 821 2883 aliqua.
839 2787 1018 2862 Caeterum
1036 2787 1067 2860 si
1084 2787 1165 2884 quis
1182 2795 1368 2885 properata
1387 2785 1449 2862 fe„

215 2901 407 2976 stinatione
419 2901 632 2976 temerarius
646 2901 890 2976 remissionem
904 2910 1130 3000 peccatorum
1144 2901 1227 2976 dare
1241 2926 1280 2976 se
1292 2903 1435 2978 eunctis

214 3025 317 3112 putat
330 3038 428 3112 posse
440 3023 505 3089 aut
516 3015 624 3090 audet
637 3014 779 3089 Domini
793 3023 967 3114 praecepta
981 3014 1194 3102 rescindere,
1207 3038 1278 3089 non
1291 3024 1433 3090 tantum

214 3127 326 3204 nichil
344 3127 494 3226 prodest,
510 3128 571 3202 sed
588 3128 686 3203 obest
701 3127 822 3226 lapsis.
836 3131 1052 3205 Provocasse
1065 3129 1168 3220 iram,
1181 3153 1252 3204 non
1269 3155 1432 3207 servasse
1559 3225 1562 3232 ι

215 3241 441 3316 sententiam.
465 3244 542 3316 Nec
571 3241 849 3317 misericordiam
879 3243 981 3343 prius
1006 3245 1148 3319 Domini
1173 3245 1432 3344 deprecandam

214 3363 351 3454 putare,
367 3354 428 3429 sed
445 3364 645 3452 contempto
660 3353 808 3430 Domino
821 3357 864 3432 de
877 3383 943 3430 sua
960 3357 1133 3433 facilitate
1147 3383 1373 3457 praesumere.
1385 3365 1433 3437 Et

213 3477 432 3568 postpauca.
449 3471 496 3543 Et
512 3492 728 3566 quemquam
746 3491 845 3567 posse
862 3469 994 3569 aliquis
1016 3472 1210 3563 existimat,
1228 3475 1432 3551 remittendi

213 3607 359 3681 passum
377 3581 599 3681 donandique
616 3583 772 3683 peccatis
788 3583 919 3658 bonum
933 3583 1011 3659 fieri
1024 3595 1147 3660 contra
1160 3587 1314 3663 iudicem
1328 3588 1432 3681 velle,

214 3707 278 3772 aut
295 3697 394 3797 prius
408 3723 515 3796 quam
528 3698 744 3788 vindicetur,
758 3699 833 3796 ipse
845 3698 934 3773 alios
947 3722 1046 3798 posse
1059 3700 1272 3778 defendere?
1284 3706 1375 3779 Item
1392 3703 1431 3778 in

213 3813 343 3888 eodem.
362 3813 457 3889 Deus
473 3813 511 3887 in
530 3821 705 3912 quantum
723 3813 835 3912 patris
852 3813 981 3910 pietate
999 3813 1156 3890 clemens
1168 3839 1307 3914 semper
1324 3827 1359 3893 et
1376 3815 1433 3893 bo

213 3953 282 4002 nus
299 3935 353 4002 cst
367 3936 507 4002 tantum
521 3928 651 4003 iudicis
667 3928 852 4004 maiestate
867 3927 1079 4003 metuendus
1091 3937 1154 4003 est.
1169 3932 1283 4016 Quam
1299 3955 1432 4028 magna

213 4041 465 4140 delinquimus,
482 4052 557 4117 tarn
575 4042 762 4138 granditer
779 4042 983 4118 defleamus.
1001 4043 1083 4118 Alto
1109 4041 1252 4119 vulneri
1274 4043 1432 4142 diligens

212 4165 249 4230 et
265 4153 375 4251 longa
393 4156 569 4232 medicina
594 4179 665 4231 non
691 4157 792 4232 desit.
815 4155 1018 4232 Penitentia
1044 4156 1204 4233 erimine·
1220 4157 1336 4233 minor
1361 4181 1445 4233 non*

212 4271 269 4345 sit.
287 4273 377 4346 Item
400 4273 438 4345 in
463 4271 596 4347 eodem.
620 4271 825 4347 Lamentari
850 4295 932 4344 eum
958 4281 1129 4370 putamus
1153 4295 1197 4346 cx
1221 4280 1293 4347 toto
1316 4272 1431 4363 corde,

211 4385 369 4474 ieiuniis,
386 4385 528 4460 fletibus
545 4395 581 4460 et
598 4385 801 4485 planctibus
821 4384 1012 4459 Dominum
1030 4385 1212 4484 deprecari
1227 4385 1288 4484 qui
1302 4411 1346 4461 ex
1363 4387 1441 4484 pri--

213 4522 270 4575 mo
288 4499 451 4575 criminis
469 4499 526 4576 dic
543 4499 690 4574 lavacra
708 4497 836 4576 cotidie
853 4497 1020 4590 celebrat,
1036 4500 1098 4598 qui
1115 4498 1232 4598 epulis
1256 4497 1432 4576 affluenti·
1457 4561 1461 4568 .
