3618 5316
919 379 1115 442 -uoea

404 519 481 572 esse
498 505 638 573 eertum
658 507 713 574 est
730 498 817 597 quia
834 499 942 576 etiam
961 499 1131 574 diurnum
1150 523 1308 576 essenon
1327 500 1425 580 solet.
1439 503 1480 576 In
1496 503 1631 604 princi·

404 609 462 708 pio
478 621 617 702 vernat,
634 611 672 686 in
693 636 859 711 processu
878 622 1063 712 tamquam
1082 613 1241 689 fosculus
1258 614 1453 714 dissipatur
1469 627 1505 692 et
1521 617 1628 692 solvi·

402 733 474 798 tur.
495 724 596 811 Quod
612 735 733 802 autem
751 743 879 802 verum
896 750 940 802 ae
957 727 1150 817 sincerum,
1168 727 1241 801 alta
1260 727 1433 803 fundatur
1448 730 1578 806 radice.
1596 733 1630 806 I·

404 837 485 912 dem
503 838 541 910 in
558 839 689 914 eodem.
706 843 808 916 Tunc
833 867 897 915 vas
918 841 1086 917 dominici
1103 842 1295 940 sauguinis
1312 866 1467 940 agnosco
1485 869 1569 919 oum
1587 844 1629 918 in

405 959 555 1050 utroque
572 951 693 1028 videro
715 954 1004 1053 redemptionem,
1024 965 1065 1030 ut
1087 957 1182 1032 calix
1198 956 1243 1030 ab
1260 965 1335 1032 oste
1360 957 1521 1049 redimat,
1538 981 1630 1056 quos

404 1067 556 1162 sanguis
580 1093 602 1141 a
627 1078 771 1166 peceato
797 1069 955 1145 redemit.
973 1073 1088 1158 Quam
1114 1069 1292 1168 pulcrum,
1315 1079 1357 1144 ut
1374 1095 1458 1145 eum
1476 1072 1629 1167 agmina

406 1181 642 1279 captivorum,
665 1182 710 1256 ab
728 1183 880 1258 ecelesia
903 1183 1138 1273 redimuntur,
1155 1183 1345 1272 dianthus
1362 1183 1547 1260 Christum
1574 1210 1631 1260 re·

404 1293 525 1368 demit.
543 1297 636 1370 Eece
662 1321 791 1370 aurum
823 1297 914 1394 quod
944 1296 1083 1395 probari
1110 1306 1233 1394 potest.
1251 1301 1344 1376 Eece
1369 1311 1508 1370 aurum·
1527 1298 1629 1373 utile.

407 1410 500 1484 Eece
525 1431 654 1482 aurum
674 1409 810 1485 Christi
836 1411 967 1508 quoda
990 1420 1102 1484 morte
1127 1409 1265 1484 liberat.
1283 1413 1376 1484 Eece
1401 1435 1531 1483 aurum
1557 1433 1631 1508 quo

406 1521 595 1596 redimitur
613 1523 797 1622 pudicitia,
815 1533 982 1599 servatur
1003 1525 1161 1601 castitas.
1180 1529 1346 1621 Agnosco
1363 1525 1523 1599 inlusum
1540 1549 1631 1599 auro

405 1635 621 1732 sanguinem
649 1637 798 1728 Christi,
815 1661 886 1712 non
904 1638 1019 1712 solum
1037 1639 1250 1729 irrutilasse,
1266 1665 1394 1714 rerum
1413 1640 1522 1714 etiam
1539 1639 1631 1713 diri-

404 1775 460 1824 nae
477 1750 689 1848 operationis
706 1750 928 1850 impressisse
944 1753 1118 1830 virtutem
1137 1753 1388 1851 redemptionis
1407 1779 1566 1830 munere.
1581 1749 1629 1828 Et

405 1872 532 1939 cetera.

937 2011 1088 2098 CXXXI.

499 2211 649 2308 Prosper
666 2210 703 2284 iu
723 2210 811 2284 libro
828 2211 870 2285 de
888 2211 964 2286 vita
982 2209 1204 2285 elericorum.
1218 2210 1317 2297 Quod
1335 2209 1443 2284 habet
1460 2210 1627 2298 eeclesia,

407 2347 491 2398 oum
517 2324 682 2398 omnibus
712 2324 994 2400 nihilabentibus
1027 2348 1217 2400 commune
1252 2323 1368 2412 babet,
1398 2349 1465 2399 nee
1490 2323 1630 2421 aliquid

358 2533 359 2538 Ἰ
407 2437 490 2512 inde
508 2438 561 2513 eis
578 2439 670 2536 quod
687 2439 729 2514 de
748 2464 811 2514 suo
832 2439 1017 2514 sufficiunt
1038 2437 1142 2512 debet
1158 2461 1327 2533 erogare,
1348 2437 1490 2535 quando
1516 2437 1630 2512 nichil

403 2551 452 2624 sit
477 2551 575 2626 aliud
600 2551 816 2628 habentibus
846 2553 929 2628 dare
958 2577 1065 2652 quam
1096 2551 1252 2649 perdere.
1269 2551 1327 2625 Illi
1357 2575 1442 2626 uero
1471 2551 1532 2649 qui
1561 2576 1630 2624 sua

403 2663 621 2761 possidentes
638 2665 723 2740 dare
740 2665 806 2739 sibi
824 2665 961 2763 aliquid
979 2665 1021 2740 de
1039 2665 1192 2742 eeclesia
1213 2665 1352 2754 volunt,
1371 2687 1440 2739 non
1468 2666 1545 2740 sine
1563 2687 1630 2739 suo

400 2776 531 2872 grandi
546 2788 690 2876 peceato
702 2779 795 2853 uude
805 2801 938 2877 pauper
951 2779 1118 2854 victurus
1130 2787 1209 2852 ¹erat
1222 2777 1417 2876 accipiunt.
1426 2779 1531 2853 Siout
1545 2802 1630 2854 vero

400 2913 471 2964 non
488 2889 658 2966 habentes
671 2891 821 2990 propria,
837 2915 908 2966 non
926 2900 1081 2991 peecata,
1098 2891 1160 2966 sed
1177 2890 1358 2981 alimenta,
1381 2891 1512 2988 quibus
1537 2891 1630 2965 iudi-

399 3026 485 3098 gere
502 3001 682 3094 videntur‚
698 3004 892 3102 raecipiunt,
909 3005 959 3078 ita
973 3027 1193 3102 possessores
1210 3003 1267 3078 sui
1285 3027 1353 3078 non
1368 3003 1539 3079 alimenta
1551 3005 1631 3103 qui-

400 3117 468 3190 bus
488 3117 683 3207 abundant,
700 3118 761 3193 sed
778 3117 896 3193 aliena
914 3127 1061 3215 peecata
1086 3116 1299 3214 suscipiunt.
1317 3117 1415 3192 Idem
1441 3117 1480 3190 in
1496 3119 1629 3193 eodem.

400 3234 480 3307 Nou
498 3231 571 3306 levi
588 3231 800 3307 detrimento
818 3231 956 3306 firietur
973 3229 1050 3331 (sic)
1071 3229 1133 3327 qui
1151 3230 1297 3304 comsit
1314 3231 1392 3304 sani
1411 3231 1629 3329 corporisne

404 3343 620 3437 robustibus,
636 3345 726 3443 stipe
752 3353 977 3420 sustentatur
1001 3344 1130 3436 aliena,
1147 3369 1226 3443 quae
1247 3345 1340 3420 iuste
1366 3345 1481 3420 solum
1500 3357 1555 3422 est
1571 3347 1631 3420 de·

403 3457 534 3532 bilibus
546 3457 730 3548 attributa,
744 3483 828 3534 eum
842 3457 966 3558 utique
979 3459 1177 3534 seeundum
1193 3459 1400 3557 Apostolum
1414 3459 1540 3536 debeat
1555 3485 1629 3533 ma-

403 3570 510 3644 nibus
527 3569 603 3646 suia
620 3570 815 3646 cotidianos
831 3570 952 3647 vietus
969 3571 1160 3671 inquirere.

955 3737 1129 3824 CXXXII.

496 3906 676 3984 Possidius
692 3907 878 4008 episeopus
895 3909 932 3984 iu
946 3911 1022 3984 vita
1036 3910 1152 3986 saneti
1169 3910 1378 4008 Augustini.
1395 3913 1628 4008 Augustinus

400 4020 586 4122 episeopus
602 4030 855 4098 testamentum
875 4024 1016 4098 nullum
1030 4024 1127 4116 feeit,
1140 4025 1225 4124 quia
1238 4025 1332 4100 unde
1346 4025 1479 4101 faceret
1493 4051 1627 4125 pauper

400 4137 467 4210 Dei
485 4159 553 4210 non
572 4135 708 4212 habuit.
725 4137 898 4214 Ecclesiae
911 4139 1178 4237 bybliothecam
1193 4163 1385 4238 omnesque
1399 4139 1538 4215 eodices
1551 4140 1631 4214 dili·

400 4257 530 4343 genter
546 4248 696 4346 posteris
713 4249 957 4325 custodiendos
976 4275 1116 4349 semper
1133 4251 1286 4328 iubebat.
1305 4252 1343 4324 Si
1361 4253 1447 4350 quid
1465 4277 1550 4328 rem
1575 4278 1632 4328 ec·

400 4361 510 4436 elesia
530 4361 588 4436 vel
605 4360 643 4435 in
656 4361 858 4460 sumptibus
872 4362 928 4438 vel
942 4364 980 4438 in
993 4367 1212 4440 ornamentis
1225 4364 1362 4456 babuit,
1380 4365 1459 4440 fidei
1479 4366 1628 4464 presby-

399 4475 467 4549 teri
484 4475 545 4572 qui
563 4475 630 4551 sub
643 4475 763 4551 eodem
778 4477 902 4551 domus
915 4477 1085 4557 aeeolesiae
1099 4503 1223 4553 euram
1237 4479 1395 4575 gerebat.
1412 4483 1548 4554 Domus
1561 4505 1629 4554 aee·
