3654 5302
715 429 912 494 -413-

203 549 346 626 nasium
363 550 407 626 ad
424 550 597 626 iudicium
616 547 835 647 regulariter
852 546 1026 622 evocavit.
1044 547 1113 624 Sed
1130 547 1191 624 ille
1209 548 1271 647 qui
1298 549 1425 624 bonam

202 663 457 740 conscientiam
471 663 609 752 habuit,
620 661 733 739 nichil
743 661 926 736 reluctans
935 661 1046 750 venit,
1058 661 1113 735 illi
1127 682 1212 738 vero
1221 663 1282 761 qui
1294 663 1425 738 malam

200 787 503 875 contempserunt,
520 776 674 852 scientes
692 775 849 874 profacto
865 773 974 850 facile
987 800 1093 848 suum
1113 798 1214 874 posse
1232 775 1312 874 capi
1331 801 1426 852 men·

204 891 360 966 dacium.
375 891 476 978 Quod
493 913 556 964 nos
573 915 711 988 quoque
729 890 766 962 in
785 889 927 984 Ignatio
942 916 986 965 ac
1003 889 1127 964 Photio
1146 891 1244 966 modo
1268 892 1428 992 probavi·

201 1030 292 1092 mus,
309 1003 370 1103 qui
387 1029 409 1077 a
426 1004 645 1080 conscientia
663 1029 701 1080 se
719 1003 944 1080 remordente
961 1004 1023 1103 qui
1037 1011 1154 1102 pavet,
1167 1005 1268 1080 nobis
1284 1006 1424 1081 obedire

203 1124 415 1194 contemnet.
432 1120 522 1192 Item
539 1117 578 1192 in
596 1117 728 1195 eadem.
741 1119 817 1192 Iam
836 1141 921 1193 vero
938 1119 969 1194 si
987 1119 1131 1194 monitis
1147 1119 1279 1194 nostris
1291 1120 1426 1196 obedie-

203 1228 293 1318 ritis,
310 1239 346 1305 at
363 1253 443 1327 quae
459 1229 709 1304 intimavimus
735 1231 930 1329 adimplere
955 1233 1177 1323 studueritis,
1194 1233 1339 1310 favente
1357 1237 1423 1309 Do·

204 1343 311 1431 mino,
335 1343 619 1442 auctoritateque
639 1354 845 1420 sanctorum
871 1346 1074 1444 principum
1093 1347 1341 1445 Apostolorum
1368 1371 1425 1448 po

205 1457 274 1544 titi,
298 1457 447 1532 licentia
471 1457 781 1532 christianissimae
810 1485 853 1536 ac
883 1460 1183 1536 mansuetissima
1210 1461 1426 1536 sublimitati

202 1581 333 1646 vestrae
349 1572 581 1648 concedemus
599 1597 682 1648 cum
701 1583 826 1649 sancta
843 1574 1020 1650 catholica
1037 1585 1073 1652 et
1094 1575 1286 1675 apostolica
1311 1575 1423 1650 eccle·

201 1685 265 1774 sia‚
284 1685 486 1782 specialiter
505 1695 623 1761 autem
642 1687 827 1762 nobiscum
846 1698 977 1763 etcum
991 1689 1172 1764 sacerdote
1186 1697 1305 1763 nostro
1318 1691 1425 1784 Igna·

200 1797 251 1872 tio
267 1808 304 1872 et
321 1823 404 1874 cum
418 1808 517 1896 patre
531 1800 644 1900 ipsius
658 1801 918 1876 communionis
931 1802 1050 1897 gratia
1064 1801 1312 1900 participandi,
1324 1827 1425 1878 exce·

200 1921 261 2008 pta
273 1913 519 1990 communione
533 1915 698 2010 Gregorii
715 1914 923 1990 Siracusani
940 1926 975 1989 et
987 1914 1099 2014 patris
1112 1915 1203 2004 eius,
1216 1925 1324 2013 atque
1342 1939 1425 1990 con·

200 2037 451 2102 sentaneorum
469 2028 582 2125 ipsius
600 2029 859 2104 communione.
876 2031 967 2102 item
990 2027 1029 2101 in
1051 2027 1183 2102 eadem.
1200 2028 1319 2102 Nolite
1337 2028 1427 2102 indi-

201 2140 320 2235 gnari,
337 2140 446 2216 nolite
463 2142 636 2217 adversus
648 2167 713 2218 nos
730 2143 866 2217 frustra
883 2141 1037 2228 causari,
1053 2141 1164 2216 nolite
1177 2165 1426 2239 perversorum

198 2253 384 2328 hominum
409 2256 518 2330 verba
536 2257 688 2332 libenter
704 2257 841 2345 audire,
858 2257 919 2330 sed
937 2255 1054 2353 potius
1071 2278 1134 2329 nos
1157 2255 1288 2331 audite.
1306 2256 1425 2332 Nolite

198 2368 300 2441 nobis
320 2369 436 2444 minas
454 2371 683 2470 praetendere,
695 2370 862 2469 quoniam
877 2395 945 2446 nec
957 2370 1040 2445 illas
1054 2372 1203 2445 Domino
1216 2381 1425 2469 protegente

202 2481 411 2572 metuimus,
427 2508 495 2558 uec
512 2508 575 2581 per
587 2484 653 2558 has
670 2494 845 2582 praecepta
859 2493 979 2559 vestra
993 2483 1063 2556 nisi
1076 2483 1274 2558 divinimus
1289 2485 1426 2561 fuerint

198 2604 322 2667 oruata
336 2594 554 2671 iussionibus
572 2597 756 2672 iaciemus.
774 2598 894 2671 Parati
913 2606 1035 2678 autem
1053 2623 1179 2672 sumus
1200 2607 1342 2696 propter
1366 2623 1426 2674 ve·

198 2709 342 2783 ritatem
359 2710 575 2806 sanguinem
593 2721 755 2786 nostrum
774 2711 962 2787 effundere.
981 2715 1026 2785 Et
1042 2712 1184 2809 quidem
1211 2711 1349 2810 plebem
1375 2712 1426 2786 di·
1505 2729 1508 2734 '

198 2821 337 2896 vinitus
353 2823 454 2898 nobis
471 2826 695 2899 commissam
713 2848 780 2899 nec
798 2824 898 2898 vobis
915 2850 982 2901 nec
999 2825 1066 2898 ulli
1088 2835 1249 2902 vestrum
1274 2825 1426 2926 propitio

198 2935 332 3010 Christi
349 2938 541 3013 trademus.
559 2943 729 3015 Vestrum
743 2949 863 3013 autem
877 2949 933 3012 est
945 2939 1180 3027 considerare,
1194 2948 1316 3013 utrum
1332 2939 1425 3036 quod

197 3051 418 3126 meditamini
436 3053 588 3128 valeatis
604 3079 717 3130 necne
735 3053 914 3152 perficere.
932 3052 1097 3147 Cogitate
1111 3051 1231 3150 itaque
1245 3051 1322 3126 dies
1335 3053 1426 3126 anti·

198 3188 285 3262 quos
302 3174 338 3240 et
355 3190 467 3241 annos
484 3177 633 3242 aeternos
651 3168 690 3241 in
709 3178 826 3244 mente
843 3166 1015 3253 habetote,
1032 3176 1069 3240 et
1085 3167 1177 3264 quod
1194 3167 1425 3264 imperatores

197 3277 259 3374 qni
273 3279 449 3375 persecuti
464 3279 611 3354 fuerunt
628 3279 825 3355 aecclesiam
840 3279 915 3366 Dei,
928 3289 964 3354 et
976 3279 1130 3354 maxime
1144 3279 1343 3355 aeclesiam
1362 3283 1427 3354 Ro·

200 3415 355 3480 manam,
374 3391 465 3467 idest
481 3396 587 3482 Nero,
609 3393 863 3481 Diocletianae,
885 3391 1127 3481 Constantius,
1151 3394 1375 3482 Anastasius,
1392 3405 1429 3470 et

196 3505 307 3579 ceteri
322 3506 430 3580 moris
446 3529 567 3580 eorum
585 3505 809 3602 pertulerint,
823 3515 858 3581 et
872 3505 935 3579 ubi
950 3505 1050 3580 modo
1063 3516 1149 3580 sunt
1166 3506 1339 3582 attendite
1352 3507 1429 3582 dili·

195 3627 334 3711 genter,
350 3627 387 3693 et
404 3628 578 3716 quantum
596 3618 644 3693 sit
663 3618 701 3692 in
718 3619 870 3695 ecclesia
883 3619 948 3694 Dei
962 3619 1175 3696 execrabilis
1190 3620 1287 3694 fama
1304 3643 1426 3694 eorum

196 3739 233 3802 et
248 3752 377 3804 nomen
394 3729 601 3806 detestabile
618 3731 798 3828 sapienter
811 3757 832 3804 a
845 3732 991 3808 virtute.
1005 3735 1120 3820 Quam
1134 3741 1256 3808 autem
1269 3731 1335 3814 Dei
1351 3731 1427 3806 cul·

195 3852 313 3916 torum
333 3848 581 3939 Augustorum
599 3843 661 3941 qui
679 3843 878 3919 aecclesiam
893 3843 959 3919 Dei
972 3843 1235 3934 exaltaverunt,
1252 3853 1288 3920 ct
1303 3844 1426 3944 praeci-

196 3980 265 4054 pue
287 3959 484 4032 Romanam
510 3958 738 4034 Constantini
759 3957 928 4033 videlicet
949 3968 985 4032 et
1006 3957 1214 4034 Constantis
1242 3957 1427 4034 Theodosii

195 4091 333 4167 quoque
348 4069 491 4145 maioris
504 4081 539 4146 et
553 4070 800 4146 Valentiniani
810 4079 846 4145 et
858 4079 1068 4146 ceterorum
1082 4069 1162 4145 laus
1175 4069 1214 4144 in
1226 4069 1428 4146 universali

195 4181 346 4258 ecclesia
364 4181 535 4278 polleceat
551 4192 587 4258 et
603 4207 726 4258 eorum
744 4183 922 4280 praeconia
938 4183 1069 4281 ubique
1092 4194 1283 4281 personent
1308 4193 1344 4259 et
1368 4206 1429 4257 no·

195 4319 417 4369 mensorum
436 4295 839 4392 impraetermisseinter
863 4319 966 4370 sacra
992 4294 1193 4370 ministeria
1218 4317 1429 4370 commemo·

196 4416 306 4494 retur,
323 4406 497 4482 attentius
515 4418 551 4481 et
568 4407 689 4482 sedule
708 4407 954 4496 recordamini,
972 4408 1095 4506 sicque
1114 4431 1178 4484 nos
1194 4408 1321 4484 audire
1346 4407 1428 4483 illos

195 4517 377 4592 imitantes
394 4519 560 4614 satagite.
577 4523 624 4594 Et
641 4519 746 4616 paulo
763 4529 850 4617 post.
863 4522 1086 4618 Quapropter
1098 4521 1261 4596 attendat
1274 4521 1428 4596 elemen-
