3642 5294
482 889 699 964 Anatholius
717 893 1031 968 reverentissimus
1049 895 1348 993 Archiepiscopns
1360 893 1609 969 Constantino

388 1003 478 1102 pulis
502 1005 602 1079 dixit.
626 1007 776 1104 Propter
800 1008 904 1082 Iidem
923 1033 993 1083 non
1011 1023 1065 1084 est
1082 1011 1297 1108 dampnatus
1321 1011 1522 1094 Dioscorus,
1546 1007 1608 1081 scd

387 1117 472 1216 quia
497 1121 900 1196 excommunicationem
927 1123 1014 1198 lecit
1033 1126 1169 1197 Domno
1195 1133 1315 1196 nostro
1334 1121 1610 1218 Arcbiepiscopc

386 1233 507 1322 Iacui,
523 1243 559 1307 et
576 1235 682 1308 tertio
697 1245 848 1310 vocatus
864 1247 919 1310 est
936 1247 972 1310 et
989 1262 1060 1311 non
1080 1239 1192 1322 venit,
1209 1237 1287 1310 ideo
1307 1237 1521 1332 dampnatus
1544 1244 1609 1308 est.

388 1347 436 1418 Et
452 1344 559 1442 paolo
577 1356 663 1443 post.
685 1349 755 1421 Per
778 1347 971 1424 iussionem
997 1350 1336 1445 gloriosissimorum
1362 1348 1523 1422 iudicum
1548 1373 1608 1418 ra·

388 1457 476 1532 dens
494 1459 530 1532 in
548 1485 692 1535 sacrum
711 1463 885 1559 palatium
903 1463 1165 1540 Beronicianns
1181 1463 1436 1537 devotissimus
1447 1471 1484 1534 et
1497 1484 1612 1533 sacre

386 1572 503 1647 tarius
519 1574 614 1648 sacri
631 1575 853 1664 consistorii,
869 1588 905 1651 et
922 1587 1000 1675 post
1013 1577 1160 1675 paulum
1175 1579 1316 1652 rediens
1335 1578 1404 1650 ista
1417 1575 1541 1649 sinodo
1557 1575 1611 1647 in·

387 1686 584 1762 terlccutus
600 1699 665 1774 est,
681 1691 850 1787 praecepit
866 1690 974 1763 divus
990 1702 1026 1766 et
1044 1693 1229 1789 piissimus
1244 1693 1397 1765 domnus
1416 1701 1546 1764 noster.
1564 1693 1610 1762 Et

387 1811 465 1898 post
481 1825 606 1899 pauca.
623 1803 715 1890 Quia
729 1803 767 1875 in
786 1805 948 1902 partibus
962 1805 1242 1880 occidentalibus
1254 1807 1331 1880 lieri
1344 1805 1451 1880 babet
1465 1804 1610 1877 sinodus

388 1913 420 1986 si
438 1915 640 1990 reverentia
661 1927 783 1990 nostra
799 1916 859 1992 hie
876 1917 1032 1993 voluerit
1048 1919 1091 1993 de
1109 1943 1195 1993 vera
1211 1931 1247 1994 et
1263 1919 1453 1993 orthodoxa
1468 1919 1537 1992 fide
1559 1919 1612 1990 in·

388 2029 596 2104 dubitanter
612 2031 726 2105 linire.
739 2031 1035 2107 Reverentissimi
1050 2031 1215 2130 Episcopi
1228 2032 1488 2108 clamaverunt.
1501 2030 1609 2104 llulti

388 2143 474 2215 anni
493 2143 780 2242 imperatoribus,
799 2148 846 2220 Et
864 2146 970 2244 paulo
995 2155 1082 2244 post.
1099 2145 1170 2233 Qui
1195 2147 1447 2220 contradicunt
1471 2155 1506 2219 et
1531 2143 1614 2216 sub

388 2253 562 2344 scribunt,
592 2255 659 2354 ipsi
684 2255 881 2332 ambulent.
906 2259 996 2333 Item
1021 2259 1128 2357 paulo
1152 2273 1240 2357 post.
1264 2261 1335 2346 Qui
1360 2257 1612 2335 contradicunt

390 2370 595 2444 Nestoriani
625 2380 721 2444 sunt.
748 2372 820 2458 Qui
847 2373 1100 2447 contradicunt
1124 2373 1271 2446 Romam
1301 2372 1496 2446 ambulent.
1521 2372 1612 2444 Item

388 2491 467 2580 post
479 2507 603 2581 pauca.
618 2487 667 2558 Ut
680 2485 749 2559 leo
765 2485 818 2560 sic
831 2485 1020 2560 eredimus.
1032 2485 1102 2571 Qui
1120 2485 1372 2560 contradicunt
1388 2483 1613 2560 Euthiciani·

389 2603 443 2669 ste
461 2605 556 2670 sunt.
573 2599 642 2671 Leo
659 2607 755 2672 recte
773 2599 945 2696 exposuit.
961 2601 1052 2672 Item
1070 2597 1108 2671 in
1134 2597 1263 2672 ultima
1284 2599 1423 2672 antinus
1441 2597 1613 2684 eiusdem,

388 2711 606 2786 pascasinus
622 2711 819 2808 Episcopus
846 2711 1018 2785 Vicarius
1044 2711 1146 2784 Sedis
1172 2710 1388 2809 Apostolicas
1412 2709 1513 2783 dixit.
1531 2713 1613 2783 Tre·

388 2832 574 2896 centorum
592 2827 637 2896 x
654 2836 691 2897 et
707 2826 805 2898 VIII.
822 2835 1027 2900 sanctorum
1048 2827 1196 2898 Patrum
1214 2850 1330 2900 canon
1343 2833 1475 2899 sextus,
1489 2822 1611 2897 Eccle-

389 2935 442 3008 sia
459 2938 618 3010 Romana
634 2961 774 3032 semper
790 2936 917 3010 babuit
933 2938 1139 3034 primatum.
1153 2941 1287 3012 Teneat
1303 2947 1424 3012 autem
1438 2940 1611 3034 Egyptus

389 3057 430 3122 ut
443 3049 640 3146 Episcopus
653 3048 878 3124 Alexandriae
890 3049 1050 3124 omnium
1065 3050 1193 3125 habeat
1205 3061 1426 3149 potestatem,
1439 3049 1610 3148 quoniam

389 3169 425 3236 et
434 3163 591 3236 Romano
601 3162 773 3260 Episcopo
788 3165 863 3236 haec
876 3171 931 3237 est
943 3161 1170 3238 consuetudo.
1180 3162 1355 3236 Similiter
1367 3171 1487 3236 autem
1501 3170 1538 3234 et
1550 3160 1613 3258 qui

389 3273 426 3347 iu
445 3273 637 3350 Antiochia
653 3276 872 3350 constitutus
889 3285 953 3365 est,
966 3285 1003 3350 et
1015 3275 1054 3349 in
1070 3275 1201 3351 ceteris
1215 3275 1421 3374 provinciis
1434 3274 1610 3372 primatus

387 3385 543 3461 babeant
559 3387 721 3464 ecclesis
737 3389 929 3464 civitatum
945 3389 1110 3462 aliarum.
1127 3391 1218 3462 Itcm
1240 3387 1278 3461 in
1296 3389 1367 3462 fine
1386 3387 1521 3461 ultimae
1541 3385 1613 3484 epi-

388 3499 487 3574 stclae
504 3500 661 3576 eiusdem
679 3501 822 3576 concilii
840 3502 945 3576 cuius
962 3500 1108 3574 initium
1124 3509 1188 3574 est.
1201 3499 1390 3597 Repletum
1407 3510 1463 3573 est
1479 3498 1613 3594 gaudio

388 3635 427 3687 os
444 3621 606 3687 nostrum
623 3624 660 3688 et
676 3613 806 3710 lingua
824 3624 945 3688 nostra
962 3614 1192 3702 exultatione,
1208 3615 1259 3688 ita
1281 3614 1529 3711 scriptumest
1546 3615 1612 3686 Pa-

390 3749 443 3824 pae
460 3727 578 3800 leoni.
597 3727 812 3802 Anatholius
831 3728 1027 3826 Episcopus
1040 3727 1467 3825 constantinopolitanus.
1480 3726 1612 3802 Valere

392 3861 447 3914 me
460 3839 498 3912 in
513 3841 663 3915 Domino
675 3865 746 3931 cra,
761 3845 832 3918 Dec
844 3840 1090 3915 amantissime
1103 3851 1213 3937 pater.
1223 3839 1403 3913 Maximus
1416 3839 1613 3936 Episcopus

391 3973 533 4046 magnae
549 3951 709 4027 civitatis
728 3953 937 4029 AntIochiae.
955 3952 1086 4026 Valere
1104 3976 1160 4025 me
1177 3951 1216 4024 in
1230 3951 1379 4026 Domino
1395 3973 1468 4039 ora,
1486 3953 1559 4025 Deo
1576 3976 1612 4024 a·

391 4065 612 4141 mantissime
630 4077 665 4142 et
681 4068 907 4143 sanctissime
925 4077 961 4142 et
977 4064 1181 4141 beatissime
1198 4067 1314 4139 Pater.
1331 4063 1516 4140 Iuvenalis
1529 4065 1612 4161 Epi·

391 4201 518 4276 scopus
532 4179 935 4256 Hierosolimitancrum.
947 4179 1080 4254 Valere
1094 4202 1149 4252 me
1163 4177 1199 4250 in
1215 4177 1448 4266 Dominum,
1461 4177 1613 4252 sanctis·

390 4293 479 4368 sima
496 4301 532 4368 et
556 4293 760 4369 beatissime
777 4297 893 4368 Pater.
919 4293 1084 4369 Ciriacus
1108 4291 1306 4388 Episcopus
1331 4289 1515 4366 Heracleas
1540 4293 1613 4364 Me·

390 4403 545 4502 tropolis
563 4403 693 4480 Valere
712 4430 768 4479 me
785 4405 823 4478 in
842 4405 992 4479 Domino
1007 4427 1079 4492 cra,
1096 4402 1322 4477 sanctissima
1346 4413 1383 4477 et
1406 4401 1625 4477 beatissime.

392 4518 507 4590 Pater.
526 4515 704 4610 Diogenes
721 4517 918 4615 Episcopus
940 4514 1143 4612 metropolis
1168 4515 1318 4602 Qnizici.
1335 4515 1466 4591 Valere
1491 4539 1548 4589 ma
1573 4516 1611 4588 in
