3642 5294
874 419 1049 482 ..62-

352 557 458 645 atque
476 546 520 619 ad
537 543 693 641 reliquas
710 551 839 638 gentes
856 541 1013 636 dirigere
1031 537 1207 636 cupimus.
1234 539 1279 610 Et
1304 536 1408 608 insta.
1433 537 1474 608 ln
1502 532 1576 607 illis

353 683 438 735 vero
454 657 675 747 civitatibus,
693 657 731 730 in
749 657 880 756 quibus
896 655 980 730 olim
997 652 1092 750 apud
1107 651 1270 728 ethnicos
1288 649 1393 748 primi
1410 647 1576 722 flamines

353 797 472 848 corum
492 783 599 871 atque
619 771 724 870 primi
741 771 835 866 legis
852 771 1011 844 doctores
1028 777 1140 841 erant.
1166 765 1420 864 Episcoporum
1448 763 1577 853 prima-

353 899 407 962 tes
425 886 506 986 poni
524 886 583 961 vel
599 883 829 960 Patriarehas
854 880 1031 981 praecepit,
1056 880 1118 978 qui
1143 880 1363 978 reliquorum
1390 877 1577 974 Episcopo

354 1027 434 1074 rum
451 999 583 1074 iudicia
601 998 661 1072 vel
679 997 813 1071 maiora
830 997 975 1092 negotia
992 995 1030 1068 in
1048 995 1115 1070 fide
1131 995 1324 1090 agitarent.
1349 996 1391 1067 Iu
1417 991 1490 1065 illis
1516 1016 1578 1063 au·

354 1124 424 1190 tem
444 1114 481 1186 in
500 1113 630 1211 quibus
647 1111 781 1185 dudum
798 1110 892 1207 apud
917 1109 1103 1208 pradictus
1128 1107 1289 1184 ethnicos
1314 1115 1429 1194 erant,
1455 1128 1576 1180 eorum

355 1225 630 1313 archiflamines,
647 1247 735 1323 quos
751 1233 872 1296 tamen
892 1222 1047 1296 minores
1060 1221 1275 1296 tenebantur
1287 1244 1394 1318 quam
1411 1239 1580 1292 memora-

355 1349 410 1413 tos
422 1339 592 1436 primates
606 1335 923 1434 Archiepiscopum
936 1333 1078 1408 institui
1092 1333 1270 1432 praecepit,
1283 1333 1344 1431 qui
1364 1355 1434 1406 non
1452 1330 1581 1428 prima·

357 1462 433 1524 tum
458 1449 519 1525 sed
535 1448 881 1546 archiepiscoporum
898 1447 1105 1522 fruerentur
1122 1446 1273 1522 nomine.
1290 1449 1337 1520 Et
1362 1443 1468 1544 paulo
1493 1452 1580 1541 post.

357 1566 399 1637 In
425 1560 582 1658 singulis
606 1585 691 1636 vero
716 1560 863 1658 reliquis
888 1559 1097 1635 civitatibus
1118 1559 1291 1656 singulte,
1316 1569 1352 1634 et
1376 1581 1446 1632 non
1470 1555 1582 1643 binos,

356 1673 416 1750 uel
433 1683 563 1764 ternos,
580 1683 644 1748 aut
661 1673 782 1770 plures
795 1672 974 1770 episcopus
988 1674 1157 1750 constitui
1172 1673 1351 1771 pracepit,
1364 1671 1426 1770 qui
1440 1669 1583 1767 Episco-

358 1811 481 1885 porum
501 1797 643 1863 tantum
661 1785 834 1862 vocabulo
851 1787 1060 1884 potirentur.
1079 1789 1255 1875 Quoniam
1280 1811 1348 1862 nec
1373 1786 1467 1859 inter
1489 1784 1582 1880 ipsos

360 1900 542 1999 Apostolos
560 1925 622 1997 par
639 1900 821 1975 institutio
838 1900 919 1990 fuit,
938 1901 1000 1976 sed
1017 1925 1113 1975 unus
1130 1899 1296 1975 omnibus
1314 1897 1467 1996 praefuit.

893 2128 1051 2214 XLVIII.

460 2357 656 2432 Auacletus
685 2381 812 2431 servus
842 2357 977 2432 Christi
1003 2358 1120 2433 lhcsu.
1145 2363 1375 2456 Unaquaeque
1401 2353 1586 2454 provincia

362 2476 443 2547 Xll.
460 2496 543 2546 suos
558 2471 689 2547 habeat
705 2471 842 2546 iudices
859 2471 972 2545 iustos
988 2481 1025 2546 et
1041 2495 1111 2546 non
1129 2483 1306 2562 externos,
1322 2471 1394 2545 nisi
1414 2465 1587 2567 Apostoli·

363 2611 414 2662 cte
426 2586 536 2660 huius
546 2585 646 2660 Sedis
661 2585 861 2661 decreverit
873 2586 1079 2676 auctoritas,
1092 2585 1263 2684 quatinus
1275 2586 1492 2683 quicumque
1504 2605 1587 2656 cau·

362 2725 439 2774 sam
456 2698 633 2788 habuerit,
651 2699 745 2797 apud
762 2723 845 2774 suos
863 2698 1051 2774 iudicetur.
1069 2701 1107 2774 Si
1125 2711 1246 2775 autem
1264 2700 1375 2775 fuerit
1399 2694 1584 2794 negotium

364 2812 660 2901 ecclesiasticum,
676 2813 770 2909 apud
787 2812 978 2910 Episcopos
995 2814 1257 2889 interveniente
1274 2813 1437 2912 primate,
1459 2810 1490 2884 si
1516 2835 1590 2882 ma·

367 2928 420 3000 ior
436 2951 546 3002 causa
562 2927 681 3002 fuerit.
700 2926 737 2999 Si
755 2949 840 3002 vero
858 2926 975 3000 minor
1000 2927 1279 3026 Metropolitano.
1305 2926 1343 3000 Si
1368 2947 1453 3000 vero
1478 2924 1589 2998 fuerit

369 3039 540 3115 saeculare
560 3040 656 3137 apud
672 3039 829 3115 eiusdem
848 3039 983 3116 ordinis
1001 3039 1107 3128 viros,
1125 3039 1257 3116 iudicio
1269 3049 1391 3115 tamen
1404 3038 1591 3137 Episcopo-

367 3175 459 3240 rum,
475 3177 559 3227 curn
576 3151 755 3249 Apostolis
773 3153 994 3249 privatorum
1020 3152 1308 3228 Christianorum
1326 3177 1454 3229 causas
1473 3152 1590 3248 magis

364 3266 409 3340 ad
426 3265 624 3341 Ecclesiam
642 3265 783 3355 deferri,
801 3275 837 3341 et
854 3266 983 3342 ibidem
1001 3265 1220 3341 Sacerdotoli
1246 3265 1380 3342 iudicio
1401 3267 1588 3343 terminari

365 3377 530 3453 voluerit.
548 3377 673 3452 Omnis
691 3379 787 3453 enim
805 3403 994 3478 oppressus
1012 3377 1123 3453 libere
1139 3377 1362 3453 sacerdotum
1381 3379 1411 3452 si
1432 3379 1589 3454 voluerit

365 3491 518 3589 appellet
534 3491 709 3568 iudicium
727 3503 763 3567 et
779 3517 800 3565 a
818 3492 918 3568 nullo
935 3489 1165 3591 prohibeatur
1182 3491 1244 3565 sed
1261 3491 1306 3565 ab
1323 3493 1400 3566 suis
1417 3491 1591 3567 fulciatur

367 3603 598 3680 etliberetur.
616 3604 654 3678 Si
672 3628 756 3680 vero
781 3605 942 3681 difficiles
968 3629 1075 3681 cause
1101 3604 1159 3680 vel
1186 3604 1319 3680 maiora
1345 3606 1491 3702 negotia
1515 3618 1592 3679 orta

368 3717 505 3792 fuerint
519 3716 564 3791 ad
582 3718 750 3792 maiorem
768 3718 885 3794 sedem
900 3719 1112 3794 referantur.
1125 3721 1173 3792 Et
1185 3717 1216 3792 si
1229 3717 1306 3796 illic
1319 3719 1424 3795 facile
1437 3719 1592 3794 discerni

369 3854 439 3904 non
456 3829 610 3927 poterint
626 3840 691 3905 aut
708 3831 801 3906 iuste
818 3831 1015 3921 terminari,
1040 3830 1101 3905 ubi
1128 3830 1239 3905 luerit
1263 3857 1486 3908 summorum
1512 3857 1594 3908 con·

369 3941 536 4038 gregatio
553 3955 786 4040 congregata,
804 3945 895 4042 quod
913 3969 975 4042 per
994 3943 1157 4040 singulos
1173 3968 1285 4019 annos
1298 3945 1353 4019 bis
1366 3945 1444 4020 fieri
1457 3946 1546 4020 solet
1558 3955 1595 4020 et

369 4053 482 4142 debet,
499 4053 593 4129 iuste
610 4065 646 4130 et
664 4058 736 4130 Deo
753 4056 882 4153 placite
899 4079 1021 4131 curam
1040 4056 1249 4133 Patriarcha
1274 4059 1333 4133 vel
1357 4059 1515 4134 Primate
1540 4083 1595 4134 ee·

370 4166 583 4257 clesiastica,
599 4177 636 4242 et
648 4191 767 4242 coram
781 4169 931 4266 patricio
943 4169 1120 4245 secularia
1132 4169 1338 4246 iudicentur
1350 4171 1389 4246 in
1406 4195 1595 4248 commune

371 4279 525 4376 negotia.
542 4281 642 4368 Quod
659 4281 690 4355 si
707 4281 925 4358 difficiliores
942 4291 1018 4358 orte
1036 4283 1175 4358 fuerint
1199 4284 1401 4382 questiones
1426 4295 1490 4360 aut
1516 4287 1597 4384 Epi-

372 4416 557 4490 scoporum
575 4393 634 4468 vel
652 4394 828 4470 maiorum
845 4395 990 4486 iudicia,
1006 4407 1070 4471 aut
1088 4398 1240 4474 maiores
1256 4425 1364 4476 cause
1381 4399 1528 4489 fuerint,
1552 4401 1598 4474 ad

373 4505 500 4580 Sedens
518 4507 758 4603 Apostolicam
776 4509 806 4581 si
824 4508 1043 4610 appellatum
1057 4511 1178 4602 fuerit,
1191 4513 1404 4588 referantur.
1422 4514 1597 4600 Quoniam
