3642 5294
908 453 945 467 -
972 419 1016 482 42
1040 451 1080 468 ..

383 539 521 614 stituta.
546 540 637 613 Item
662 538 768 612 intra.
793 535 965 634 Antiquis
988 535 1085 611 enim
1116 535 1256 633 regulis
1279 539 1458 614 censitum
1482 550 1538 616 est
1560 553 1603 615 ut

384 650 555 750 quicquid
571 650 739 749 quamvis
755 649 793 723 iu
811 649 956 724 remotis
971 659 1036 724 aut
1052 649 1091 723 in
1108 647 1306 749 longinquo
1322 652 1447 750 positis
1459 656 1604 752 provin·

383 767 450 842 ciis
466 791 573 864 super
597 765 852 864 Episcoporum
865 763 1022 862 querelis
1037 773 1103 838 aut
1113 763 1405 840 accusationibus
1423 777 1604 863 ageretur,

385 903 456 955 non
473 880 574 979 prius
589 879 817 956 tractandum
835 879 895 955 vel
911 877 1160 977 accipiendum
1169 888 1263 955 esset
1270 904 1379 978 quam
1387 880 1431 955 ad
1440 881 1605 956 notitiam

387 995 482 1072 alme
499 994 600 1071 Sedis
616 1004 746 1070 vestrm
762 1018 840 1070 esse
857 993 1063 1082 deductum,
1078 1002 1120 1067 ut
1136 993 1246 1068 huius
1261 994 1477 1071 auctoritate
1500 997 1602 1072 iuxta

387 1109 482 1210 quod
498 1111 628 1186 fnisset
644 1110 915 1209 pronuntiatum
934 1109 1189 1198 infirmaretur,
1204 1115 1269 1183 aut
1281 1109 1495 1186 firmaretur.
1507 1112 1607 1187 Inde·

387 1250 457 1326 que
474 1235 658 1301 sumerent
674 1248 834 1299 normam
856 1224 950 1299 unde
967 1223 1129 1298 ecclesiae
1146 1248 1329 1321 sumpsere
1346 1223 1607 1322 predicationis

388 1340 584 1427 exordium,
602 1363 646 1415 ne
663 1340 796 1438 passim
814 1338 859 1412 ab
876 1337 1147 1411 insidiatoribus
1158 1337 1335 1412 columnae
1359 1347 1609 1413 averterentur

388 1453 559 1530 ecclesiae.
576 1455 724 1530 Certum
742 1463 797 1529 est
814 1453 906 1552 quod
924 1451 1039 1528 eidem
1065 1462 1200 1527 sanctae
1224 1453 1308 1528 Sedi
1333 1462 1462 1528 vestra
1484 1452 1522 1526 in
1548 1453 1607 1528 ho

390 1591 476 1644 nore
493 1568 692 1644 beatissimi
718 1567 815 1642 Petri
840 1577 983 1666 patrum
1009 1565 1152 1641 decreta
1177 1565 1394 1663 peculiarem
1419 1567 1608 1642 decrevere

391 1682 627 1759 reverentiam
645 1683 764 1758 deberi
779 1707 841 1782 pro
854 1681 960 1757 rebus
973 1681 1198 1780 inquirendis
1210 1690 1318 1780 atque
1331 1681 1609 1756 determinandis

388 1823 477 1898 quas
494 1796 645 1872 sollicite
658 1797 760 1872 decet
776 1807 947 1896 vesteque
959 1797 1035 1895 (sie)
1050 1795 1094 1870 ab
1107 1795 1183 1893 ipso
1196 1794 1390 1893 praesulum
1404 1796 1608 1872 examinare

387 1911 522 1988 vertice
533 1909 735 2008 apostolice,
743 1910 848 1986 cuius
861 1910 1064 1985 sollicitudo
1076 1932 1216 2006 semper
1228 1907 1300 1982 suit
1311 1918 1349 1984 et
1360 1919 1414 1983 est
1427 1919 1500 1982 tam
1515 1909 1610 1983 mala

388 2025 556 2123 dapnare,
573 2047 681 2122 quam
698 2022 845 2122 probare
863 2023 1051 2098 laudanda.
1073 2023 1265 2110 Quocirca
1285 2021 1530 2097 humillimum
1552 2048 1610 2098 ve-

388 2148 463 2214 stro
479 2136 680 2237 Apostolico
696 2137 849 2212 culmini
867 2137 1110 2236 persolventes
1122 2135 1342 2233 obsequium.
1354 2139 1403 2210 Et
1416 2135 1522 2210 infra.
1541 2140 1610 2210 Ve-

390 2265 506 2329 strum
523 2263 579 2328 est
594 2252 696 2328 nobis
710 2277 857 2326 manum
874 2251 1057 2350 porrigere
1071 2251 1155 2350 quia
1168 2249 1269 2324 vobis
1282 2249 1463 2325 commissi
1475 2275 1612 2326 sumus.

391 2373 562 2445 Vestrum
580 2377 635 2443 est
651 2391 716 2442 nos
732 2365 921 2442 defendere
938 2375 1045 2464 atque
1066 2365 1229 2453 liberare,
1254 2377 1487 2463 nostrumque
1511 2373 1566 2440 est
1589 2389 1610 2436 a
1701 2369 1708 2380 ’

391 2483 492 2560 vobis
508 2483 684 2558 auxilium
703 2493 834 2582 petere,
851 2492 887 2559 et
903 2479 1036 2557 vestris
1060 2503 1186 2577 parere
1210 2479 1438 2554 iussionibus.
1465 2481 1511 2552 Et
1535 2487 1612 2577 post

391 2599 550 2699 paulum.
568 2597 661 2686 Quia
677 2621 749 2672 non
765 2607 820 2672 est
836 2597 960 2671 ovium
978 2594 1127 2669 insidias
1144 2593 1309 2692 luporum
1327 2593 1535 2693 previdere,
1551 2595 1613 2670 sed

352 2700 360 2714 ’
392 2721 584 2812 pastorum.
601 2711 744 2786 Scimus
761 2709 857 2786 enirn
876 2717 918 2784 ut
934 2731 997 2807 per
1021 2708 1115 2784 sedis
1140 2718 1259 2785 vestre
1284 2717 1408 2784 sancte
1432 2707 1613 2807 presules,

393 2827 507 2926 primo
523 2825 672 2924 apostoli
690 2824 815 2903 deinde
833 2849 1057 2901 successores
1073 2847 1195 2900 eorum
1213 2825 1377 2901 lecerunt
1394 2847 1457 2899 vos
1470 2823 1614 2898 univer·

393 2940 479 3015 salis
496 2939 658 3016 eeclesiae
675 2964 799 3014 euram
818 2963 955 3036 gerere.
968 2942 1062 3014 Nam
1081 2949 1124 3014 ut
1139 2963 1262 3014 omnes
1275 2936 1539 3035 Metropolitani
1551 2935 1611 3011 vel

394 3053 524 3152 reliqui
538 3053 703 3152 Episcopi
720 3078 786 3126 sua
803 3054 882 3128 odia
899 3063 965 3127 aut
982 3053 1162 3128 vindictas
1179 3053 1219 3126 iu
1241 3052 1396 3150 reliquos
1422 3050 1612 3149 Episcopus

394 3193 560 3245 exercere
577 3191 648 3242 uon
665 3167 848 3256 auderent,
865 3168 943 3243 ideo
960 3167 1171 3242 nominatim
1197 3167 1234 3239 in
1259 3165 1388 3242 nicena
1413 3164 1534 3239 sinodo
1557 3188 1615 3240 ex·

394 3281 505 3381 pressi
523 3290 619 3370 sunt,
636 3280 807 3377 primates
824 3281 886 3379 qui
904 3281 1059 3380 reliquos
1071 3281 1251 3380 episcopos
1264 3279 1388 3355 audire
1404 3279 1614 3368 etiudicare

396 3395 549 3471 debeant
565 3419 610 3471 ne
629 3395 704 3469 ulla
722 3394 821 3468 fraus
838 3393 875 3467 in
894 3394 1026 3469 iudicio
1043 3395 1286 3494 episcoporum
1305 3393 1416 3492 possit
1432 3393 1578 3468 irruere.

971 3627 1117 3712 ms

494 3857 533 3932 si
550 3857 631 3957 quis
648 3857 845 3956 Episcopus
861 3855 1089 3932 adiudicatus
1105 3855 1216 3930 fuerit
1240 3855 1279 3929 in
1296 3853 1420 3954 aliqua
1445 3877 1567 3940 causa,
1583 3860 1620 3926 et

398 3972 582 4072 putaverit
598 3971 725 4046 bonam
744 3996 889 4048 causam
907 3995 944 4046 se
961 3969 1101 4058 habere,
1118 3979 1155 4044 et
1171 3967 1314 4068 petierit
1331 3977 1373 4042 ut
1385 3968 1516 4044 itemm
1529 3963 1619 4039 iudi-

398 4089 496 4164 cium
514 4096 707 4162 renovetur
723 4087 754 4160 si
772 4085 889 4184 placet
905 4083 1070 4159 omnibus
1088 4093 1129 4158 ut
1145 4077 1365 4158 sanctissimi
1385 4076 1543 4180 Apostoli
1557 4081 1621 4154 Pe·

400 4201 447 4276 tri
467 4200 674 4275 memoriam
690 4200 915 4287 honoremus,
932 4197 1110 4275 scribatur
1126 4195 1187 4272 vel
1203 4196 1249 4270 ab
1273 4195 1330 4270 his
1355 4196 1417 4294 qui
1442 4192 1621 4268 examina-

400 4324 533 4391 verunt
549 4313 735 4405 iudicium,
753 4313 812 4389 vel
836 4313 880 4388 ab
904 4313 1077 4412 episcopis
1101 4311 1164 4410 qui
1189 4309 1228 4384 in
1253 4310 1412 4409 proxima
1437 4303 1621 4406 provincia

403 4439 600 4517 morantur,
618 4433 775 4505 Romano
801 4427 981 4526 Episcopo.
1005 4431 1051 4502 Et
1075 4425 1105 4500 si
1132 4424 1350 4501 iudicaverit
1374 4419 1620 4497 renovandum

402 4569 479 4621 esse
496 4543 669 4620 iudicium
690 4552 891 4631 renovetur,
907 4552 944 4617 et
960 4543 1020 4626 det
1039 4541 1184 4617 iudices.
1198 4539 1236 4614 Si
1252 4561 1339 4614 vero
1356 4533 1561 4635 probaverit
1573 4543 1623 4608 ta·
