3654 5302
895 379 1092 442 -438-

386 497 454 572 bus
467 503 603 595 pastus,
615 507 652 572 et
664 497 793 593 sagina
811 495 960 593 largiori
978 496 1168 586 distentus,
1185 495 1417 572 crudelitates
1429 521 1514 571 suas
1531 505 1614 595 post

346 679 348 684 ,
386 610 505 685 triduo
523 619 707 699 ructuans,
724 635 790 686 nec
807 609 903 686 cibos
920 635 987 686 nec
1004 619 1108 706 potus
1124 632 1207 684 suos
1224 633 1306 684 cum
1326 633 1524 708 pauperum
1549 633 1612 684 ne-

387 723 555 800 cessitate
572 723 824 812 communicat,
842 724 904 822 qui
930 723 1056 798 hilaris
1080 747 1123 798 ac
1148 723 1243 798 letus
1268 722 1414 812 incedit,
1437 722 1610 821 quomodo

377 846 535 912 'mortem
553 861 656 910 suam
674 835 806 913 deflet?
824 840 870 911 Et
886 846 965 937 post
982 861 1105 934 pauca.
1131 839 1226 913 Eece
1243 837 1362 936 peiora
1386 837 1505 912 adhuc
1529 861 1609 935 pec·

385 950 491 1026 candi
509 949 671 1040 vulnera,
696 975 779 1026 ecce
805 950 938 1026 maiora
962 950 1103 1040 delicta,
1122 975 1286 1048 peccasse
1303 975 1370 1026 nec
1387 951 1607 1038 satisfacere,

385 1063 576 1162 deliquisse
594 1087 661 1139 nee
678 1063 808 1140 delicta
825 1063 964 1140 deflere.
981 1067 1028 1140 Et
1044 1064 1150 1140 infra.
1163 1065 1272 1164 Sequi
1284 1074 1406 1140 autem
1421 1065 1608 1142 Christum

384 1178 556 1276 quomodo
568 1187 727 1276 possunt,
740 1178 801 1277 qui
815 1177 1026 1278 patrimonio
1039 1177 1186 1254 vinculo
1198 1179 1514 1255 detinentur‘lAut
1526 1201 1610 1277 quo-

386 1292 486 1367 modo
495 1289 624 1367 caelum
638 1302 777 1390 petunt,
785 1301 821 1368 et
829 1293 872 1366 ad
887 1292 1054 1368 sublimia
1067 1303 1103 1368 et
1115 1293 1189 1366 alta
1202 1293 1457 1382 conscendunt,
1466 1293 1528 1390 qui
1537 1302 1607 1368 ter-

386 1405 483 1481 renis
498 1405 756 1503 cupiditatibus
772 1406 1029 1503 degravantur.
1042 1405 1225 1481 Possidere
1241 1431 1278 1482 se
1296 1406 1458 1494 credunt,
1470 1405 1533 1504 qui
1550 1427 1609 1502 po-

389 1520 463 1594 tius
480 1517 727 1618 possidentur?
739 1543 869 1595 census
881 1519 939 1593 sui
953 1519 1073 1595 servi?
1086 1544 1153 1596 nec
1164 1520 1210 1596 ad
1223 1520 1413 1618 pecuniam
1429 1545 1533 1594 suam
1550 1520 1609 1594 do·

390 1631 557 1721 mini,sed
566 1631 684 1728 magis
693 1632 845 1730 pecunia
854 1632 1550 1732 mancipatilhoctempus,hoshomines
1561 1638 1608 1708 Α·

389 1745 1609 1845 postolusdenotatdieens.Quieutemdivitesvolnntfieri,incidunt

384 1861 424 1935 in
436 1860 668 1936 tentationem
683 1869 720 1936 et
733 1861 972 1959 muscipulam
985 1861 1125 1950 diaboli,
1138 1876 1174 1938 et
1186 1860 1359 1937 desideria
1370 1861 1483 1936 multa
1495 1869 1532 1936 et
1544 1883 1605 1934 uso

384 1975 513 2065 centia,
526 1963 594 2072 qne
608 1983 781 2071 mergunt
792 1973 970 2049 hominem
983 1973 1022 2047 in
1036 1974 1269 2073 perditionem
1282 1977 1318 2050 et
1330 1974 1527 2050 interitum.
1540 1976 1609 2048 Ra·

338 2100 339 2106 ’
383 2089 445 2163 dix
464 2089 559 2164 enim
581 2088 740 2162 omnium
754 2087 928 2162 malorum
943 2098 998 2164 est
1014 2089 1200 2188 cupiditas.
1214 2091 1330 2177 Quam
1344 2089 1489 2187 quidam
1502 2111 1607 2186 appe·
1661 2097 1664 2104 ’

287 2257 290 2264 a
383 2209 501 2277 tentes
510 2199 840 2288 erraveruntafide,
850 2199 1126 2278 etinseruerunt
1136 2228 1173 2279 se
1182 2202 1359 2278 doloribus
1369 2201 1504 2276 multis.
1513 2202 1610 2276 Idem

383 2314 428 2389 ad
442 2313 695 2412 Papinianum.
705 2312 943 2399 Quamobrem
961 2313 1083 2406 frater,
1096 2315 1127 2389 si
1144 2325 1381 2413 magestatem
1395 2316 1459 2391 Dei
1479 2315 1540 2413 qui
1557 2339 1613 2388 sa·

381 2427 542 2504 cerdotes
554 2427 695 2502 ordinet
704 2427 838 2503 Christi
853 2427 1082 2524 cogitaveris,
1092 2429 1122 2503 si
1136 2431 1180 2508 ad
1190 2429 1375 2512 Christum
1389 2428 1451 2527 qui
1461 2426 1607 2502 arbitrio

385 2549 421 2618 et
434 2551 526 2616 nutu
543 2565 586 2615 ac
599 2540 788 2638 praesentia
801 2566 877 2631 sua,
890 2551 927 2616 et
939 2543 1142 2641 praepositos
1159 2543 1252 2641 ipsos
1269 2555 1306 2618 et
1322 2541 1513 2618 ecelesiam
1527 2566 1610 2616 eum

384 2653 583 2753 praepositis
596 2652 775 2749 gubernat
787 2654 978 2752 aliquando
996 2681 1033 2731 se
1051 2656 1215 2754 sipueriS,
1233 2655 1263 2730 si
1277 2656 1319 2732 de
1337 2656 1540 2731 innocentia
1553 2679 1608 2729 sa-

384 2767 567 2844 cerdotum
584 2789 656 2842 non
672 2767 830 2841 humano
846 2767 923 2842 odio
940 2769 1001 2843 sed
1015 2768 1137 2843 divino
1149 2769 1281 2843 iudicio
1295 2768 1497 2857 credideris,
1510 2769 1540 2842 si
1554 2777 1602 2844 te·

388 2881 565 2958 meritatis
578 2892 613 2956 et
626 2881 800 2980 superbia
813 2891 920 2980 atque
934 2882 1132 2957 insolentiae
1146 2892 1217 2957 tuae
1229 2907 1339 2980 agere
1351 2881 1411 2957 vel
1423 2906 1500 2958 sero
1513 2881 1609 2982 peni·

390 2995 542 3072 tentiam
567 2995 714 3094 ceperis,
739 2995 770 3070 si
795 2996 945 3070 Domino
962 3004 997 3072 et
1016 2995 1159 3072 Christo
1176 2996 1254 3072 eius
1276 2995 1406 3096 quibus
1431 2995 1557 3086 servio,
1574 3005 1610 3072 et

387 3109 518 3210 quibus
542 3133 631 3208 puro
655 3135 698 3186 ac
723 3109 954 3186 immaculato
970 3132 1030 3185 ore
1048 3109 1237 3199 sacrificia,
1256 3121 1292 3186 et
1309 3110 1346 3184 in
1364 3109 1608 3209 perseeutione

389 3225 525 3323 pariter
542 3233 578 3300 et
598 3223 635 3298 in
656 3249 743 3324 pace
763 3224 1006 3300 indesinenter
1023 3222 1129 3300 offero
1150 3224 1357 3323 plenissime
1382 3221 1610 3313 satisfeceris,

387 3337 723 3415 communicationis
740 3347 812 3412 tuae
825 3337 1019 3436 poterimus
1032 3338 1160 3415 habere
1175 3339 1359 3428 rationem,
1372 3345 1539 3412 manente
1552 3345 1604 3410 ta·

386 3477 470 3527 men
490 3449 588 3550 vapud
613 3473 677 3525 nos
694 3449 816 3525 divine
841 3475 990 3527 censure
1008 3462 1045 3527 et
1061 3462 1224 3550 respectu
1246 3461 1283 3528 et
1306 3459 1420 3540 metu,
1443 3461 1485 3526 ut
1509 3449 1609 3548 prius

386 3565 579 3640 Dominum
598 3589 717 3640 meum
730 3563 926 3654 consulam,
941 3590 989 3638 an
1008 3565 1073 3640 tibi
1090 3591 1214 3667 pacem
1241 3565 1331 3655 dari,
1347 3573 1385 3640 et
1397 3575 1432 3640 te
1449 3564 1494 3638 ad
1515 3587 1612 3639 com-

387 3677 666 3754 municationem
693 3677 863 3754 eecclesiae
887 3705 962 3754 suae
979 3679 1121 3754 admitti
1139 3706 1203 3754 sua
1221 3679 1420 3755 ostensione
1439 3687 1475 3755 et
1492 3678 1611 3752 admo·

387 3791 561 3867 nitionem
574 3791 767 3892 permittat.
780 3791 877 3867 Idem
892 3792 930 3866 in
949 3791 1098 3890 epistola
1114 3793 1159 3867 ad
1176 3793 1313 3893 plebem
1328 3792 1370 3867 de
1383 3791 1503 3889 lapsis.
1516 3794 1611 3864 Nam

389 3905 420 3980 si
438 3907 476 3978 iu
494 3904 691 3980 minoribus
704 3905 845 3980 delictis
858 3929 937 4004 quae
954 3905 991 3978 in
1010 3909 1124 3982 Deum
1147 3907 1434 3994 committuntur,
1451 3903 1613 4004 peniten-

386 4020 439 4095 tia
456 4029 590 4117 agatur
610 4021 704 4094 iusto
729 4028 897 4118 tempore,
922 4029 958 4096 et
975 4018 1249 4115 exhomologisis
1267 4020 1340 4108 fiat,
1358 4018 1518 4116 inspecta
1534 4016 1615 4091 vita

387 4135 466 4210 eius
479 4135 620 4234 peragit
633 4134 878 4232 penitentiam,
891 4157 957 4212 nec
975 4133 1018 4208 ad
1032 4133 1394 4210 communicationem
1407 4132 1532 4207 venire
1546 4132 1608 4230 qui

387 4249 509 4350 possit,
526 4248 596 4323 nisi
613 4249 713 4346 prius
730 4248 775 4324 ab
792 4248 962 4349 Episcopo
979 4259 1017 4325 et
1032 4250 1137 4326 Claro
1155 4275 1282 4323 manus
1301 4247 1411 4322 fuerit
1427 4246 1608 4344 imposita,

390 4362 456 4438 hoc
475 4361 592 4458 magis
617 4362 654 4434 in
672 4361 900 4458 gravissimis
917 4372 955 4446 et
969 4362 1139 4436 extremis
1157 4361 1296 4437 delictis
1313 4370 1418 4436 caute
1437 4358 1557 4435 omnia
1575 4369 1614 4434 et

394 4475 573 4553 moderate
601 4475 797 4552 secundum
828 4474 1054 4576 disciplinam
1084 4474 1227 4552 Domini
1257 4472 1436 4552 observari
1465 4481 1614 4574 oportet.
