3646 5292
730 372 926 438 -233-

219 495 267 570 Et
282 492 327 569 ad
344 490 581 568 Timotheum.
597 489 679 568 Noli
697 489 894 590 neglegere
910 490 1067 588 gratiam
1093 515 1173 592 quas
1189 492 1255 571 tibi
1279 493 1363 572 date
1383 505 1439 575 est

217 605 420 709 prophetiae,
436 627 499 704 per
515 603 775 704 impositionem
792 627 967 681 manuum
985 607 1211 706 presbyterii.
1228 608 1298 686 Sed
1315 619 1352 686 et
1376 613 1440 688 Pe·

217 731 298 798 trus
313 720 353 794 in
369 719 529 820 epistola.
546 717 790 819 Presbyteros,
807 718 943 818 inquid,
960 717 999 793 in
1015 720 1117 795 vobis
1133 743 1267 819 precor,
1284 745 1441 824 compre-

219 836 344 935 sbyter
361 844 398 911 et
413 833 517 910 testis
533 833 739 934 passionum
758 831 901 910 Christi·
912 841 949 908 et
965 832 1097 910 future
1113 834 1238 932 gloriae
1250 840 1329 935 qum
1343 862 1441 914 reve·

216 949 325 1024 landa
345 958 401 1026 est
420 948 608 1047 particeps,
626 970 751 1044 regere
771 969 921 1042 gregem
942 944 1091 1038 Christi,
1116 958 1153 1024 et
1174 948 1349 1048 inspicere
1370 975 1441 1026 non

219 1090 264 1140 ex
279 1064 503 1152 necessitate,
515 1063 577 1138 sed
590 1061 790 1136 voluntarie
803 1058 903 1132 iuxta
916 1061 1041 1136 Deum.
1054 1062 1155 1151 Quod
1168 1063 1309 1162 quidem
1323 1088 1441 1162 graece

218 1177 486 1275 significantius
507 1175 640 1252 dicitur
659 1203 693 1241 επ
696 1203 864 1241 ιιιιιιιιι
869 1204 880 1247 c
898 1171 993 1247 unde
1006 1184 1042 1250 et
1058 1199 1187 1250 nomen
1200 1177 1355 1276 episcopi
1371 1187 1442 1252 tra·

219 1301 318 1369 ctum
348 1299 411 1367 cst.
437 1293 555 1364 Parva
578 1288 643 1363 tibi
669 1289 838 1366 videntur
862 1301 1043 1368 tantorum
1070 1289 1305 1365 testimonia?
1335 1291 1441 1368 Clan-

219 1416 285 1504 gat
301 1405 387 1480 tuba
404 1403 627 1500 evangelico,
645 1403 742 1480 filius
758 1405 919 1495 tonitrui,
941 1429 1046 1504 quem
1072 1401 1240 1480 Christus
1264 1403 1390 1480 Ihesus
1406 1431 1442 1480 a·

219 1519 334 1594 movit
346 1516 553 1617 plurimum,
562 1517 622 1616 qui
637 1518 679 1594 de
689 1528 828 1617 pectore
837 1518 1034 1594 Salvatoris
1044 1517 1288 1595 doctrinarum
1307 1518 1442 1594 fluenta

218 1631 364 1732 potavit.
380 1630 571 1729 Presbyter
588 1631 710 1708 electae
727 1633 879 1708 domine
891 1643 928 1709 et
940 1633 1026 1708 filiis
1043 1633 1133 1724 eius,
1150 1655 1237 1730 quos
1250 1655 1317 1728 ego
1330 1632 1442 1730 diligo

218 1745 257 1820 in
277 1745 439 1822 veritate.
458 1744 560 1832 Quod
577 1753 698 1820 autem
716 1756 838 1844 postea
851 1773 946 1822 uuus
967 1747 1105 1824 electus
1134 1755 1200 1837 est,
1224 1745 1286 1845 qui
1313 1747 1444 1824 ceteris

218 1865 491 1956 preponeretur,
499 1856 538 1932 in
550 1855 754 1948 chrismate,
764 1859 830 1936 hoc
842 1861 1038 1937 remedium
1052 1861 1187 1937 lactum
1202 1869 1267 1951 est,
1276 1884 1321 1935 ne
1334 1885 1443 1935 uuus-

218 1970 351 2069 quique
382 1967 428 2044 ad
451 1993 490 2044 se
511 1969 658 2046 trahens
683 1971 819 2048 Christi
845 1974 1036 2052 ecclesiam
1062 1981 1252 2072 rumperet.
1276 1977 1369 2048 Nam
1396 1979 1443 2049 A·

216 2083 410 2160 lexandriae
426 2086 548 2160 Marco
564 2083 791 2183 evangelista
817 2090 999 2188 usquead
1023 2087 1231 2165 Heraclium
1256 2096 1293 2164 et
1318 2086 1439 2162 Dioni·

219 2199 315 2276 sium
341 2199 533 2304 episcopos,
559 2199 620 2299 qui
644 2201 792 2278 tertium
818 2206 895 2280 ΧΨ*ι
911 2213 948 2280 ot
972 2206 1120 2280 XIIII¹¹m
1138 2201 1256 2280 locum
1281 2201 1442 2300 optinue-

222 2324 320 2404 runt,
336 2313 537 2414 presbyteri
554 2338 694 2413 semper
712 2341 824 2392 uuum
842 2317 885 2393 de
902 2341 940 2392 se
953 2316 1120 2406 electum,
1141 2325 1178 2392 et
1199 2315 1238 2388 in
1254 2313 1440 2391 excelsiori

223 2427 340 2528 gradu
358 2427 582 2518 collocatum,
599 2427 801 2528 episcopum
819 2429 1060 2505 nominabant.
1086 2428 1265 2518 Quomodo
1289 2427 1320 2502 si
1344 2451 1442 2503 exer-

218 2543 315 2620 citus
331 2535 582 2642 imperatorem
601 2543 721 2636 faciat,
736 2553 801 2620 aut
819 2544 956 2620 diaconi
975 2544 1114 2641 eligant
1130 2542 1173 2618 de
1193 2567 1231 2618 se
1255 2565 1361 2640 quem
1389 2541 1442 2614 in-

219 2657 379 2734 dustrem
397 2657 613 2746 invenerint,
625 2667 662 2734 ct
675 2658 972 2735 Archidiaoonem
985 2681 1119 2734 uocem.
1131 2656 1225 2744 Quid
1242 2655 1338 2731 enim
1352 2653 1441 2730 facit

221 2781 369 2872 excepta
381 2771 602 2848 ordinatione
614 2773 810 2871 episcopus,
827 2775 920 2874 quod
932 2772 1117 2872 presbyter
1130 2795 1200 2848 uon
1213 2771 1349 2846 faciat?
1364 2773 1442 2846 Nec

216 2886 330 2961 altera
346 2889 513 2962 Romanae
530 2885 639 2960 Urbis
654 2886 815 2963 ecclcsiae
830 2886 1058 2976 consuetudo,
1078 2885 1192 2960 altera
1213 2883 1325 2959 totius
1344 2883 1442 2959 orbis

218 2999 419 3076 estimanda
432 3011 496 3075 cst.
508 3003 556 3075 Et
569 3000 707 3092 Galliae,
724 3010 761 3076 et
777 2999 985 3090 Britannis,
1001 3007 1038 3074 et
1050 2997 1193 3087 Africae,
1209 3005 1246 3072 et
1262 2997 1393 3086 Persis,
1406 3005 1442 3072 et

216 3138 339 3192 omues
351 3114 510 3189 barbarae
523 3115 694 3205 nationes,
707 3141 822 3190 unum
836 3114 1018 3191 Christum
1031 3112 1312 3202 adunaturam
1325 3110 1442 3186 obser-

217 3237 307 3302 vaut
322 3227 487 3324 regulam
504 3229 678 3303 veritatis.
696 3229 733 3302 Si
751 3224 947 3305 auctoritas
964 3227 1127 3326 queritur
1144 3225 1238 3301 orbis
1256 3225 1367 3300 maior
1387 3233 1443 3300 est

217 3340 314 3416 urbe.
328 3339 552 3439 Ubicumque
565 3341 879 3439 fueritepisoopus,
892 3339 1194 3428 siveRomae,sive
1210 3337 1443 3435 Egubii,sive

220 3454 536 3553 Constantinopoli,
549 3456 626 3531 sive
638 3456 755 3552 Regii,
768 3455 844 3529 sive
858 3452 1093 3542 Alexandriae,
1105 3451 1183 3527 sire
1195 3451 1341 3540 Thonis,
1352 3451 1445 3526 eius-

217 3567 297 3644 dem
311 3568 441 3660 meriti,
453 3569 610 3646 eiusdem
628 3579 683 3646 est
695 3565 892 3646 sacerdotii
907 3564 1069 3641 Potentia
1081 3563 1291 3638 divitiarum
1309 3571 1346 3639 et
1358 3589 1443 3663 pau·

218 3682 366 3780 pertatis
382 3681 580 3774 humilitas,
597 3682 655 3759 vcl
669 3682 924 3772 sublimiorem,
940 3679 1000 3756 vel
1017 3677 1221 3756 inferiorem
1240 3677 1442 3778 episcopum

218 3795 314 3872 facit.
327 3796 506 3872 Caetcrum
519 3819 641 3874 omues
655 3795 900 3896 Apostolorum
918 3816 1140 3871 successores
1157 3801 1253 3867 sunt.
1275 3795 1323 3866 Et
1339 3792 1444 3868 infra.

218 3911 261 3984 In
281 3909 432 3985 ecclesia
453 3919 516 3985 tua
538 3914 656 3987 Romus
679 3909 878 4010 presbytori
888 3909 1022 3999 sedent,
1043 3916 1080 3984 et
1099 3916 1197 3984 stant
1221 3905 1371 3984 diaconi.
1398 3910 1446 3983 Et

217 4023 421 4122 paulopost.
434 4023 504 4112 Qui
517 4023 727 4123 provehitur
739 4050 760 4098 a
773 4023 901 4099 minori
915 4023 959 4099 ad
973 4021 1089 4099 maius
1102 4019 1274 4121 provehit.
1289 4027 1365 4096 Aut
1374 4020 1444 4118 igi·

216 4146 278 4212 tur
305 4162 350 4213 ex
381 4139 590 4239 presbytero
613 4139 797 4216 ordinetur
821 4139 1003 4226 diaconus,
1029 4147 1071 4214 ut
1098 4136 1304 4236 presbytero
1333 4133 1444 4210 maior

216 4251 474 4350 comprobetur,
491 4253 528 4326 in
546 4277 653 4352 quem
671 4253 802 4330 crescit
818 4279 863 4330 ex
879 4275 1000 4351 parvo,
1018 4263 1082 4326 aut
1099 4251 1130 4326 si
1148 4275 1193 4326 ex
1217 4249 1363 4324 diacono
1391 4271 1444 4322 or·

216 4365 363 4440 dicatur
386 4366 575 4466 presbyter
600 4367 740 4448 noverit
760 4393 799 4448 sc
820 4361 915 4448 lueis
938 4366 1121 4460 minorem,
1145 4363 1340 4444 sacerdotio
1364 4386 1442 4444 esso

220 4500 399 4560 malorem.
