3646 5292
872 415 1068 482 -208-

363 561 486 613 omnes
501 535 655 612 ordinati
671 535 825 611 offerunt
839 535 1034 612 oblationes
1050 535 1095 609 ad
1111 558 1241 608 manus
1257 531 1452 622 Pontificis,
1468 541 1505 607 et
1522 531 1586 605 mi·

364 651 522 726 nistrant
537 649 594 724 illi
616 651 863 752 unusquisque
879 649 1077 726 secuudum
1097 647 1254 722 officium
1277 671 1395 721 suum.
1419 645 1586 721 Pontifex

364 788 449 840 vero
471 763 606 838 oblatas
624 764 786 860 integras
798 765 860 839 dat
873 763 1030 860 siugulis
1044 761 1189 838 novitiis
1206 761 1444 859 Presbyteris,
1456 771 1493 836 et
1505 761 1585 835 inde

360 877 628 954 communicant
643 903 756 976 usque
780 878 856 953 dies
868 881 965 952 VIII.
982 877 1143 975 Expletis
1160 885 1281 950 autem
1299 875 1464 948 omuibus
1486 885 1585 950 stant

362 991 477 1089 parati
485 991 646 1066 homines
655 991 843 1087 regionum
853 992 895 1064 ad
910 989 1208 1086 singulostitulos
1220 988 1489 1088 pertinentium,
1501 1012 1584 1062 cum

361 1103 583 1180 candelabris
595 1115 631 1178 et
644 1104 825 1194 turibulis,
838 1115 879 1178 ιιι
892 1103 1073 1204 proprium
1087 1103 1286 1200 suscipiant
1298 1101 1526 1176 sacerdotem.
1540 1104 1585 1173 E·

361 1216 609 1314 gredientibus
624 1228 745 1292 autem
759 1218 802 1292 de
818 1218 967 1292 basilica
980 1217 1097 1291 sancti
1110 1217 1220 1305 Petri,
1234 1216 1440 1313 praeceduut
1456 1241 1583 1289 unum-

362 1353 538 1427 quemque
553 1330 767 1405 candelabra
784 1355 867 1404 cum
880 1330 1051 1405 turibulis
1067 1341 1109 1404 ut
1126 1330 1307 1430 proprium
1320 1329 1518 1427 suscipiant
1529 1356 1584 1403 sa·

362 1442 550 1530 cerdotem‚
567 1442 635 1540 ipsi
652 1467 737 1518 vero
753 1443 877 1518 sedent
894 1467 1000 1540 super
1017 1465 1126 1539 equos
1147 1441 1256 1530 albos,
1272 1452 1308 1517 et
1323 1442 1524 1542 precedens
1544 1451 1581 1515 et

362 1554 579 1652 subsequens
597 1555 746 1655 populus
758 1556 857 1631 canit
869 1556 902 1631 ei
915 1557 1046 1631 laudes.
1061 1556 1235 1630 Similiter
1248 1557 1355 1630 etiam
1368 1558 1409 1629 fit
1421 1555 1580 1631 diaconis

362 1669 424 1766 qui
441 1669 561 1744 eodem
578 1669 634 1744 die
645 1669 915 1745 benedicuntur.
929 1670 1060 1745 Plateae
1072 1680 1193 1746 autem
1207 1670 1368 1744 civitatis
1379 1671 1472 1744 uude
1486 1680 1582 1744 tran·

362 1781 469 1856 situri
486 1790 571 1858 sunt
587 1793 801 1858 coronantur
817 1793 853 1858 et
869 1793 1043 1858 ornantur
1059 1783 1188 1880 palliis„
1205 1792 1242 1859 et
1257 1783 1310 1859 sic
1330 1783 1513 1858 ducuntur
1537 1783 1581 1857 ad

361 1894 531 1971 ecclesias
548 1922 640 1972 suas.

458 2008 622 2106 Episcopi
641 2033 725 2084 vero
741 2009 836 2082 omni
854 2019 1013 2107 tempore
1038 2008 1310 2084 benedicuntur.
1327 2013 1435 2084 Nunc
1460 2020 1582 2085 autem

363 2117 455 2194 idest
471 2119 509 2192 in
527 2121 670 2196 sabbato
686 2120 778 2197 ΙΙΙΙιι
797 2123 966 2220 temporis
979 2147 1062 2197 cum
1077 2121 1250 2197 ordinatio
1263 2123 1386 2219 agitur
1398 2125 1492 2224 apud
1504 2149 1584 2197 san-

363 2241 464 2306 ctum
478 2236 638 2323 Petrum,
655 2258 729 2308 mos
742 2245 795 2311 est
807 2246 849 2310 ut
861 2247 1035 2310 nocturno
1047 2245 1204 2332 tempore
1216 2236 1482 2312 benedicantur.
1495 2241 1583 2311 San-

363 2352 422 2418 cta
439 2369 593 2444 namque
611 2346 786 2423 incisione
803 2348 895 2423 idest
911 2349 1061 2424 lectione
1080 2353 1114 2422 V
1140 2350 1324 2444 egreditur
1349 2352 1513 2425 Pontifex
1536 2351 1579 2426 de

363 2456 526 2532 aecclesia
543 2459 659 2534 sancti
674 2461 784 2551 Petri,
800 2471 836 2537 et
848 2463 1009 2538 ascendit
1021 2463 1277 2538 monasterium
1295 2464 1409 2538 sancti
1424 2465 1582 2556 Martini,

362 2579 399 2645 et
415 2570 645 2670 subsequitur
661 2573 737 2671 ipse
754 2575 893 2650 electus
917 2575 979 2674 qui
1003 2575 1267 2650 benedicendus
1284 2585 1349 2664 est,
1370 2576 1581 2674 simpliciter

365 2705 449 2757 cum
468 2684 603 2784 reliquo
616 2686 711 2763 clero
723 2687 901 2778 incedens,
915 2700 950 2764 et
967 2697 1040 2764 stat
1055 2689 1150 2762 foras
1167 2689 1298 2762 ostium
1314 2689 1469 2764 oratorii.
1480 2693 1582 2766 Tunc

364 2793 459 2869 scola
476 2805 660 2874 cantorum
680 2799 808 2897 incipit
825 2800 1020 2875 introitum.
1036 2805 1161 2876 Postea
1176 2801 1265 2877 dicit
1283 2803 1446 2877 Pontifex
1458 2804 1580 2879 Gloria

363 2905 402 2980 in
418 2908 569 2984 excelsis
587 2914 668 2986 Deo.
686 2913 858 3010 Sequitur
873 2916 994 2988 oratio.
1011 2918 1059 2988 Et
1074 2923 1162 2990 tunc
1180 2941 1275 2989 unus
1293 2916 1484 3014 Presbyter
1501 2918 1578 2992 eius

363 3028 399 3094 et
413 3019 592 3096 Diaconus
605 3023 755 3098 induent
768 3051 850 3099 eum
865 3025 1034 3114 restibus,
1045 3026 1136 3100 idest
1148 3027 1296 3116 amictu,
1305 3027 1410 3118 linea,
1423 3028 1581 3124 'cingulq

363 3133 488 3222 orario,
505 3133 706 3224 dalmatica,
724 3137 858 3227 casula,
872 3138 975 3214 Claro
988 3137 1131 3213 interim
1145 3149 1295 3214 canente
1307 3141 1580 3238 Responsorium

364 3245 513 3319 Immola
531 3248 603 3321 Deo
620 3257 656 3322 et
672 3248 818 3324 alleluia
835 3251 973 3325 Diffusa
986 3260 1040 3326 est
1052 3253 1182 3347 gretia,
1196 3261 1260 3326 aut
1272 3261 1430 3328 tractum
1444 3255 1514 3341 Qui
1530 3281 1582 3331 se

364 3356 505 3432 minant
521 3358 559 3431 in
576 3359 747 3434 lacrimis.
770 3363 921 3458 Legitur
945 3363 1198 3459 Evangelium.
1224 3365 1436 3440 Convocatis
1455 3367 1580 3442 Ihesus

364 3469 436 3540 XII
452 3467 638 3566 discipulis
655 3471 742 3546 suis'.
759 3475 884 3549 Postea
901 3475 1097 3578 advocatur
1115 3475 1153 3549 in
1166 3476 1351 3551 basilicam
1367 3479 1580 3578 Presbytero

364 3578 442 3652 eius
458 3603 479 3651 a
497 3580 631 3656 dextris
648 3593 685 3658 et
702 3583 858 3660 Diacono
875 3611 897 3659 a
914 3587 1079 3662 sinistris.
1092 3590 1171 3685 Ipse
1184 3611 1269 3663 vero
1281 3588 1453 3666 inclinato
1465 3593 1581 3686 capite

363 3688 498 3765 incedit
510 3691 548 3766 in
563 3693 678 3770 medio
690 3719 812 3770 eorum
831 3722 943 3797 usque
961 3699 1046 3774 dum
1062 3701 1187 3775 veniat
1202 3701 1247 3774 ad
1261 3701 1396 3792 Altare,
1408 3714 1444 3778 et
1457 3706 1580 3801 agitur

363 3803 589 3880 scrutinium.
606 3809 708 3884 Tunc
725 3809 870 3885 exuitur
887 3811 1010 3886 casula
1027 3821 1063 3887 et
1081 3811 1244 3887 induitur
1261 3814 1414 3910 planeta,
1430 3825 1467 3890 et
1492 3819 1580 3891 Pon-

362 3914 452 3990 tifex
463 3916 555 4014 legit
567 3919 675 3996 breve
688 3921 725 3994 in
738 3921 835 4000 hunc
849 3925 1001 4000 modum.
1015 3926 1122 4000 Cives
1136 3925 1186 4000 ill.
1200 3925 1389 4023 elegerunt
1401 3929 1468 4004 sibi
1481 3929 1580 4005 hunc

364 4036 550 4124 pastorem.
569 4031 722 4105 Oremus
746 4033 867 4132 itaque
892 4059 955 4133 pro
979 4035 1046 4112 hoo
1070 4036 1148 4111 viro
1172 4047 1214 4110 ut
1239 4040 1335 4112 Deus
1359 4040 1580 4138 omnipotens

362 4137 530 4214 infundat
546 4139 585 4214 in
602 4166 683 4216 eum
702 4145 860 4239 gratiam
879 4146 1035 4243 Spiritus
1052 4147 1110 4222 sui
1131 4157 1172 4222 ut
1189 4149 1321 4245 dignus
1345 4149 1520 4226 habeatur
1536 4153 1581 4227 ad

363 4249 571 4326 cathedram
585 4255 810 4353 episcopatus
824 4259 1028 4353 regendam.
1038 4264 1084 4335 Et
1097 4263 1311 4358 respondens
1323 4263 1429 4354 scola,
1442 4265 1583 4340 Christe

361 4361 445 4435 audi
463 4386 536 4438 nos.
553 4367 601 4438 Et
618 4365 702 4440 dum
720 4379 857 4445 canunt
874 4369 1066 4463 letaniam,
1079 4373 1218 4449 accedit
1235 4374 1379 4474 propius
1393 4375 1438 4450 sd
1451 4377 1580 4452 'Altare

361 4473 512 4551 subnixo
533 4477 659 4575 capite.
677 4481 841 4558 Pontifex
857 4507 942 4559 vero
958 4496 1064 4583 ponet
1083 4511 1228 4560 manum
1247 4512 1354 4586 super
1371 4499 1479 4586 caput
1503 4491 1582 4564 eius
