3638 5294
894 379 1091 443 -468-

384 497 554 587 rollanus,
571 497 740 593 religiose
757 497 846 574 satis
863 498 906 574 de
923 499 991 575 hoc
1015 509 1219 600 sanctaeque
1234 500 1395 578 decernit
1410 500 1468 576 his
1484 501 1611 600 praeci-

383 611 485 708 piens
506 611 678 687 aecclesiae
695 611 835 686 domum
855 611 962 700 tradi,
980 612 1110 710 quibus
1128 612 1241 688 Italiae
1266 613 1466 688 sacerdotes
1490 630 1526 688 et
1541 617 1611 688 Ro·

384 749 514 798 manus
531 725 726 823 Episcopus
743 725 951 801 seriberent.
968 728 1015 799 Et
1035 724 1086 798 ita
1111 726 1303 822 predictus
1320 726 1456 800 Paulus
1480 726 1525 800 ad
1541 751 1610 801 cse-

384 846 461 911 tera
480 838 574 911 mela
592 839 701 912 etiam
719 838 786 913 hoc
802 838 981 914 dedecoris
1005 839 1200 937 acquisivit
1220 849 1261 914 ut
1277 865 1386 915 manu
1404 840 1546 937 publica
1563 840 1608 914 de

384 949 547 1026 aeeclesia
565 951 768 1050 pelleretur.
787 956 832 1026 Et
850 961 937 1026 tuno
954 951 1097 1049 quidem
1115 953 1197 1026 talis
1215 977 1301 1048 erga
1319 976 1383 1028 nos
1399 963 1478 1029 erat
1494 960 1609 1027 Aure-

384 1065 515 1142 lianus.
527 1071 701 1144 Processu
718 1090 805 1143 vero
821 1065 991 1164 temporis
1008 1067 1187 1144 inmutare
1196 1066 1376 1164 propositi
1401 1066 1458 1140 sui
1475 1065 1609 1140 bonum

384 1179 491 1276 cepit,
508 1189 544 1255 et
568 1181 675 1255 malis
700 1179 859 1256 consiliis
884 1179 1110 1276 depravatus,
1127 1179 1409 1275 persecutionem
1433 1202 1522 1273 erga
1539 1178 1607 1254 Dei

385 1293 557 1368 ecclesias
582 1294 758 1384 meditari,
777 1316 931 1390 eousque
956 1291 1162 1365 vindicatus
1186 1291 1278 1388 quod
1300 1291 1443 1366 dictatis
1460 1291 1532 1362 iam
1549 1290 1609 1363 lit-

384 1404 472 1478 teris
485 1415 521 1480 et
537 1407 692 1505 scriptis,
704 1432 788 1482 cum
806 1405 880 1480 sola
897 1415 1067 1502 superent
1085 1403 1309 1502 subscriptis,
1322 1404 1447 1479 divina
1462 1403 1608 1478 dextera

385 1516 631 1594 interveniens
644 1519 917 1617 suscriptionem
928 1517 1078 1592 nefande
1091 1517 1243 1592 dexterae
1255 1517 1508 1591 deturbaverit.
1515 1519 1610 1590 Mor·

384 1638 420 1704 te
438 1630 557 1705 subita
573 1631 865 1730 condempnatur,
878 1629 971 1728 quod
987 1652 1160 1728 epporum
1178 1629 1360 1725 sanguine
1376 1629 1552 1717 censebat,
1564 1637 1609 1702 ut

384 1743 567 1820 ostendere
586 1747 682 1820 Deus
707 1745 791 1842 quia
815 1767 888 1818 non
908 1767 993 1818 cum
1009 1741 1165 1817 voluerit
1181 1751 1364 1840 tyrannus
1387 1741 1608 1830 cruciamur,

384 1855 445 1932 sed
463 1880 545 1932 cum
564 1857 768 1954 probaverit
785 1856 861 1955 ipse
878 1853 1103 1952 corripimur.

902 2054 906 2064 ¹
949 2019 1044 2103 OXL.

390 2197 473 2250 Item
491 2209 534 2251 ax
551 2197 690 2253 historia
707 2197 802 2252 Pauli
820 2195 950 2250 diseunt
968 2207 1069 2262 quam
1087 2195 1263 2250 subnexuit
1280 2195 1426 2261 hystorie
1445 2193 1592 2261 nutropu

904 2283 961 2338 lib.
983 2285 1086 2336 x1111.

479 2420 573 2517 Dum
593 2419 707 2492 Attila
732 2442 798 2493 rex
823 2422 1038 2493 Hunnorum
1060 2421 1208 2494 Romam
1233 2417 1451 2507 obsessurus,
1471 2441 1511 2493 eo
1531 2418 1607 2494 loco

384 2553 454 2628 quo
477 2532 635 2608 Mincius
660 2532 795 2607 fluvius
820 2532 940 2607 influit
965 2532 1102 2607 Padum
1131 2541 1406 2608 castrametatus
1431 2540 1526 2607 esset
1548 2532 1607 2605 vir

385 2645 635 2720 sanctissimus
652 2646 790 2743 primus
807 2648 877 2721 Leo
894 2648 990 2742 Papa
1015 2645 1060 2719 ad
1077 2669 1159 2720 eum
1185 2646 1346 2720 accessit.
1364 2645 1434 2732 Qui
1461 2669 1545 2719 cum
1562 2645 1607 2720 ad

385 2781 508 2852 regem
520 2757 711 2834 barbarum
725 2759 913 2855 ingressus
927 2766 1021 2832 esset
1034 2767 1165 2832 cuncta
1178 2766 1221 2831 ut
1234 2766 1420 2856 optaverat
1432 2757 1606 2846 obtinens,

384 2893 456 2945 non
473 2871 589 2945 solum
607 2875 736 2960 Romae,
754 2872 815 2947 sed
833 2872 941 2946 etiam
966 2868 1076 2944 totius
1093 2869 1206 2944 Italiae
1231 2869 1385 2944 salutem
1403 2869 1607 2968 reportarit.

385 2984 546 3057 Territus
563 3009 718 3083 namque
735 2993 827 3058 nutu
845 2984 911 3059 Dei
930 2982 1044 3056 Attila
1061 2982 1188 3070 luerat,
1201 3007 1267 3057 neo
1284 2980 1382 3054 aliud
1400 2981 1539 3056 Christi
1554 3007 1607 3055 sa·

384 3096 517 3171 cerdoti
535 3097 630 3194 loqui
648 3097 775 3185 ualuit,
793 3099 863 3171 nisi
890 3095 981 3193 quod
998 3095 1073 3194 ipse
1098 3095 1313 3194 peroptabat.
1330 3098 1461 3169 Fertur
1486 3095 1606 3192 itaque

385 3218 462 3305 post
479 3207 675 3284 discessum
689 3210 872 3284 Pontificis
889 3209 1151 3302 interrogatum
1170 3197 1321 3282 Attilam
1338 3207 1460 3295 esuis,
1472 3231 1539 3282 our
1551 3206 1603 3280 ul·

384 3330 441 3394 tre
458 3321 615 3410 solitum,
631 3331 770 3396 tantam
790 3320 1028 3398 reverentiam
1049 3323 1205 3394 Romano
1217 3320 1382 3395 Pontifici
1396 3319 1608 3409 exhibuerit,

384 3431 553 3531 quoniam
570 3433 699 3532 inquid
715 3459 804 3532 pene
820 3435 866 3509 ed
882 3434 1000 3509 omnia
1018 3456 1097 3531 quae
1119 3432 1180 3509 ille
1206 3433 1417 3534 imperasset
1434 3433 1608 3530 obtempe-

386 3543 490 3618 ravit.
499 3548 601 3621 Tunc
619 3570 740 3642 regem
760 3548 991 3645 respondisse,
1003 3568 1075 3620 non
1091 3571 1129 3622 se
1146 3546 1224 3622 eius
1241 3547 1302 3647 qui
1320 3547 1516 3623 advenerat
1532 3571 1608 3645 per·

377 3681 509 3732 sonam
532 3657 728 3734 reveritum
753 3685 841 3750 esse,
857 3661 917 3736 sed
941 3659 1053 3733 alium
1078 3659 1198 3736 virum
1226 3659 1326 3734 iuxta
1343 3685 1426 3735 eum
1444 3661 1482 3733 in
1507 3659 1607 3735 abitu

378 3771 596 3846 *sacerdotali
609 3781 787 3847 astantem
800 3773 944 3860 vidisse,
959 3773 1072 3850 forma
1085 3775 1304 3869 augustiore,
1317 3774 1449 3851 canitie
1463 3798 1609 3849 venera·

385 3883 460 3971 bili,
477 3883 651 3982 illumque
677 3887 870 3982 evaginato
894 3887 1014 3982 gladio
1039 3885 1105 3960 sibi
1132 3886 1341 3962 terribiliter
1366 3896 1518 3960 mortem
1543 3887 1608 3960 mi-

377 4005 532 4070 nantem
546 3995 616 4070 nisi
629 4007 761 4072 cuncta
774 4023 854 4096 quae
867 3998 928 4072 ille
945 3998 1085 4097 petebat
1104 3997 1274 4095 explesse.
1289 4003 1335 4072 Et
1350 3999 1455 4072 infra.
1468 4002 1608 4074 Mortuo

377 4108 643 4183 Valentiniano
660 4113 712 4184 ΙΙΙ
729 4135 835 4207 quem
853 4111 1017 4185 Transila
1034 4111 1137 4186 miles
1151 4111 1266 4185 AEthii
1284 4135 1367 4186 cum
1381 4115 1491 4187 XXX
1503 4111 1607 4186 annis

386 4211 576 4320 imperium
595 4222 756 4310 rexisset,
781 4224 932 4319 peremit
950 4225 1130 4298 Maximus
1154 4225 1248 4322 apud
1273 4221 1397 4298 urbem
1415 4225 1606 4321 imperium

376 4331 530 4422 invasit,
547 4345 584 4411 et
608 4345 685 4431 post
702 4334 789 4408 duos
811 4359 951 4409 menses
975 4337 1183 4410 aRoruanis
1208 4337 1246 4412 in
1268 4359 1393 4434 campo
1411 4336 1539 4410 martio
1555 4359 1609 4411 oc·

387 4445 485 4518 uisus
510 4458 573 4521 ast.
591 4449 637 4522 llt
662 4447 831 4522 continuo
848 4447 1065 4522 Genserieus
1083 4447 1347 4524 Vvaidaelorum
1374 4473 1438 4524 rex
1455 4448 1609 4522 navibus
