3638 5294
735 408 932 471 -457-

220 525 364 603 visibile
378 529 664 602 Sacramentum.
677 529 748 616 Qui
763 529 955 606 manducat
968 529 1068 606 intus
1081 553 1150 605 non
1164 530 1261 620 foris,
1270 531 1333 629 qui
1347 557 1445 608 man·
1513 622 1516 628 Ι

222 642 331 716 ducat
344 641 380 712 in
395 639 508 730 corde,
526 663 596 714 non
615 641 675 740 qui
690 643 821 741 premit
833 643 949 718 dente.
963 641 1059 717 Idem
1074 643 1111 716 in
1129 643 1261 718 cadem.
1275 643 1442 722 Christus

219 777 290 827 non
308 765 429 828 manet
445 753 484 826 in
503 752 647 828 Christo
664 765 700 830 et
717 756 754 828 in
769 779 838 854 quo
850 778 921 830 non
937 765 1057 830 manet
1071 755 1245 836 Christus¹
1257 758 1444 854 proculdu-

218 865 276 949 bio
291 891 367 948 nec,
377 866 570 942 manducat
587 867 665 942 eius
682 893 828 944 carnem
845 893 913 944 nec
930 869 1146 964 sanguinem
1164 868 1264 958 bibit,
1282 870 1390 944 etiarn
1409 872 1440 945 si

218 991 319 1060 tante
337 981 387 1056 rei
405 991 670 1057 sacramentum
687 983 731 1057 ad
757 981 933 1058 iudicium
959 983 1027 1056 sibi
1055 982 1246 1058 manducet
1272 993 1308 1057 et
1332 983 1449 1077 bibat..

218 1096 338 1175 ltem
327 1122 366 1170 in
382 1097 467 1170 XX*
488 1099 584 1171 VII'.
600 1099 681 1172 Non
706 1097 1057 1172 scandalizemurt
1018 1095 1128 1171 etiarn
1153 1097 1183 1170 si
1210 1095 1317 1170 multi
1343 1098 1442 1173 modo

218 1211 402 1290 nobiscum
419 1210 674 1286 manducante
675 1211 866 1287 tbibuntt
820 1209 1093 1309 ttemporaliter
1115 1219 1352 1301 sacramenta,
1379 1211 1441 1310 qui

217 1323 425 1405 habebunt'
383 1335 452 1400 trn
470 1326 604 1400 tinet
558 1335 604 1400 aet
605 1335 723 1401 ornat
708 1334 898 1400 t.ormonta

726 1517 933 1601 cxxvlssl.

641 1723 677 1774 In
696 1720 769 1775 aad.
790 1731 891 1785 super
909 1718 1017 1772 Amos.
1091 1711 1094 1716 ’

319 1893 401 1968 Odit
418 1894 516 1968 Deus
535 1891 713 1968 sacrificia
731 1891 980 1966 hereticorum
1007 1898 1042 1964 et
1067 1915 1143 1966 ase
1164 1892 1291 1989 proicit
1307 1902 1343 1966 et
1360 1915 1443 1990 quo

218 2006 468 2104 tienscumquo
482 2005 547 2082 sub
561 2005 702 2082 nomine
712 2005 853 2079 Domini
868 2004 1004 2095 fuerint
1017 2005 1229 2101 congregati
1244 2006 1442 2081 detestatur

219 2121 366 2195 fetorem
378 2142 500 2194 eorum
514 2128 550 2193 et
562 2118 699 2194 claudit
712 2143 817 2193 nares
827 2145 920 2193 suas.
931 2119 1076 2193 Odissea
1086 2129 1219 2210 antem,
1232 2131 1267 2194 et
1276 2121 1444 2220 proicere,

220 2244 258 2310 et
274 2243 344 2308 non
362 2233 497 2308 odorari
515 2231 674 2305 humana
693 2231 850 2330 loquitur
867 2231 1115 2320 similitudine,
1134 2241 1174 2305 ιιι
1191 2255 1255 2306 nos
1272 2231 1440 2308 affectum

223 2347 289 2424 Dei
307 2357 387 2422 nost
390 2347 439 2420 ris
372 2345 679 2422 tsermonibus
697 2369 965 2441 cognoscamus,
983 2347 1028 2418 Et
1015 2355 1070 2418 tsi
1063 2344 1271 2420 'tholocaus
1257 2354 1293 2418 ta
1309 2345 1367 2435 obt
1353 2345 1443 2420 tulo-

221 2462 347 2548 rintu
324 2459 527 2534 utvideant
512 2468 572 2532 tur
588 2457 758 2548 ieiunare,
776 2459 859 2533 dare
876 2457 1122 2584 helemosinas,
1140 2458 1289 2556 pudicit
1279 2485 1351 2532 ram
1371 2459 1443 2556 pol-

217 2572 318 2649 liceri
322 2598 413 2670 ‚que
429 2572 611 2650 holocaust
597 2583 634 2646 ta
652 2580 738 2646 sunt
751 2596 848 2661 vera,
856 2595 927 2644 non
941 2595 983 2644 ea
1000 2571 1154 2670 suscipit
1139 2571 1350 2646 tDominus.
1358 2575 1442 2646 Non

217 2686 474 2762 sacrificiorum
491 2684 860 2782 magnitudinemsed
869 2683 1092 2759 offerentium
1108 2685 1236 2758 merita
1245 2709 1442 2782 causasque

219 2798 401 2874 diiudicat.
411 2802 457 2872 Et
470 2821 540 2872 non
552 2824 594 2874 ea
608 2823 687 2897 quae
700 2798 909 2888 offeruntur,
922 2799 985 2874 sed
996 2799 1218 2874 offerentium
1232 2799 1376 2900 respicit
1384 2823 1444 2874 vo·

218 2914 407 2988 lnntatcm.
420 2913 618 3008 Gregorius
631 2913 668 2986 in
683 2912 810 2986 ultimo
828 2911 1028 2986 moralium.
1043 2912 1294 2987 Hereti'corum
1308 2913 1442 2988 sacrifi·

109 3113 113 3126 Ι
218 3027 275 3102 cia
293 3035 439 3123 accepta
457 3027 622 3102 Decesse
644 3036 840 3124 nequeunt,
854 3026 924 3100 nisi
945 3050 1006 3124 pro
1024 3025 1075 3102 eis
1092 3026 1309 3102 universalis
1322 3027 1442 3103 aeccle-

218 3140 281 3215 siae
295 3139 460 3214 manibus
473 3139 675 3215 offerantur.
690 3141 924 3236 Augustinus
937 3149 979 3216 nt
991 3140 1043 3216 ait
1057 3143 1218 3238 Prosper.
1231 3141 1319 3216 Veri
1332 3141 1438 3216 sacri-

219 3252 410 3330 ficiiloous
426 3262 525 3330 extra
544 3253 767 3329 Catholicam
785 3253 973 3330 ecclesiam
991 3277 1060 3328 non
1079 3263 1142 3329 est.

761 3446 895 3530 CXXX.

519 3647 612 3702 Idem
631 3661 731 3717 super
749 3649 890 3714 epistola
909 3649 954 3702 ad
971 3649 1143 3716 Ephesios.

315 3819 353 3894 Si
371 3821 544 3897 Dominus
569 3847 609 3897 ca
639 3821 738 3897 iubet
762 3846 841 3920 quae
865 3843 937 3894 non
963 3830 1048 3896 sunt
1077 3820 1226 3896 adversa
1251 3819 1441 3919 scripturis

219 3935 366 4022 sanctis
382 3935 582 4011 subiciatur
599 3937 739 4012 domino
755 3962 893 4012 servus.
911 3936 949 4010 Si
972 3959 1056 4012 vero
1073 3935 1251 4011 contraria
1268 3934 1440 4035 praecipit,

221 4049 339 4145 magis
356 4049 493 4126 obediat
510 4050 659 4148 spiritus
675 4075 784 4148 quam
803 4049 957 4146 corporis
974 4047 1124 4124 domino.
1142 4051 1189 4122 Et
1206 4046 1310 4120 infra.
1328 4045 1365 4120 Si
1383 4046 1442 4120 bo-

220 4187 306 4236 num
325 4163 487 4260 estquod
507 4163 669 4260 praecipit
693 4163 884 4262 imperator
908 4160 1066 4256 iubentis
1088 4183 1262 4258 exequere
1279 4159 1442 4233 volunta·

219 4283 303 4349 tem.
317 4275 356 4348 Si
374 4276 522 4366 malum,
539 4277 720 4370 responde,
737 4277 877 4351 obedire
889 4283 1025 4373 oportet
1038 4276 1110 4350 Deo
1123 4273 1240 4370 magis
1257 4297 1362 4370 quam
1381 4271 1441 4348 ho-

221 4388 387 4466 minibus.
