3642 5294
289 886 491 964 Alexander
508 891 713 990 Episcopus.
734 893 945 991 Apostolioee
957 895 1050 970 sedis
1063 876 1286 969 summeruin
1300 894 1421 993 dispo-v

130 1054 131 1057 η
188 995 340 1072 sitiones
352 1025 554 1095 causarum,
568 1015 604 1079 et
616 1007 736 1080 omnia
749 1008 894 1104 negotia
906 1009 1139 1084 ecclesiarum
1153 1009 1195 1083 ab
1210 1009 1284 1107 ipso
1297 1009 1415 1082 Domi-

189 1131 237 1186 no
253 1111 385 1186 tradito
401 1127 487 1191 sunt
503 1121 605 1216 qnasi
623 1119 666 1194 ad
683 1131 794 1220 ceput
814 1121 889 1219 ipso
916 1124 1065 1198 Domino
1088 1123 1228 1199 dicente
1253 1115 1413 1220 principi

188 1223 438 1319 Apostolorum
456 1234 569 1306 Petro.
584 1237 638 1309 Tu
651 1259 688 1311 es
706 1238 835 1312 Petrus
852 1246 887 1311 et
904 1261 1011 1336 super
1028 1237 1122 1314 hano
1139 1247 1287 1336 petram,
1304 1247 1340 1312 et
1363 1261 1414 1312 re·

189 1342 290 1441 liqna
308 1369 422 1442 usque
439 1347 507 1420 orit
524 1347 681 1422 solutum
700 1359 736 1426 et
754 1350 792 1422 in
810 1350 916 1426 caelis.

745 1581 855 1666 nnn

288 1793 421 1890 Systns
439 1796 655 1871 universalis
669 1798 829 1875 Ecclesie
842 1800 1045 1898 Apostolice
1063 1801 1267 1899 Episcopus.
1281 1801 1319 1876 si
1332 1802 1414 1898 quis

190 1913 352 1978 restrum
371 1906 533 2004 pulsatus
550 1910 660 1986 fuerit
685 1911 724 1985 in
747 1911 871 2010 alique
896 1912 1124 2002 adversitate,
1149 1912 1298 1988 licenter
1318 1912 1413 1990 hano

188 2029 350 2095 sanctem
370 2032 406 2096 ot
422 2025 650 2120 apostolicam
669 2026 823 2124 appellet
836 2027 965 2115 sedern,
978 2027 1072 2102 etad
1085 2051 1164 2101 eam
1179 2027 1282 2124 quasi
1299 2027 1344 2102 ad
1357 2052 1414 2104 ca·

189 2143 255 2230 put
270 2136 471 2234 suffugium
489 2139 626 2215 habeat.
644 2145 690 2216 Et
707 2152 785 2240 post
798 2165 921 2238 peuce.
935 2140 973 2213 Si
987 2149 1136 2216 vocatus
1148 2139 1192 2214 ab
1206 2139 1274 2216 hec
1290 2151 1414 2216 sancte

191 2247 282 2322 Sede
300 2248 420 2338 fuerit,
438 2275 508 2326 non
527 2263 655 2327 renuat
672 2257 807 2331 venire.
821 2254 889 2328 Sed
903 2253 1090 2329 confestim
1104 2264 1145 2328 nt
1158 2253 1191 2329 ei
1204 2254 1413 2328 nuntiatum

191 2360 311 2452 suerit,
331 2365 454 2442 venire
471 2367 629 2457 festinet,
646 2379 681 2444 et
697 2353 825 2444 causas
843 2391 905 2466 pro
922 2367 1053 2466 quibus
1077 2378 1226 2443 vocotus
1252 2377 1307 2442 est
1331 2392 1414 2466 pru·

189 2475 315 2552 denter
332 2479 505 2577 disponat,
521 2491 628 2580 etque
647 2483 678 2556 si
695 2507 839 2560 necesse
853 2481 988 2580 aliquid
1002 2481 1182 2577 corrigere
1196 2481 1317 2570 suerit,
1330 2505 1414 2557 cum

191 2587 247 2662 his
264 2615 352 2688 qnos
369 2593 428 2669 hic
446 2595 577 2692 primos
596 2595 788 2688 invenerit,
805 2598 973 2694 corriget.
997 2597 1053 2670 Ad
1078 2595 1266 2671 ecclesiam
1291 2604 1413 2670 tamen

189 2728 292 2778 suam
310 2729 379 2780 non
397 2709 497 2805 prins
515 2722 716 2786 revertetur
738 2736 845 2809 quern
871 2711 931 2786 hic
956 2709 1085 2784 litteris
1112 2708 1326 2806 Apostolicis
1351 2707 1411 2783 rei

189 2819 352 2894 formatis
369 2821 520 2924 pleniter
537 2823 738 2900 instructus
755 2835 862 2923 atque
880 2835 1057 2924 purgatus
1074 2823 1105 2897 si
1122 2823 1233 2898 inerit
1250 2823 1344 2898 unde
1370 2832 1412 2896 ut

190 2946 410 3030 cognoscant
430 2937 541 3013 vicini
564 2939 621 3012 sui
646 2940 804 3037 qualiter
825 2941 885 3016 hic
909 2965 1012 3014 suern
1038 2963 1184 3014 oausam
1211 2937 1354 3013 finierit.
1373 2936 1412 3011 Si

188 3049 268 3146 quis
286 3075 370 3126 vero
386 3051 490 3128 aliter
507 3075 616 3150 agero
634 3054 909 3152 presumpserit,
927 3053 1019 3129 sciat
1031 3077 1223 3128 censuram
1236 3051 1345 3126 huius
1360 3075 1412 3126 se·

188 3163 241 3237 dis
258 3189 343 3240 cum
361 3165 526 3241 omnibns
545 3167 713 3243 membris
729 3168 805 3242 suis
822 3167 890 3242 sibi
907 3163 988 3242 inde
1006 3189 1083 3241 esso
1100 3175 1305 3240 venturam.
1320 3167 1411 3240 Item

188 3287 265 3373 post
278 3303 401 3376 peuce.
419 3279 476 3354 Ab
493 3279 560 3356 heo
578 3281 674 3356 enim
692 3289 817 3358 senem
834 3281 923 3356 Sede
941 3280 1111 3356 asanotis
1125 3279 1303 3377 Apostolis
1316 3280 1411 3355 tueri

188 3402 224 3466 et
240 3394 382 3468 defendi
399 3394 565 3492 Episcopi
583 3394 671 3470 inssi
690 3405 786 3483 sunt,
806 3403 847 3468 nt
863 3395 959 3469 sient
975 3417 1098 3468 eorum
1116 3392 1344 3490 dispositione
1360 3416 1413 3467 or-

189 3506 334 3582 dinante
353 3507 502 3582 Domino
520 3507 687 3606 primitus
704 3517 790 3582 sunt
808 3507 1007 3596 constituti,
1020 3507 1072 3580 sio
1089 3505 1200 3580 huius
1213 3516 1346 3582 sanctae
1359 3532 1412 3582 se·

188 3619 242 3693 dis
259 3619 512 3718 dispensationi
538 3644 661 3696 eornm
678 3645 806 3696 causas
823 3633 859 3696 et
877 3620 1009 3696 iudicia
1025 3629 1264 3695 servaverunt
1277 3629 1319 3694 ut
1331 3621 1410 3695 eins

190 3735 408 3837 protectione
434 3735 567 3809 suturis
584 3734 802 3832 temporibus
829 3735 903 3808 sint
928 3733 973 3807 ab
998 3733 1161 3808 omnibus
1186 3733 1410 3810 adversitati-

188 3847 255 3924 bns
272 3848 385 3923 liberi.
1277 3861 1279 3868 '

768 4079 838 4162 LV.

207 4371 216 4382 .
282 4313 410 4410 Iginns
429 4319 523 4412 Papa
542 4314 830 4426 Atheniensibus.
852 4313 968 4388 Alieni
981 4315 1115 4389 erroris
1127 4314 1333 4424 societatem
1351 4316 1409 4390 vel

187 4428 281 4502 esni
300 4427 465 4526 propositi
483 4429 626 4502 tramite
645 4428 867 4503 recedentem
885 4439 949 4502 ont
975 4427 1186 4526 Apostolicae
1212 4429 1312 4504 Sedis
1338 4429 1411 4503 ins-

189 4542 348 4618 sionibns
364 4541 605 4617 inobedientes
622 4543 803 4640 suscipere
828 4565 898 4615 non
925 4565 1122 4639 possumus,
1147 4567 1214 4617 neo
1239 4543 1409 4640 impedire

1211 4661 1228 4711 5
