3618 5316
903 405 1101 471 -352-

395 535 432 602 et
448 527 509 627 qui
528 527 621 604 hanc
638 528 799 626 iniquam
827 529 1002 604 actionem
1028 535 1233 626 operantur,
1249 525 1443 601 detrahunt
1460 524 1617 626 Spiritui

394 650 537 731 sanctu,
554 641 739 740 aequaliter
764 651 964 740 peccantes,
979 639 1038 715 his
1066 641 1129 738 qui
1137 639 1479 738 blasphemaverunt
1495 639 1619 714 dicen-

393 763 458 842 tes,
476 755 512 828 in
531 756 728 831 Beelzebub
754 757 868 832 eicere
893 753 1053 830 demonio
1071 753 1268 829 Christum.
1288 759 1406 850 Atque
1431 761 1472 826 ut
1490 751 1617 826 serius

394 868 567 958 dieamus,
584 869 670 945 Inde
687 878 940 968 comparantur
957 866 1135 966 proditori,
1153 866 1215 964 qui
1232 865 1352 940 Iudeis
1369 863 1434 938 Dei
1451 863 1617 939 occisori-

394 980 461 1056 bus
479 981 666 1057 Christum
696 983 865 1058 vendidit.
884 983 976 1058 oum
996 965 1088 1077 ¹erdo
1106 981 1264 1078 Spiritus
1289 988 1436 1053 sanetus
1465 977 1617 1052 consub-

395 1095 575 1170 stantialis
596 1095 644 1171 sit
661 1097 814 1186 Christo,
832 1096 990 1172 eiusdem
1016 1093 1086 1192 ipsi
1104 1093 1273 1194 portionis
1298 1101 1415 1182 erunt,
1431 1101 1467 1166 et
1490 1090 1617 1189 procul

395 1207 501 1282 dubio
525 1232 597 1283 non
626 1218 680 1284 est
709 1209 749 1282 in
772 1209 823 1284 eis
848 1209 967 1306 gratia
986 1210 1142 1308 Spiritus
1167 1208 1293 1296 sancti,
1311 1208 1403 1282 idest
1420 1205 1616 1282 Sacerdotii

397 1319 581 1400 sanctitas.
597 1325 690 1396 Nam
716 1321 808 1418 quod
833 1345 903 1396 non
933 1333 1150 1421 acceperunt
1173 1345 1244 1397 non
1269 1320 1411 1396 habent.
1429 1319 1492 1394 Ait
1515 1317 1615 1394 enim

398 1435 528 1508 Petrus
546 1434 692 1509 Simoni.
708 1439 788 1509 Non
813 1444 867 1510 est
895 1435 959 1510 tihi
985 1459 1068 1533 pars
1086 1460 1200 1534 neque
1219 1458 1294 1509 sors
1311 1434 1350 1507 in
1367 1455 1527 1508 sermone
1544 1431 1616 1506 isto

396 1544 480 1642 quia
508 1546 723 1621 existimasti
748 1547 878 1622 donum
901 1547 967 1622 Dei
993 1547 1147 1644 pecunia
1172 1545 1353 1646 possideri.
1369 1549 1464 1620 Nam
1489 1553 1526 1619 et
1541 1545 1618 1618 XX

396 1662 503 1733 VIIII
521 1684 634 1734 canon
652 1669 855 1735 sanctorum
876 1659 1138 1759 Apostolorum,
1159 1671 1195 1734 ct
1220 1667 1324 1734 actus
1350 1657 1564 1748 eorumdem,
1580 1666 1621 1732 et

396 1775 449 1848 Ill
466 1783 502 1848 et
518 1776 588 1848 1111
606 1773 698 1849 liber
722 1798 928 1870 regnorum,
945 1773 1103 1854 alienum
1128 1771 1272 1846 omnino
1288 1797 1309 1844 a
1327 1771 1523 1846 sacerdotio
1539 1794 1619 1868 pro-

396 1886 567 1961 nuntiant
579 1913 673 1978 eum,
686 1888 748 1986 qui
762 1887 952 1986 aliquando
965 1887 1102 1962 dederit
1114 1885 1172 1961 vel
1185 1885 1362 1984 acceperit
1375 1885 1563 1982 pecuniam
1575 1886 1617 1957 in

397 1997 517 2096 aliquo
534 2009 701 2098 tempore,
719 1999 795 2074 siue
808 2011 891 2075 ante
909 2025 1038 2078 manus
1051 1999 1323 2098 impositionem,
1339 1999 1418 2074 sive
1431 1998 1469 2071 in
1487 2023 1618 2072 manus

395 2108 628 2206 impositione,
646 2111 722 2188 sive
740 2121 818 2210 post
834 2111 1104 2211 impositionem.
1124 2111 1297 2212 Accipere
1322 2112 1418 2188 enim
1435 2121 1490 2187 est
1506 2136 1618 2211 quan-

396 2221 594 2322 documque
611 2225 782 2322 accipere.

947 2351 1062 2434 Xllll.

727 2527 777 2577 Ex
793 2525 908 2579 ultimo
927 2525 1067 2592 epistola
1084 2527 1145 2580 v11
1165 2526 1278 2579 sinodi.

493 2677 619 2752 Omnis
637 2702 722 2774 ergo
739 2679 947 2775 Episcopus,
966 2679 1025 2754 vel
1044 2679 1247 2777 Presbyter,
1261 2687 1325 2753 aut
1342 2679 1523 2754 Diaconus
1535 2702 1617 2753 eon·

397 2789 517 2865 victus
535 2790 626 2887 quod
651 2814 714 2888 per
738 2791 927 2888 pecuniam
953 2816 1085 2864 manus
1109 2791 1369 2888 impositionem
1395 2791 1531 2866 dederit
1555 2789 1613 2865 vel

394 2903 584 3000 acceperit,
602 2927 623 2976 a
640 2902 835 2979 sacerdotio
853 2913 927 2978 eta
948 2903 1064 3000 gradu
1082 2902 1223 2992 decidit,
1241 2903 1404 2977 fortassis
1428 2913 1549 2978 autem
1567 2902 1618 2976 di-

395 3024 484 3090 cunt
508 3015 657 3113 aliquid,
677 3016 762 3114 quia
787 3016 1030 3115 penitentiam
1048 3014 1193 3111 agimus
1210 3038 1272 3112 pro
1293 3024 1448 3112 peccate,
1465 3025 1502 3090 et
1518 3017 1615 3090 Deus

395 3126 552 3223 ignoscit
573 3127 674 3203 illud.
692 3132 747 3204 Ita
765 3137 830 3219 est,
849 3129 933 3227 quia
950 3153 1073 3204 omnes
1089 3138 1241 3225 agentes
1257 3129 1501 3228 paenitentiam
1519 3131 1615 3203 Deus

396 3239 558 3338 suscipit,
574 3250 611 3316 et
628 3242 796 3339 indulget
808 3267 869 3340 per
882 3241 1114 3340 penitentiam
1134 3250 1366 3340 peccataque
1384 3243 1456 3316 iam
1475 3250 1615 3339 patrata

395 3360 490 3426 sunt.
508 3356 554 3427 Et
571 3353 675 3428 infra.
694 3355 762 3429 Sed
786 3353 871 3451 quia
896 3355 1094 3428 seeundum
1112 3353 1322 3451 Apostolum
1348 3355 1512 3430 sacerdos
1528 3353 1617 3428 irre·

394 3463 643 3562 prehensibilis
667 3464 769 3540 debet
797 3489 886 3556 esse,
903 3466 966 3563 qui
994 3489 1057 3564 per
1072 3465 1243 3565 pecunias
1260 3489 1475 3565 quemquam
1492 3489 1614 3541 conse·

396 3577 524 3665 oravit,
532 3576 591 3652 vel
605 3585 834 3653 consecratus
848 3586 913 3668 est,
922 3577 1061 3654 alienus
1074 3589 1128 3655 est
1144 3604 1166 3653 a
1179 3579 1384 3671 sacerdotio,
1393 3581 1487 3656 sicut
1499 3580 1615 3654 omnis

395 3687 556 3764 ecclesiae
571 3689 707 3766 seimus
722 3687 861 3765 alumni
881 3714 925 3766 ex
941 3691 1124 3768 canonicis
1140 3692 1340 3792 disciplinis
1358 3693 1500 3770 eruditi.

936 3891 940 3902 ·
968 3857 1044 3942 XV.

423 3999 473 4049 Ex
489 3998 567 4050 v111
586 3999 699 4054 sinodo
717 4001 893 4055 untversali
913 4001 1018 4053 CCXL
1037 4005 1274 4072 *episcopcrum
1292 4007 1327 4057 in
1345 4007 1470 4060 actione
1489 4007 1592 4058 vnn.

490 4132 562 4220 Qui
579 4141 703 4208 contra
720 4134 906 4232 Ignatium
923 4135 1195 4212 sanctissimum
1213 4137 1454 4236 patriarcham
1472 4139 1614 4212 menda-

396 4247 487 4322 citer
511 4245 726 4324 iuraverunt
742 4247 827 4323 olim
852 4249 920 4323 snb
937 4248 1119 4326 Michahel
1137 4250 1349 4348 imperatore
1373 4262 1409 4327 et
1425 4251 1541 4325 Barba
1558 4250 1615 4324 do·

396 4359 544 4435 mastico
568 4358 646 4435 eius
671 4361 856 4459 compulsi,
873 4361 911 4436 in
929 4360 1083 4439 ecelesia
1101 4363 1352 4462 Apostolorum,
1367 4365 1405 4438 in
1423 4375 1612 4465 conspectu

396 4471 542 4549 nefandi
561 4473 711 4556 Concilii
730 4473 926 4550 diffinimus
942 4485 978 4552 et
994 4474 1270 4573 promulgamus
1287 4475 1419 4574 eosqui
1433 4499 1503 4552 non
1517 4477 1611 4575 peni-
