3654 5302
736 399 932 466 -3'71-

221 521 459 620 frequentare,
476 522 712 621 nequicquam
739 523 777 596 in
796 523 932 600 Christi
957 524 1120 601 ecelesiis
1142 524 1312 603 hereticis
1336 526 1442 606 licere

222 636 393 734 patiatur,
401 661 446 711 ne
464 637 502 710 in
519 661 641 712 eorum
658 645 831 734 potestate
848 639 905 713 sin
924 640 1046 714 divina
1065 641 1248 739 mysteria,
1257 643 1387 740 quibus
1404 643 1442 717 in

225 751 326 824 domo
343 751 409 825 Dei
435 773 496 848 pro
520 775 666 826 suorum
690 752 865 827 scelerum
894 753 1142 848 magnitudine
1167 780 1234 830 nec
1257 754 1443 831 habitandi

224 863 283 938 ius
301 873 459 939 remanet
472 889 539 940 nec
551 865 685 939 orandi.
695 867 894 962 Gregorius
906 867 944 940 in
954 870 1042 942 XXI
1051 867 1142 942 libro
1155 867 1355 943 moralium.
1365 869 1442 944 Ple·

225 1003 376 1077 rumque
393 980 490 1054 enim
508 979 621 1078 quieti
641 988 749 1079 atque
772 979 977 1056 inconcussi
1003 979 1230 1078 relinquitur,
1246 981 1278 1055 si
1301 980 1445 1057 obviare

226 1093 349 1192 pravis
365 1115 428 1191 pro
444 1092 583 1168 iustitia
599 1115 669 1168 uon
695 1119 876 1168 curamus.
894 1093 963 1169 Sed
981 1094 1018 1170 -si
1031 1094 1079 1169 ,ad
1096 1103 1238 1170 aeternae
1254 1094 1340 1170 vitai
1356 1094 1445 1170 desi·

226 1205 364 1280 derium
383 1205 527 1280 animus
550 1207 695 1297 exarsit,
713 1208 744 1280 si
768 1207 839 1282 iam
865 1231 992 1282 verum
1009 1206 1133 1282 lumen
1150 1206 1368 1283 intrinsecus
1392 1231 1446 1283 ro·

224 1318 343 1416 spicit,
359 1319 391 1394 si
409 1321 446 1394 in
464 1345 502 1396 se
518 1320 700 1395 flammam
717 1322 834 1397 sancti
851 1321 1001 1396 fervoris
1018 1321 1193 1410 accendit,
1209 1320 1248 1393 in
1269 1333 1445 1418 quantum

227 1431 330 1508 locus
346 1434 515 1524 admittit,
532 1435 570 1509 in
588 1447 764 1533 quantum
781 1458 891 1511 causa
915 1435 1040 1530 exigit,
1056 1435 1225 1511 dehemus
1249 1458 1312 1533 pro
1328 1435 1447 1510 defen·

227 1546 325 1620 sione
342 1547 491 1622 iustitiae
507 1549 740 1647 nosmetipsos
756 1549 949 1636 obiectast
962 1547 1140 1646 perversis
1156 1549 1202 1623 ad
1218 1548 1353 1622 iniusta
1371 1571 1446 1645 pro·

226 1661 474 1757 rumpentibus
491 1663 598 1737 etiam
617 1687 700 1738 cum
726 1663 770 1738 ab
794 1663 846 1738 eis
870 1684 940 1736 non
966 1660 1159 1758 querimus
1184 1659 1336 1734 obviare.
1352 1663 1446 1734 Nam

226 1796 310 1845 cum
324 1773 463 1848 iustitia
476 1799 546 1872 qua
559 1798 623 1849 uos
635 1800 799 1850 amamus
811 1775 849 1848 iu
863 1774 945 1848 aliis
958 1773 1103 1864 feriunt,
1116 1795 1180 1847 nos
1192 1772 1448 1847 nichilominus

225 1910 294 1959 wesua
310 1890 537 1986 percussione
554 1889 773 1978 confodiunt,
785 1889 892 1964 etiarn
911 1890 940 1962 si
959 1887 1124 1963 venerari
1141 1887 1342 1962 videantur.
1355 1887 1449 1973 Quia

228 2022 315 2094 ergo
332 2001 389 2072 vir
406 2010 554 2075 sanctus
571 2001 752 2099 provisae
769 2000 863 2076 male
879 1999 1072 2096 agentibus
1093 2024 1131 2074 se
1148 1998 1256 2074 etiarn
1276 2023 1359 2074 cum
1376 2021 1447 2072 non

227 2113 404 2209 quaeritur
428 2115 581 2212 opponit,
604 2124 699 2189 recte
724 2115 767 2188 de
784 2137 828 2188 eo
848 2114 910 2211 qui
928 2113 994 2187 Dei
1019 2112 1163 2201 dieitur,
1180 2111 1219 2184 in
1234 2111 1449 2187 hoccursum

228 2223 348 2320 pergit
364 2235 535 2300 armatus.
553 2227 785 2323 Augustinus
801 2251 908 2324 super
925 2226 1128 2300 Iohannem.
1141 2224 1230 2312 Quis
1247 2235 1302 2300 est
1318 2248 1451 2299 merce·

228 2339 354 2413 narius
371 2341 432 2438 qui
449 2341 549 2416 videt
573 2342 699 2439 lupum
725 2351 761 2417 et
785 2341 911 2435 fugit?
935 2341 1006 2427 Qui
1031 2365 1096 2413 sua
1120 2337 1250 2436 quaerit
1274 2360 1345 2411 non
1370 2363 1450 2436 quae

228 2451 334 2526 lhesu
350 2453 495 2530 Christi.
510 2458 722 2532 Peccantem
735 2477 806 2528 uon
819 2453 929 2529 libere
937 2477 1092 2549 arguere
1104 2451 1221 2526 audet.
1231 2454 1323 2526 Eece
1333 2450 1451 2526 nescio

229 2566 310 2663 quis
327 2568 491 2665 peccavit
507 2569 747 2667 increpandus
764 2579 828 2658 est,
844 2566 1207 2644 excommunicandus
1223 2576 1286 2641 est.
1308 2565 1377 2640 Sed
1393 2589 1451 2639 ex-

229 2682 516 2757 communicatus
529 2683 699 2758 iuimicus
712 2683 790 2770 erit,
803 2682 1043 2771 insidiabitur,
1056 2681 1197 2755 nocebit
1209 2705 1293 2756 oum
1307 2678 1451 2777 potitur.

229 2793 305 2865 Iam
319 2791 380 2868 ille
393 2793 454 2890 qui
468 2818 548 2892 quae
561 2819 626 2868 sua
639 2795 777 2892 quaerit,
790 2817 860 2868 uon
873 2819 953 2893 quae
970 2794 1076 2869 Ihesu
1094 2792 1240 2879 Christi,
1266 2817 1312 2867 ne
1328 2791 1452 2892 perdat

228 2906 321 3003 quod
347 2917 505 2982 sectatur
528 2907 696 2982 humana
721 2909 890 2984 amicitiae
918 2907 1162 2994 commodum,
1187 2916 1223 2982 et
1246 2905 1452 2980 inimicitia-

231 3044 313 3092 rum
326 3018 568 3095 humanarum
586 3021 749 3097 incurrat
766 3020 977 3112 molestiam,
989 3029 1086 3097 tacet
1102 3043 1172 3096 non
1187 3020 1344 3118 corripit.
1357 3022 1451 3094 Ecce

231 3132 338 3231 lupus
355 3135 441 3209 ovis¹
449 3145 579 3231 guttur
600 3135 841 3235 apprehendit,
857 3135 1018 3210 diabolus
1043 3133 1125 3209 fidei
1142 3132 1359 3208 adulterium
1376 3156 1453 3229 per-

232 3247 357 3337 suasit,
373 3257 414 3322 tu
432 3259 529 3324 taces
546 3272 616 3322 non
634 3249 825 3346 increpas?
839 3251 868 3323 Ο
881 3247 1091 3336 mercenari,
1108 3247 1233 3343 lupum
1247 3245 1452 3320 venientem

232 3359 354 3433 vidisti
373 3371 409 3436 et
425 3361 566 3456 fugisti.
584 3360 784 3459 Respondet
799 3359 889 3434 sorte
906 3368 942 3432 et
958 3357 1056 3432 dicit.
1074 3359 1166 3432 Ecce
1187 3353 1248 3430 hic
1271 3379 1364 3440 sum,
1381 3375 1452 3427 non

232 3471 323 3567 fugi.
337 3473 492 3568 Fugisti,
505 3474 590 3571 quia
603 3473 758 3548 tacuisti.
771 3475 876 3568 Fuga
889 3470 1012 3560 animi,
1024 3469 1131 3544 timor
1143 3477 1206 3543 est.
1221 3467 1372 3566 Corpore
1385 3475 1454 3539 ste-

232 3583 321 3674 tisti,
338 3585 466 3683 spiritu
484 3585 623 3683 fugisti.
640 3589 731 3662 Item
749 3584 947 3680 Gregorius
968 3582 1007 3655 iu
1031 3581 1160 3656 omelia
1176 3583 1250 3655 XL.
1267 3578 1454 3677 Tranquil-

233 3699 348 3777 litatis
364 3711 521 3800 tempore
545 3699 758 3799 plerumque
781 3698 826 3771 ad
851 3695 977 3792 gregis
1002 3693 1200 3769 custodiam
1225 3693 1320 3768 sieut
1345 3713 1455 3765 verus

234 3823 352 3912 pastor
368 3814 422 3890 sic
439 3813 548 3889 etiam
565 3811 809 3888 mercenarius
834 3820 915 3885 stat.
934 3809 1002 3884 Sed
1027 3807 1134 3908 lupus
1150 3807 1300 3883 veniens
1316 3805 1454 3879 indicat

235 3950 304 4024 quo
316 3929 467 4025 quisque
480 3927 600 4000 auimo
613 3949 720 4024 super
732 3922 858 4020 gregis
875 3921 1073 3998 custodiam
1087 3921 1212 3996 stabat.
1221 3922 1343 4018 Lupus
1355 3917 1452 3992 enim

235 4063 442 4137 superares
459 4037 570 4128 venit,
583 4062 666 4112 oum
685 4034 836 4134 quilibet
849 4035 1006 4108 iniustus
1019 4043 1055 4108 et
1068 4043 1197 4133 raptor,
1214 4031 1336 4106 fideles
1354 4052 1456 4128 quos-

235 4177 304 4250 que
322 4163 428 4250 atque
445 4151 601 4226 humiles
621 4147 798 4249 opprimit.
816 4147 884 4222 Sed
910 4147 941 4221 is
958 4146 1020 4244 qui
1037 4155 1157 4246 pastor
1173 4169 1251 4220 esse
1268 4142 1456 4218 videbatur

235 4276 271 4340 et
287 4289 358 4340 non
383 4275 470 4352 erat,
489 4263 666 4360 relinquid
684 4285 767 4337 oves
784 4269 820 4336 et
837 4259 945 4355 sugit,
963 4259 1047 4356 quia
1064 4259 1150 4332 dum
1164 4257 1232 4332 sibi
1249 4256 1293 4331 ab
1310 4279 1350 4330 eo
1367 4254 1458 4353 peri·

236 4379 359 4454 culum
385 4379 526 4466 metuit,
544 4377 707 4451 resistere
732 4375 811 4449 eius
832 4370 1020 4446 iniustitiae
1036 4395 1108 4446 uon
1132 4369 1326 4469 praesumit.
1344 4369 1457 4462 Fugit

235 4501 356 4566 autem
369 4514 439 4564 non
453 4489 537 4587 quia
550 4488 720 4562 mutando
733 4483 932 4578 locum,sed
941 4483 1181 4559 subtrahendo
1194 4481 1379 4557 solacium.
1388 4483 1458 4552 Fu·
