3582 5288
890 415 1088 478 -142-

379 540 622 618 suaeecclesiae
635 539 755 615 virum
766 538 951 637 sapientia,
964 560 1123 636 persona,
1132 535 1277 636 vitaque
1291 535 1599 634 archiepiscopatu

379 657 635 754 dignissimum
653 655 829 752 Vulgaris
846 653 1054 750 eligendum
1072 651 1256 750 dirigeret,
1269 675 1374 749 quem
1389 661 1466 750 post
1478 673 1601 748 appro

378 770 558 845 bationem
582 770 785 845 eorumdem
804 768 919 846 denuo
937 775 1156 844 remeantem
1173 762 1464 862 archiepiscopali
1485 761 1601 838 officio

380 881 601 956 sublimaret.
614 880 779 956 Pontifex
799 903 883 955 vero
904 879 1121 956 Silvestrum
1143 878 1321 978 quendam
1343 877 1600 953 subdiaconum

380 995 554 1092 Vulgaris
571 995 778 1092 eligendum
794 995 936 1084 direxit,
954 1020 1038 1070 cum
1053 993 1238 1091 Episcopis
1255 991 1431 1090 Leopardo
1448 989 1601 1065 Anconi-

379 1119 473 1198 tanc,
481 1117 517 1184 et
531 1107 715 1184 Dominico
724 1108 900 1184 Trivensi.
910 1113 956 1183 Et
969 1109 1073 1182 infra.
1083 1105 1312 1181 Postmodum
1326 1129 1388 1203 per
1401 1104 1601 1179 Orientales

381 1221 860 1320 Constantinopolitanosque
870 1222 1052 1318 Vulgares
1061 1220 1213 1295 donisac
1223 1219 1513 1318 promissionibus
1527 1242 1603 1316 per·

381 1335 632 1426 suasiGrooos
642 1337 850 1412 Sacerdotes
860 1335 1106 1434 suscipientes
1114 1344 1254 1411 nostros
1264 1333 1409 1410 eiciunt.
1418 1338 1466 1410 Et
1474 1343 1603 1410 cetera.

938 1563 1051 1649 dcxl.

479 1791 686 1890 Cyprianus
702 1792 741 1865 in
766 1790 913 1889 epistola
929 1815 1005 1864 sua.
1026 1793 1160 1866 Pactus
1176 1799 1231 1865 est
1255 1791 1443 1866 Cornelius
1461 1793 1603 1890 Episco-

386 1929 453 2003 pus
469 1904 512 1979 de
529 1905 594 1980 Dei
608 1914 644 1979 et
657 1903 793 1980 Christi
807 1905 884 1979 eius
897 1903 1039 1991 iudicio,
1052 1902 1094 1977 dc
1108 1901 1320 1977 clericorum
1335 1903 1494 1976 omnium
1509 1903 1605 1977 testi-

383 2017 510 2107 monio,
523 2016 565 2091 de
578 2017 712 2114 plebeio
724 2016 907 2112 suffragio,
920 2016 962 2090 de
976 2015 1200 2090 sacerdotum
1214 2015 1441 2112 antiquorum
1456 2027 1492 2092 et
1503 2017 1606 2092 bono·

384 2156 465 2204 rum
480 2129 639 2204 virorum
652 2153 841 2219 consensu,
853 2155 936 2204 cum
950 2151 1055 2202 nemo
1068 2128 1265 2226 Episcopus
1278 2127 1366 2202 inibi
1381 2129 1498 2204 factus
1512 2139 1607 2205 esset

383 2269 468 2320 cum
493 2242 629 2340 gradus
654 2243 831 2318 cathedrae
847 2240 1077 2316 sacerdotalis
1102 2253 1255 2317 vacaret.
1274 2245 1350 2328 Quo
1374 2256 1545 2340 occupato
1569 2253 1607 2317 et

384 2355 545 2430 omnium
558 2365 722 2430 vestrum
736 2354 966 2430 consensione
981 2355 1134 2453 firmato
1148 2353 1311 2453 quisquis
1323 2355 1396 2428 iam
1412 2356 1607 2454 Episcopus

384 2468 461 2542 fieri
478 2467 634 2542 voluerit
650 2467 862 2542 omnimodis
883 2492 1028 2543 necesse
1045 2478 1099 2542 est
1120 2479 1162 2543 ut
1179 2469 1460 2544 ecclesiasticam
1478 2469 1607 2544 habeat

383 2580 650 2670 ordinationem,
664 2581 725 2678 qui
737 2581 907 2656 Ecclesia
919 2591 1017 2657 tenet
1026 2606 1088 2680 per
1101 2605 1312 2657 consensum
1327 2582 1513 2658 unitatem.
1524 2585 1608 2656 Post

383 2693 540 2790 primum
557 2696 592 2767 Il
609 2718 686 2769 esse
703 2717 774 2768 non
792 2704 916 2792 potest,
933 2696 1096 2794 quisquis
1121 2706 1199 2794 post
1224 2721 1337 2770 unum
1364 2696 1426 2795 qui
1453 2721 1515 2794 per
1539 2697 1608 2771 ele-

384 2805 538 2880 ctionem
556 2817 785 2882 consecratus
802 2817 857 2883 est
882 2833 959 2886 esse
977 2809 1142 2900 uoluerit,
1160 2811 1229 2884 iarn
1256 2834 1326 2886 non
1343 2811 1522 2887 secundus
1547 2809 1608 2885 illc

384 2919 445 2993 sed
461 2919 585 2994 nullus
600 2929 663 2995 est.

930 3117 1060 3208 CCXII.

838 3315 930 3370 Idem
949 3317 994 3370 ad
1011 3319 1152 3383 plebem.

459 3485 569 3560 Plena
578 3495 614 3561 et
627 3485 866 3584 exploratione
876 3488 1065 3584 diligentia
1079 3491 1218 3567 sincera
1233 3515 1291 3567 eos
1299 3502 1435 3590 oportet
1443 3493 1487 3567 ad
1497 3517 1610 3567 sacer-

388 3599 525 3674 dotium
536 3601 602 3677 Dei
616 3600 716 3698 eligi,
725 3625 812 3700 quos
825 3628 846 3676 a
859 3605 931 3677 Deo
943 3613 1082 3680 constet
1094 3604 1220 3678 audiri.
1232 3609 1309 3680 Nec
1322 3607 1390 3680 sibi
1404 3606 1501 3704 plebs
1513 3606 1611 3681 blan·

388 3711 508 3787 diatur
530 3713 615 3811 quia
632 3715 662 3788 si
680 3715 852 3790 immunis
870 3741 947 3792 esse
964 3741 985 3790 a
1002 3719 1168 3815 contagio
1184 3718 1305 3795 delicti
1331 3719 1440 3817 possit
1457 3745 1542 3794 cum
1559 3743 1612 3792 sa-

386 3825 526 3901 cerdote
542 3839 726 3924 peccatore
740 3829 1009 3905 communicans
1022 3842 1058 3907 et
1074 3833 1119 3906 ad
1133 3832 1308 3908 iniustum
1322 3843 1429 3930 atquo
1443 3832 1610 3908 illicitum

302 4025 305 4030 ¹
388 3939 556 4036 propositi
575 3941 632 4014 sui
651 3941 893 4040 episcopatum
910 3965 1123 4018 consensum
1141 3971 1249 4018 suum
1266 3945 1503 4034 commodans
1524 3945 1611 4042 quin

388 4075 452 4148 per
466 4053 565 4127 Oseae
576 4053 784 4152 prophetam
798 4055 893 4130 dicat
906 4079 1058 4130 censura
1067 4056 1200 4131 divina.
1211 4058 1395 4133 Sacrificio
1404 4080 1526 4134 eornm
1536 4069 1612 4132 tan-

390 4187 497 4261 quam
512 4165 615 4262 panis
624 4165 756 4257 luctus
765 4189 889 4242 ornnes
902 4167 964 4266 qui
978 4169 1196 4245 manducant
1209 4195 1251 4245 ea
1264 4169 1612 4246 contaminabuntur.

388 4279 529 4352 Docens
546 4278 685 4354 scilicet
702 4289 738 4355 et
754 4281 945 4356 ostendens
961 4306 1084 4356 omnes
1100 4283 1244 4357 omnino
1261 4283 1305 4357 ad
1322 4293 1510 4380 peccatum
1521 4305 1613 4356 con·

387 4392 521 4489 stringi
538 4393 601 4490 qui
619 4394 754 4470 luerint
772 4395 909 4493 profani
927 4405 964 4471 et
980 4395 1107 4471 iniusti
1126 4397 1325 4472 sacerdotes
1342 4396 1517 4472 sacrificio
1534 4419 1614 4471 oon·

388 4504 564 4579 taminati.
626 4515 629 4527 '
