3638 5294
900 387 1094 452 -492-

388 525 509 580 eorum
528 530 674 580 causam
701 503 802 580 iuxta
827 505 921 582 beati
939 507 1065 584 Leonis
1090 509 1304 584 sententiam
1330 509 1453 586 divino
1472 510 1606 588 iudicio

384 627 584 707 servantes,
602 619 732 716 quibus
756 619 852 694 vivis
869 645 940 695 uon
965 611 1322 712 communicavimuS,
1340 624 1489 698 mortuis
1513 648 1607 700 com·

386 731 573 808 municare
587 758 658 807 non
675 758 873 832 possumus.
887 735 973 810 Sine
990 759 1070 833 quae
1082 745 1166 810 ante
1179 736 1396 812 audientiam
1411 738 1606 812 communi·

385 870 468 921 care
485 848 726 946 temptaverit,
743 849 853 925 donec
870 873 933 948 per
953 849 1185 946 penitentiam
1205 859 1344 925 reatum
1369 851 1533 942 defleant,
1549 879 1608 930 ac·

387 963 674 1036 communionem
689 962 898 1039 nullatenus
912 963 1140 1052 reducantur,
1153 973 1299 1064 excepto
1311 964 1436 1039 mortis
1448 965 1607 1042 interitu.

386 1071 564 1150 Achatius
593 1075 735 1150 modurn
765 1101 908 1152 servare
938 1075 1129 1163 debuisset,
1155 1085 1197 1151 ut
1224 1085 1416 1175 antequam
1445 1103 1483 1153 se
1501 1081 1606 1155 Petro

388 1187 637 1263 communione
656 1188 821 1266 misceret
838 1214 900 1288 per
917 1189 1035 1265 sedem
1053 1189 1279 1288 apostolicam
1299 1201 1458 1289 posceret
1474 1193 1608 1267 exami-

383 1324 470 1374 nare
495 1324 589 1390 eum,
607 1309 643 1377 et
667 1299 831 1398 legitima
849 1301 1062 1400 purgatione
1088 1301 1249 1400 purgari,
1266 1327 1350 1377 cum
1376 1327 1446 1378 non
1470 1306 1606 1378 exami-

383 1412 493 1486 nandi
510 1424 574 1488 aut
592 1413 785 1512 recipiendi
810 1440 893 1490 eum
919 1414 1104 1490 habuisset
1128 1414 1346 1513 pontificum.
1364 1415 1456 1491 Cum
1482 1417 1604 1515 itaquo

385 1525 463 1601 sine
482 1551 538 1601 me
555 1526 611 1602 vis
628 1551 698 1602 non
715 1527 881 1604 habuerit
893 1528 951 1604 vcl
968 1527 1174 1603 absolvendi
1187 1537 1251 1601 aut
1265 1527 1469 1625 recipiendi,
1482 1528 1607 1604 huius·

383 1635 476 1711 modi
488 1637 556 1712 rite
564 1661 750 1736 personam
760 1663 826 1715 nec
836 1650 1028 1738 purgatam
1042 1640 1209 1736 legaliter
1222 1666 1289 1717 nec
1302 1641 1516 1738 regulariter
1525 1667 1606 1718 cou·

379 1759 452 1824 stat
469 1774 557 1826 esse.
573 1755 762 1851 Postquam
782 1753 982 1829 Hachatius
999 1753 1258 1829 communionis
1274 1754 1390 1830 aliene
1408 1755 1525 1830 factus
1538 1767 1604 1845 est,

345 1881 350 1895 ·
379 1887 449 1940 non
463 1865 660 1962 potuitnisi
674 1867 848 1942 catholica
861 1867 1101 1965 etapostolica
1115 1869 1375 1944 moxsocietate
1388 1869 1544 1967 praecidi,
1557 1895 1604 1946 ne

380 2002 443 2075 per
467 2003 550 2053 eum
567 1978 598 2052 si
615 1979 674 2054 vel
690 1979 877 2079 paululum
905 2007 1128 2057 cessaremus
1153 2005 1218 2056 nos
1238 2005 1376 2080 quoque
1400 1981 1605 2059 videremur

379 2092 516 2167 subisse
533 2092 700 2190 contagia
713 2093 912 2192 impiorum.
926 2098 994 2170 Leo
1008 2096 1187 2170 universis
1200 2095 1475 2194 archiepiscopis
1488 2096 1604 2171 Italic.

378 2204 545 2280 Misimus
557 2207 602 2280 ad
615 2230 678 2281 vos
692 2205 841 2296 litteras,
854 2209 984 2307 quibus
1001 2209 1186 2285 docuimus
1204 2209 1410 2307 presbiterio
1423 2210 1603 2286 Eutiohon

377 2343 455 2394 essa
472 2319 647 2398 nudatum
666 2331 702 2396 et
718 2347 739 2394 a
756 2333 876 2397 nostra
899 2324 1148 2399 communione
1173 2323 1250 2398 sive
1277 2322 1501 2396 monasteriis
1525 2347 1602 2398 csse

376 2433 575 2531 depulsum,
594 2445 634 2510 ut
650 2445 907 2531 cognoscentes
925 2436 1016 2535 quod
1033 2435 1130 2512 circa
1146 2435 1251 2509 illum
1268 2444 1391 2510 actum
1408 2445 1473 2518 est,
1490 2437 1606 2509 omni·

376 2548 444 2624 hus
455 2549 702 2649 episcopissub
715 2550 814 2626 vobis
827 2550 1040 2648 degentibus
1056 2547 1255 2622 manifestis
1268 2547 1368 2621 illius
1381 2546 1603 2645 impietatem

376 2687 421 2738 ne
437 2663 482 2738 ad
499 2687 580 2738 eum
598 2663 700 2761 quasi
717 2663 762 2738 ad
779 2662 1021 2750 orthodoxum,
1038 2661 1098 2736 vel
1116 2687 1176 2760 per
1198 2661 1350 2750 litteras,
1371 2661 1430 2736 vel
1451 2685 1513 2760 per
1537 2661 1604 2734 ali-

375 2801 483 2875 quam
496 2777 783 2853 coniunctionem
797 2776 998 2876 loquantur.
1013 2776 1210 2873 Gregorius
1222 2775 1344 2850 Natali
1357 2775 1528 2872 episcopo.
1548 2779 1600 2852 Dc

375 2889 754 2966 excommunicationis
770 2890 923 2966 articulo
940 2890 1000 2989 qui
1019 2899 1140 2966 tamen
1162 2889 1369 2987 interposita
1393 2889 1600 2964 condicione

375 3003 490 3100 gradu
505 3004 661 3079 secundo
674 3002 732 3079 vel
747 3005 832 3078 ΠΙΙο
845 3004 917 3078 iam
927 3013 969 3078 ut
978 3004 1028 3079 ita
1041 3004 1158 3080 dicam
1172 3029 1217 3080 ex
1228 3004 1441 3079 necessitate
1456 3003 1602 3078 subiun-

294 3129 297 3134 '
375 3127 434 3192 cta
460 3127 515 3192 est
531 3117 697 3192 inmerito
714 3117 917 3216 querimini,
942 3143 1025 3193 cum
1044 3118 1222 3218 apostolus
1246 3119 1351 3194 dicat.
1376 3121 1599 3216 Impromptu

374 3231 546 3307 habentes
563 3232 794 3308 ulciscionem
813 3232 1097 3308 inobedientiam.
1115 3231 1289 3308 lohannes
1311 3234 1399 3306 VIII
1421 3231 1459 3304 in
1480 3231 1598 3306 conci·

374 3343 422 3418 lio
435 3345 636 3421 Ravennati
650 3371 725 3445 cap.
735 3348 815 3420 ΧΗ.
825 3347 919 3422 Oura
936 3347 983 3421 sit
996 3345 1160 3421 omnibus
1173 3344 1345 3443 episcopis
1358 3343 1600 3420 excommuni-

372 3469 533 3534 catorum
551 3460 694 3536 omniuo
711 3461 866 3551 nomina,
878 3471 952 3534 tam
966 3459 1097 3534 vicinis
1114 3457 1286 3558 episcopis
1303 3481 1411 3555 quam
1429 3455 1505 3531 suis
1522 3482 1601 3553 par·

373 3572 552 3647 rochianis
565 3573 698 3671 pariter
711 3574 881 3664 indicare,
894 3597 1005 3673 eaque
1020 3572 1058 3646 in
1072 3571 1204 3648 celebri
1218 3571 1292 3646 loco
1305 3570 1418 3668 posita
1432 3593 1504 3667 prae
1517 3569 1599 3643 fori·

372 3685 439 3760 bus
456 3683 626 3760 aecclesiae
642 3685 784 3760 cunctis
802 3686 1029 3762 venientibus
1049 3683 1244 3770 inculcare,
1257 3685 1429 3782 quatinus
1441 3683 1480 3756 in
1501 3692 1599 3757 utra·

374 3823 443 3897 que
468 3798 658 3894 diligentia
683 3799 1001 3875 excommunicetis
1027 3799 1158 3896 ubique
1183 3798 1449 3874 ecclesiasticus
1477 3796 1599 3872 aditus

373 3911 595 4002 excludatur,
612 3922 648 3988 et
660 3913 899 3989 excusationis
912 3939 1021 3998 causa
1034 3914 1198 3988 omnibus
1211 3913 1406 3987 auferatur.
1423 3911 1598 4008 Augusti·

371 4050 441 4101 nus
457 4026 642 4125 episcopus
659 4025 802 4122 legatus
819 4027 990 4102 Numidia
1008 4026 1189 4124 provincie
1207 4027 1245 4100 in
1263 4024 1413 4101 concilio
1434 4025 1600 4120 Cartagi-

372 4139 479 4214 nensi
493 4164 568 4237 cap.
586 4143 700 4214 VIIII.
718 4140 827 4229 Dixit,
840 4140 906 4216 hoc
919 4150 1076 4216 statuere
1093 4139 1293 4235 dignemini
1311 4147 1354 4213 ut
1367 4137 1397 4213 si
1410 4137 1493 4236 quis
1506 4138 1597 4212 forte

371 4253 498 4328 merito
519 4252 719 4328 facinorum
736 4277 882 4329 suorum
899 4254 944 4329 ab
961 4253 1113 4329 ecclesia
1131 4252 1226 4350 pulsi
1242 4261 1339 4340 sunt,
1356 4261 1392 4326 et
1409 4252 1487 4326 sive
1503 4249 1548 4324 ab
1564 4275 1598 4325 e

372 4365 842 4466 piscop0,siveaprcshitero
854 4367 989 4442 fuerint
1001 4365 1297 4440 incommunione
1310 4363 1597 4464 suscepti,etium

371 4479 447 4582 ipse
464 4478 540 4581 pari
558 4504 641 4555 cum
659 4503 699 4556 eo
716 4479 866 4560 crimine
885 4487 1050 4559 teneatur
1062 4478 1245 4571 obnoxius,
1259 4476 1523 4578 refugientibus
1540 4476 1596 4552 sui
