3638 5294
888 423 929 441 -
953 391 1019 456 476
1042 422 1084 440 -

378 515 431 588 sio
450 535 506 612 pp.
528 512 567 586 Si
581 535 796 611 quemquam
810 511 868 587 vel
881 513 919 585 in
937 537 980 588 ac
998 511 1086 586 urbe
1102 511 1215 608 regia,
1236 503 1345 588 vel’in
1359 512 1499 587 caeteris
1525 536 1604 613 pro

378 624 510 700 vinciis
527 648 606 722 quae
627 625 664 698 in
685 634 758 700 toto
775 625 856 700 orbe
874 623 1012 698 diffusae
1025 633 1121 714 snut,
1133 625 1178 699 ad
1191 625 1426 724 Episcopatus
1442 625 1600 720 gradum

378 738 526 836 provehi
537 741 608 812 Deo
620 747 763 814 auctore
778 737 982 833 contigerit,
992 737 1285 833 purishominum
1299 736 1491 826 mentibus,
1503 737 1601 811 nuda

377 851 560 928 electionis
577 851 756 926 sententia
773 851 911 926 sincero
927 848 1088 926 omnium
1105 849 1237 924 iudicio
1253 849 1463 948 proferatur.
1484 853 1600 924 Nemo

377 966 531 1063 gradum
548 964 735 1040 sacerdotii
752 963 859 1063 pretii
880 961 1075 1039 venalitate
1099 972 1287 1037 mercetur.
1305 966 1488 1050 Quantum
1505 963 1604 1060 quis·

378 1103 446 1178 que
471 1087 661 1166 mereatur,
687 1101 758 1152 non
784 1087 926 1152 tantum
944 1078 1029 1152 dare
1046 1077 1202 1152 sufficiat
1218 1077 1413 1153 estimetur.
1439 1077 1604 1154 Profecto

379 1192 477 1268 enim
494 1191 576 1290 quis
592 1191 693 1267 locus
710 1199 824 1282 tutus,
840 1201 877 1266 et
898 1216 978 1289 quae
1002 1217 1111 1267 causa
1135 1192 1264 1288 poterit
1280 1215 1357 1268 esse
1373 1201 1553 1282 excusate,
1571 1193 1604 1267 si

378 1305 582 1380 veneranda
599 1305 665 1380 Dei
681 1304 815 1402 templa
831 1305 994 1404 pecuniis
1010 1308 1293 1404 expugnentur?
1315 1307 1430 1390 Quem
1456 1329 1604 1379 murum

334 1441 336 1448 ·
378 1417 594 1513 integritati,
610 1425 675 1492 aut
691 1416 829 1491 vallum
847 1416 929 1498 fidei
947 1418 1184 1515 providemus,
1205 1419 1236 1492 si
1256 1417 1338 1494 euri
1363 1443 1465 1495 sacra
1490 1418 1605 1492 fames

259 1595 262 1602 .
378 1530 612 1628 penetrabilia
629 1531 836 1606 veneranda
853 1531 1054 1631 proserpit?
1071 1529 1166 1616 Quid
1184 1529 1336 1627 denique
1353 1540 1501 1604 cautum
1526 1553 1606 1604 esse

379 1643 518 1743 poterit,
535 1655 599 1718 aut
615 1669 783 1720 securum
806 1645 837 1718 si
856 1644 991 1718 sanitas
1008 1643 1217 1742 incorrupta
1234 1643 1608 1739 corrumpatur‘ices-

381 1768 434 1832 set
449 1756 635 1832 Altaribus
648 1757 837 1832 imminere
851 1757 1020 1854 profanus
1033 1757 1137 1831 ardor
1150 1755 1315 1844 avaritie,
1331 1781 1353 1829 a
1369 1755 1482 1830 sacris
1498 1753 1606 1830 editis

325 1911 326 1914 =
379 1867 574 1967 repellatur
592 1869 771 1966 peculiare
793 1869 984 1964 flagitium.
1010 1874 1065 1946 Ita
1090 1881 1213 1946 castus
1237 1880 1274 1944 et
1299 1868 1447 1944 humilis
1472 1869 1607 1944 nostris

378 1982 596 2078 temporibus
614 1981 771 2078 eligatur
789 1981 996 2080 Episcopus
1017 1993 1059 2058 ut
1084 1983 1242 2058 locorum
1268 2005 1504 2080 quaecumque
1528 2006 1606 2080 per·

381 2093 532 2183 venerit,
550 2094 668 2168 omnia
687 2095 772 2168 vita
789 2094 938 2192 propriae
954 2094 1164 2192 integritate
1185 2095 1360 2194 purificet.
1376 2099 1458 2170 Non
1479 2096 1605 2192 pretio,

378 2209 439 2285 sed
455 2208 623 2306 precibus
640 2209 825 2283 ordinetur
843 2210 1015 2283 Antiates.
1033 2213 1188 2283 Tantum
1202 2208 1247 2282 'ab
1263 2207 1399 2282 ambitu
1413 2207 1516 2282 debet
1527 2229 1606 2280 esse

378 2322 553 2420 sepositus
571 2331 612 2396 ut
629 2331 810 2420 qnaeratur
828 2321 1020 2417 cogendus,
1035 2332 1184 2418 rogatus
1198 2322 1351 2407 recedet,
1365 2320 1540 2394 invitatus
1557 2317 1608 2394 el*-

379 2436 512 2533 fugiat.
530 2436 611 2511 Sola
629 2422 684 2509 illi
702 2435 922 2531 suffragetur
940 2436 1137 2512 necessitas
1153 2435 1369 2509 excusantis.
1386 2433 1548 2508 Profecto
1573 2457 1609 2506 e·

263 2559 272 2588 ’·
378 2550 454 2624 nim
472 2549 645 2646 indignus
658 2543 713 2623 est
726 2548 933 2640 sacerdotio,
946 2549 1016 2622 nisi
1030 2548 1143 2622 fuerit
1155 2549 1340 2623 ordinatus
1353 2545 1500 2620 invitus.
1513 2545 1608 2620 Cum

380 2687 466 2738 sane
483 2662 646 2770 quisquis
663 2661 756 2737 hanc
774 2673 937 2738 sanctam
962 2673 998 2737 et
1025 2663 1265 2738 venerandam
1286 2657 1461 2760 antistitis
1485 2658 1606 2732 sedem

379 2776 529 2873 pecunie
546 2776 792 2849 interventum
811 2775 959 2864 subisse,
975 2785 1040 2849 aut
1056 2775 1087 2848 is
1100 2775 1162 2872 qui
1175 2775 1329 2850 alterum
1343 2773 1533 2861 ordinaret,
1546 2771 1607 2846 vel

378 2887 530 2984 eligeret
546 2888 727 2984 accepisse
744 2887 937 2982 detegitur,
955 2887 1000 2962 ad
1018 2888 1133 2962 instar
1151 2886 1285 2986 publici
1302 2883 1466 2961 criminis
1483 2893 1519 2958 ct
1531 2883 1606 2958 lese
1658 2937 1663 2948 .

246 3011 248 3014 ’
380 2999 591 3096 magestatis
612 2999 839 3076 accusatione
857 2999 1044 3098 proposita,
1065 3002 1223 3098 agradu
1240 2998 1433 3075 sacerdotis
1458 2995 1608 3072 detrahi.

379 3116 456 3188 Nec
478 3112 542 3188 hos
560 3112 674 3188 solum
692 3113 859 3211 deinceps
876 3112 1006 3189 honore
1023 3115 1170 3214 privari,
1187 3114 1248 3189 sed
1273 3121 1441 3213 perpetue
1466 3131 1606 3208 quoque

379 3225 538 3300 infamiae
555 3225 742 3323 dampnari
759 3225 996 3317 decernimus,
1014 3236 1055 3300 ut
1072 3250 1158 3326 quos
1176 3227 1318 3302 facinus
1334 3223 1545 3322 coinquinat
1569 3230 1607 3296 et

380 3348 508 3436 aequat,
529 3348 698 3437 utrosque
719 3339 848 3414 similis
869 3363 970 3436 paena
990 3340 1190 3416 comitetur.
1202 3341 1294 3414 Data
1315 3339 1403 3413 VIII
1415 3337 1501 3412 Idus
1513 3337 1608 3412 Mar·

379 3452 422 3528 tii
441 3452 564 3528 Conss.
581 3455 721 3528 Zenone
738 3461 775 3528 et
791 3455 927 3554 Mauro.

878 3617 993 3702 CLII.
1019 3615 1099 3715 (tic)

587 3774 636 3824 Ex
654 3771 786 3838 legions
807 3773 913 3826 Caroli
931 3772 965 3826 et
982 3769 1158 3826 Eludovici
1177 3772 1395 3838 Imperatoris.

477 3907 648 3983 Pervenit
664 3907 709 3982 ad
731 3930 794 3982 nos
819 3907 911 4006 quod
936 3908 1097 4004 quaedam
1121 3908 1291 3985 aecclesiae
1312 3933 1355 3983 ac
1378 3906 1606 3998 monasteria,

322 4009 326 4017 ⁵
383 4023 608 4100 decessorum
627 4032 828 4098 nostrorum
846 4023 1082 4097 inmunitates
1106 4021 1284 4109 habentia,
1301 4020 1437 4096 multas
1460 4020 1607 4096 infesta·

384 4138 499 4211 tiones
517 4137 750 4236 patiantur,a
775 4135 999 4232 quibusdam,
1023 4159 1091 4210 nec
1115 4159 1179 4232 per
1203 4133 1339 4210 easdem
1369 4133 1605 4208 inmunitates

383 4250 497 4325 ullam
514 4249 730 4325 defensionis
746 4249 934 4323 tuitionem
951 4247 1081 4322 hebere
1099 4247 1252 4336 valeant,
1269 4255 1410 4344 propter
1427 4246 1495 4321 hoc
1511 4246 1602 4343 quod

382 4364 427 4437 ab
441 4363 702 4437 inmunitatum
722 4361 990 4437 temeratoribus
1004 4360 1154 4449 dicatur,
1166 4384 1236 4434 non
1250 4359 1331 4457 plus
1344 4359 1604 4432 inmunitatum

382 4475 525 4550 nomine
540 4474 739 4576 complecti,
752 4499 859 4574 qnam
875 4473 1033 4550 claustra
1047 4471 1253 4548 monasterii
1267 4471 1325 4548 vel
1338 4471 1519 4549 eccclesia.
1532 4470 1606 4547 (3ae-
