3646 5292
910 423 1108 488 -230-

398 571 512 622 versa.
530 543 712 621 Mendicat
728 543 853 619 infelix
869 543 907 618 in
925 543 1052 642 plateis
1065 545 1195 634 clerus,
1207 551 1244 620 et
1258 542 1381 620 servili
1400 566 1502 642 opere
1521 568 1617 618 man·

395 661 547 759 cipetuS,
563 656 705 756 publica
727 657 771 732 de
788 656 944 754 quolibet
959 657 1117 756 deposcit
1140 657 1407 746 helemosinam,
1425 657 1486 755 qui
1511 681 1555 732 ex
1578 681 1617 734 eo

396 770 514 868 magis
531 769 737 868 despicitur,
754 793 776 842 a
793 770 927 861 cuntis,
947 771 1090 866 miseria
1107 771 1286 867 desolatus
1302 771 1395 848 iuste
1413 779 1561 869 putatur
1573 771 1616 846 ad

393 883 489 959 hanc
514 881 751 981 ignominiam
778 883 972 960 devenisse.
998 885 1105 961 Solus
1129 885 1315 985 episcopus
1340 883 1488 960 incubat
1508 883 1618 973 donis,

394 997 492 1073 solus
505 997 620 1073 utitur
633 996 843 1088 ministerio
856 997 952 1073 solus
965 997 1033 1074 sibi
1046 998 1214 1076 vendicat
1230 997 1411 1085 universa,
1429 995 1526 1071 solus
1542 1020 1620 1095 par-

394 1123 449 1189 tes
464 1110 604 1187 invadit
619 1110 767 1202 alienas,
784 1109 882 1187 solus
897 1112 1028 1190 occidit
1040 1113 1238 1203 universos,
1252 1111 1338 1187 hinc
1351 1109 1458 1187 etiam
1477 1119 1617 1209 propter

395 1223 587 1299 avaritiam
604 1224 828 1301 sacerdotum
846 1251 986 1325 semper
1003 1226 1082 1300 odia
1102 1235 1340 1323 consurgunt,
1356 1223 1443 1299 hinc
1467 1221 1621 1322 episcopi
1659 1321 1660 1324 Ἴ

396 1346 615 1414 accusantur
631 1361 653 1410 a
669 1336 822 1432 clericis,
839 1336 926 1414 binc
944 1339 1160 1438 principium
1178 1339 1265 1428 litis,
1282 1339 1368 1414 hinc
1392 1336 1622 1413 detractionis

398 1473 519 1539 causa,
535 1447 622 1524 binc
646 1447 748 1544 origo
765 1450 805 1523 fit
817 1449 990 1525 criminin
1008 1454 1152 1528 Etenim
1172 1455 1202 1529 si
1228 1452 1475 1552 unnsquisque
1493 1451 1530 1525 in
1556 1451 1622 1526 hoc

398 1563 532 1638 mundo
549 1561 742 1638 visibiliter
765 1563 943 1662 possidere
961 1566 1162 1657 mandatur,
1179 1579 1221 1643 ut
1241 1594 1306 1642 sua
1322 1574 1464 1642 tanturn
1483 1565 1531 1640 sit
1547 1587 1622 1663 pos-

396 1675 552 1753 sessione
564 1685 764 1767 contentus,
777 1702 820 1754 ac
832 1703 889 1754 res
901 1703 972 1754 non
985 1681 1134 1755 invadat
1146 1680 1294 1770 alienas,
1306 1703 1377 1755 non
1390 1701 1522 1774 agrum
1536 1703 1622 1776 pau-

397 1789 492 1890 peris
500 1787 602 1864 tollat
610 1813 680 1864 non
688 1790 843 1882 vineam,
852 1815 922 1868 non
935 1793 1208 1870 subiuncturum
1221 1793 1367 1892 aliquid,
1377 1815 1447 1866 non
1456 1790 1632 1880 famulos,-

398 1926 469 1978 non
494 1903 665 1992 fructum,
690 1913 823 2002 quanto
845 1905 962 2002 magis
984 1909 1046 2005 qui
1064 1907 1234 1984 aecclesiae
1251 1907 1317 1983 Dei
1342 1930 1493 2005 praeesse
1509 1905 1623 1995 debet,

397 2020 449 2094 ita
460 2019 498 2093 in
512 2017 677 2093 omnibus
689 2044 833 2096 servare
846 2021 1034 2112 iustitiam,
1051 2031 1092 2096 ut
1109 2019 1176 2097 boo
1188 2019 1256 2095 sibi
1269 2019 1445 2110 vendicet,
1457 2019 1550 2117 quod
1561 2017 1620 2093 sui

397 2131 490 2206 iuris
514 2156 591 2207 esse
616 2132 827 2228 cognoscit?
853 2134 981 2210 Aliena
1002 2161 1074 2212 non
1100 2135 1226 2235 rapiat,
1250 2135 1368 2210 aliena
1394 2159 1464 2209 non
1480 2143 1620 2231 tangat,

397 2245 572 2345 aequalem
589 2268 627 2320 se
644 2246 783 2320 caeteris
807 2246 926 2322 faciat.
953 2251 1000 2322 Et
1021 2249 1117 2324 sicut
1142 2249 1220 2325 sine
1245 2249 1356 2324 bisin
1374 2247 1623 2325 ecclesianon

399 2359 481 2448 fuit,
494 2358 545 2432 ita
560 2367 597 2433 et
608 2357 687 2434 sine
700 2358 758 2432 bis
774 2357 812 2432 in
827 2360 1017 2437 ministerii
1030 2361 1292 2460 dispensatione
1306 2386 1376 2437 non
1390 2361 1501 2436 vivat.
1518 2363 1624 2439 Certe

400 2482 442 2548 ut
465 2473 541 2574 ipse
561 2471 704 2562 novisti,
722 2472 782 2572 qui
800 2473 992 2552 visibiliter
1012 2474 1050 2547 in
1067 2475 1134 2552 hoc
1152 2475 1284 2550 mundo
1301 2473 1526 2549 insinuandis
1542 2473 1626 2550 alic·

398 2613 499 2677 num,
511 2587 702 2662 accusetur
715 2610 735 2658 a
749 2611 913 2686 paupere,
929 2588 1121 2664 damnatur
1137 2615 1158 2663 a
1176 2589 1303 2665 indice.
1325 2593 1380 2664 Ita
1398 2589 1436 2662 in
1462 2587 1625 2664 aecclesia

400 2699 466 2776 Dei
487 2724 571 2776 cum
597 2699 843 2798 unusquisque
868 2701 1043 2800 stipendia
1064 2727 1130 2777 sua
1147 2703 1273 2802 perdit,
1296 2703 1430 2779 clamat
1446 2702 1490 2776 ad
1507 2701 1626 2777 Domi·

399 2839 500 2904 num,
517 2813 664 2888 auditur
677 2838 698 2887 a
713 2812 865 2890 Christe.
878 2819 954 2892 Nec
972 2816 1134 2904 differtur
1148 2816 1296 2892 ultionis
1309 2817 1498 2906 sententia,
1510 2816 1541 2890 si
1554 2839 1626 2890 non

400 2928 571 3005 sedantur
589 2927 768 3004 universa.
785 2929 977 3007 Moderatio
994 2931 1090 3006 enim
1118 2929 1186 3006 Dei
1211 2955 1255 3006 ac
1280 2929 1403 3028 pietas,
1427 2929 1543 3005 solum
1566 2953 1627 3006 no·

400 3051 516 3120 strum
530 3041 683 3118 reditum
697 3043 890 3141 queritas
907 3068 971 3120 nos
987 3045 1089 3144 cupit
1105 3045 1213 3143 longa
1231 3071 1296 3119 sna
1309 3044 1466 3120 bonitate
1479 3043 1624 3120 salvari.

401 3156 440 3230 Si
458 3179 528 3230 non
541 3155 775 3246 convertitur,
788 3155 820 3230 si
833 3157 914 3231 duri
931 3156 1013 3233 colli
1027 3184 1165 3248 sumus,
1182 3157 1212 3233 si
1227 3159 1264 3231 in
1282 3156 1437 3257 peccatis
1450 3182 1564 3256 usque
1579 3157 1625 3234 ad

404 3277 551 3346 mortem
564 3268 691 3346 illicite
704 3271 952 3368 perduramus,
965 3272 1107 3349 assidue
1120 3280 1327 3372 peccantem
1345 3271 1440 3346 siout
1451 3271 1624 3369 scriptum

401 3392 457 3462 est
473 3387 570 3460 Deus
585 3406 655 3460 non
675 3383 874 3462 miseretur.

942 3521 1085 3606 ovlffl.

851 3698 943 3754 Idem
962 3697 1007 3752 ad
1024 3697 1172 3752 eundern

498 3840 575 3913 Nec
587 3858 655 3933 ego
667 3835 745 3913 dico
754 3836 988 3934 presentibus
1002 3832 1186 3935 Episcopis
1198 3831 1287 3920 suis,
1300 3842 1408 3932 atque
1421 3829 1624 3908 astantibus

404 3951 443 4025 in
470 3948 598 4024 altario
622 3947 848 4048 presbyteros
874 3972 973 4047 posse
999 3957 1224 4025 sacramenta
1248 3947 1433 4039 conficere,
1456 3946 1518 4023 sod
1542 3945 1626 4044 quia

404 4064 580 4162 scriptum
599 4069 662 4138 est.
680 4061 885 4162 Presbyteri
904 4061 1063 4162 dupplici
1081 4060 1213 4136 bonore
1231 4058 1460 4148 honorantur,
1474 4057 1628 4134 maxime

404 4177 467 4278 qni
484 4176 647 4252 laborant
663 4176 700 4249 in
717 4177 826 4252 verbo
844 4176 908 4253 Dei
930 4175 1123 4275 praedicare
1141 4197 1200 4250 eos
1218 4173 1327 4249 decet.
1345 4172 1441 4249 Utile
1458 4182 1513 4246 est
1525 4171 1628 4247 bene·

404 4292 532 4369 dicere.
549 4290 759 4387 Congruum
778 4299 832 4365 est
849 4292 1073 4365 confirmare.
1099 4287 1277 4364 Convenit
1302 4285 1447 4361 reddere
1472 4309 1628 4361 commu-

405 4405 558 4482 nionem.
569 4407 724 4481 Necesse
733 4413 788 4478 est
797 4403 943 4480 visitare
957 4404 1128 4492 infirmos
1144 4425 1245 4477 orare
1254 4424 1317 4500 pro
1330 4399 1510 4490 invalidis,
1522 4408 1628 4499 atque

405 4517 524 4595 omnia
540 4516 607 4594 Dei
623 4527 846 4594 sacramenta
863 4517 1050 4616 complere.
1066 4519 1180 4593 Nemo
1196 4515 1256 4592 hic
1274 4514 1518 4615 episcoporum
1538 4513 1629 4592 invi·
