3646 5292
732 395 927 458 -249-

216 514 370 591 sitatem.
387 513 489 603 Quod
505 514 536 590 si
553 538 624 591 non
642 514 778 605 fecerit,
796 538 878 591 reus
896 517 967 591 Deo
984 524 1020 591 et
1036 525 1159 592 sancto
1176 515 1338 607 coneili0,
1356 539 1439 590 veu-

215 627 308 704 ditor
323 627 454 704 honore
471 627 602 704 amisso
618 637 791 706 teneatur.

780 832 874 918 XVI.

547 1036 630 1088 Item
647 1035 680 1087 tn
693 1035 815 1088 eodem
835 1049 907 1104 cap.
927 1038 1105 1090 xxxvm.

313 1200 402 1272 Item
412 1196 560 1296 placuit,
569 1205 610 1272 ut
618 1197 784 1298 episcopi,
798 1199 1011 1300 presbyteri,
1020 1199 1171 1290 diaconi,
1181 1210 1216 1275 et
1225 1199 1441 1298 quicumque

215 1309 337 1388 elerici
355 1310 418 1409 qui
434 1309 548 1385 nichil
565 1310 709 1400 habent,
727 1311 950 1403 ordinantur,
975 1323 1010 1390 et
1035 1323 1191 1412 tempore
1208 1312 1442 1410 episcopatus,

218 1424 277 1500 vel
294 1425 487 1502 clericatus
504 1424 562 1499 sui
578 1449 686 1522 agros
698 1425 757 1502 vel
771 1429 1007 1527 quaecumque
1020 1427 1133 1526 pretia
1146 1425 1283 1501 nomini
1300 1448 1364 1501 suo
1382 1425 1442 1501 vel

217 1563 281 1638 per
305 1538 418 1614 alium
444 1539 688 1616 excusandum
715 1551 931 1638 comparant,
948 1550 1131 1640 tamquam
1150 1565 1270 1616 rerum
1295 1537 1444 1614 domini·

219 1679 344 1730 carum
362 1653 547 1730 invasione
563 1663 767 1745 teneantur,
789 1655 859 1729 nisi
884 1654 1056 1730 admoniti
1078 1655 1116 1728 in
1134 1652 1296 1729 aecclesie
1320 1651 1442 1727 eadem

215 1769 283 1868 ipsi
308 1768 537 1845 contulerint.
555 1769 620 1842 Sin
637 1777 757 1845 autem
777 1769 865 1868 ipsis
886 1769 1026 1868 propria
1050 1768 1265 1844 liberalitate
1286 1765 1442 1842 alicuius

217 1883 277 1958 vel
301 1883 525 1959 successione
550 1881 776 1978 cognationis
800 1882 936 1980 aliquid
959 1881 1180 1971 obvenerint,
1204 1880 1340 1957 faciant
1360 1879 1442 1955 inde

214 1997 307 2095 quod
330 2020 452 2072 eorum
470 1997 644 2095 proposito
661 1995 840 2094 congruit.
859 1995 1003 2084 Quodsi
1016 2019 1114 2071 asuo
1127 1993 1302 2094 proposito
1316 2002 1442 2068 retror-

216 2136 296 2185 sum
313 2110 604 2203 exorbitaverint,
619 2111 751 2188 honore
769 2109 1011 2187 ecclesiastico
1028 2119 1211 2209 tamquam
1229 2107 1374 2206 indigni
1388 2133 1442 2181 ar·

216 2232 376 2300 ceantur.

773 2349 887 2434 XVII.

595 2529 633 2579 In
651 2527 767 2581 eodem
786 2538 857 2593 cop.
877 2527 1072 2580 XXXVIIII.

316 2685 406 2757 Item
424 2681 534 2758 etiam
552 2681 701 2781 placuit,
718 2691 760 2757 ut
776 2680 976 2781 presbyteri
995 2706 1064 2757 non
1082 2681 1240 2758 vendant
1253 2704 1310 2756 res
1322 2679 1444 2754 aeccle·

219 2795 282 2871 siae
298 2795 360 2872 ubi
376 2803 462 2871 sunt
479 2797 668 2872 constituti
685 2796 929 2874 nescientibus
954 2795 1128 2895 episcopis
1152 2795 1237 2870 suis.
1262 2793 1442 2882 Quomodo

222 2934 289 2986 nec
302 2909 474 3008 episcopis
487 2911 574 2986 ltcet
586 2910 742 2986 vendere
759 2908 873 3008 pretia
887 2909 1058 2986 aecclesiae
1074 2908 1276 2985 inconsulto
1292 2905 1443 2984 concilio

222 3023 281 3100 vel
298 3031 427 3100 cuncto
444 3023 666 3124 presbyterio
682 3021 761 3099 sine
779 3021 854 3097 ulla
872 3023 1096 3100 necessitate.

765 3225 896 3311 XVIII.

682 3429 719 3482 In
736 3428 809 3483 eod.
830 3442 902 3497 cap.
922 3431 987 3484 11..

321 3593 493 3695 Episcopo
511 3616 581 3668 non
598 3591 708 3670 liceat
724 3589 885 3669 matricis
895 3591 1069 3671 ecclesie
1083 3617 1140 3670 res
1153 3591 1246 3669 idest
1258 3589 1356 3668 tituli
1370 3615 1447 3690 pre-

223 3708 360 3808 sbyteri
377 3708 435 3784 sui
453 3731 636 3806 usurpare.

759 3833 908 3919 XVIIII.

361 4031 443 4086 Item
462 4043 503 4085 ex
521 4031 661 4084 Concilio
681 4031 711 4082 11
729 4031 866 4096 Eugenii
883 4031 946 4082 1³1².
966 4040 1040 4081 eum
1058 4029 1221 4096 episcopis
1240 4029 1311 4080 LXI

503 4121 537 4174 et
554 4123 670 4174 Leonis
688 4122 749 4173 1111
769 4133 842 4173 cum
861 4118 1024 4185 episcopis
1042 4117 1169 4170 LXVII.

296 4275 400 4352 Nulli
418 4275 671 4375 Episcoporum
688 4276 795 4352 liceat
812 4299 868 4349 res
884 4273 927 4376 de
945 4272 1116 4348 subiectis
1133 4271 1294 4371 plebibus
1312 4281 1348 4346 ct
1364 4271 1447 4346 aliis

226 4389 295 4490 piis
312 4389 400 4465 loeis
417 4390 454 4464 iu
472 4391 629 4489 proprios
646 4417 732 4466 usus
749 4390 887 4468 habere.
905 4391 1038 4468 Contra
1055 4413 1170 4489 agens
1188 4388 1359 4466 canonica
1384 4415 1447 4463 au-

229 4503 394 4584 ctoritate
411 4513 652 4585 coerceantur.
