3638 5294
913 413 1110 476 -510-

399 538 490 618 rant,
507 539 543 605 et
563 530 657 630 passi
673 530 964 627 persecutionem.
978 531 1043 606 Ille
1064 554 1148 606 vero
1160 553 1270 628 quare
1293 553 1362 604 non
1377 529 1474 604 misit
1487 529 1621 604 habens

399 644 591 740 potentiam
607 653 643 718 et
661 645 845 734 virtutem,
860 645 1031 742 quomodo
1044 645 1144 721 venit
1157 644 1348 719 Zacharias
1361 645 1546 742 episcopus
1563 665 1622 718 no·

398 757 473 830 stis.
481 761 613 832 Nunne
623 758 765 832 vidistis
775 758 812 831 in
822 757 1083 834 humanitatem
1095 757 1173 833 eius
1182 757 1355 855 quomodo
1363 767 1622 853 contempnunt

399 872 643 969 Apostolicum
657 883 694 948 et
707 873 800 948 hanc
814 873 991 970 synodum
1005 881 1177 948 sanctam.
1192 873 1280 945 Item
1297 868 1514 968 Apocrisarii
1527 869 1621 942 dixe·

400 995 493 1059 runt.
501 983 718 1060 Volebamus
732 998 925 1062 retractare
939 985 1093 1084 primum
1109 983 1282 1057 iudicium
1297 991 1333 1056 et
1345 981 1619 1076 iudicarelgna·

395 1096 498 1184 tium,
515 1097 614 1172 insta
633 1123 763 1173 morem
783 1101 963 1176 canonicae
975 1095 1251 1183 constitutionis,
1265 1093 1326 1168 ille
1340 1117 1423 1168 vero
1435 1118 1457 1166 a
1470 1115 1615 1190 conspe-

397 1217 496 1281 ctum
514 1218 675 1283 nostrum
694 1211 911 1306 dedignatur
929 1210 1062 1286 venire.
1076 1209 1170 1297 Quid
1184 1207 1331 1283 dicitis?
1344 1207 1510 1304 Episcopi
1523 1207 1619 1282 dixe·

399 1331 493 1394 runt.
511 1321 700 1418 Oportebat
716 1347 797 1416 eum
815 1323 937 1398 adesse
954 1333 990 1398 et
1008 1323 1215 1420 respondere
1227 1321 1384 1396 obiectis.
1398 1319 1498 1406 Quod
1515 1320 1546 1392 si
1561 1343 1620 1393 no·

397 1430 516 1519 luerit,
533 1431 702 1528 legantur
719 1457 880 1509 canones.
900 1439 990 1509 Item
1009 1435 1175 1532 Ignatius
1192 1434 1292 1508 dixit.
1312 1437 1389 1528 Ego
1406 1455 1476 1506 non
1501 1432 1620 1529 appel·

397 1544 471 1616 lavi
489 1547 648 1634 Romam,
661 1571 727 1622 nec
741 1548 888 1645 appello.
906 1549 1006 1636 Quod
1023 1549 1136 1622 vultis
1153 1547 1322 1622 iudicare.
1338 1545 1555 1642 Apocrisarii
1568 1545 1618 1618 di·

396 1668 535 1732 xerunt.
553 1662 767 1734 Potestatem
781 1659 953 1736 habemus
967 1661 1186 1748 canonicam,
1200 1659 1295 1734 sicut
1310 1657 1410 1731 missi
1424 1669 1460 1732 et
1475 1658 1618 1731 univer-

398 1769 484 1843 salis
496 1773 611 1868 Papae.
624 1775 791 1868 Ignatius
808 1773 1007 1850 dixitDate
1019 1775 1158 1850 litteras
1173 1777 1277 1869 Papae
1295 1796 1383 1869 quas
1401 1771 1502 1845 misit
1519 1770 1618 1844 mihi.

397 1885 613 1980 Apocrisarii
631 1886 807 1962 dixerunt.
824 1889 978 1964 Litteras
1003 1887 1068 1961 tibi
1094 1911 1164 1961 non
1192 1885 1300 1959 misit.
1325 1884 1494 1980 Ignatius
1519 1883 1619 1956 dixit.

397 1999 585 2095 Propterea
602 2023 664 2075 vos
681 2026 752 2075 non
770 2002 901 2099 recipio
918 2002 1063 2076 iudices
1082 2001 1299 2098 Apocrisarii
1317 1999 1496 2074 dixerunt.
1515 1999 1617 2072 Reci-

394 2135 476 2208 pere
493 2135 557 2185 nos
573 2112 678 2187 debes
695 2113 863 2212 quoniam
883 2114 981 2188 missi
1000 2139 1126 2188 sumus
1143 2115 1187 2188 ab
1201 2137 1240 2187 eo
1254 2123 1290 2186 et
1304 2113 1398 2188 iuste
1411 2123 1447 2187 te
1460 2111 1619 2186 iudicare

396 2224 574 2299 debemus.
586 2228 753 2322 Ignatius
766 2227 864 2302 dixit.
874 2231 962 2314 Quae
975 2227 1113 2301 iustitia
1125 2237 1179 2301 est
1193 2227 1276 2324 quia
1289 2225 1430 2300 litteras
1445 2225 1533 2298 mihi
1549 2207 1630 2297 non⁰

396 2337 599 2414 attulistis?
613 2339 706 2426 Quia
719 2363 803 2415 vero
816 2341 954 2415 litteras
967 2340 1056 2413 mihi
1070 2363 1139 2414 non
1153 2337 1361 2426 adduxistis
1374 2363 1441 2413 neo
1453 2361 1521 2433 ego
1534 2337 1620 2411 reci-

395 2450 452 2547 pio
469 2474 542 2525 vos.
556 2453 730 2538 Quamvis
744 2463 780 2526 et
792 2451 932 2528 litteras
944 2452 1122 2528 haberetis
1135 2453 1229 2527 sicut
1243 2451 1403 2524 missosa
1417 2449 1618 2523 Gaudentio

395 2573 431 2637 et
443 2563 650 2639 Innocentio
668 2565 825 2662 recipere
843 2589 906 2640 vos
923 2565 1042 2640 habui.
1053 2563 1269 2661 Apocrisarii
1283 2563 1461 2637 dixerunt.
1472 2561 1527 2634 Ab
1541 2561 1619 2634 uui-

400 2676 533 2758 rersali
544 2680 641 2774 Papa
650 2677 811 2775 Nycolao
824 2678 925 2752 missi
940 2703 1005 2753 nec
1018 2678 1139 2751 minus
1152 2676 1384 2751 aGaudentio
1400 2685 1437 2748 et
1449 2677 1618 2748 Innocen-

394 2789 445 2863 tio
460 2789 647 2863 mittimur.
657 2793 794 2865 Neutro
807 2801 842 2866 et
855 2791 980 2864 horum
994 2791 1244 2866 sanctissimus
1253 2794 1349 2887 Papa
1362 2799 1482 2862 noster
1494 2788 1618 2863 estmi-

394 2926 469 2991 nor,
489 2903 549 2978 sed
567 2903 662 2978 sicut
678 2904 861 3001 apostolici
882 2905 1011 2991 throni,
1027 2903 1079 2977 ita
1103 2913 1139 2977 et
1155 2903 1334 2976 virtutum
1352 2923 1537 2974 successor
1554 2909 1616 2988 est,

395 3025 431 3090 et
449 3025 625 3113 precepta
643 3039 762 3092 eorum
781 3017 956 3116 complere
979 3016 1146 3091 volumus
1164 3026 1200 3092 et
1216 3039 1370 3093 canones
1386 3015 1615 3102 custodimus,

395 3138 432 3202 et
448 3128 675 3226 apostolicam
694 3131 943 3206 auctoritatem
961 3131 1133 3205 habemus
1146 3130 1190 3203 ad
1203 3129 1388 3225 negotium
1402 3129 1613 3203 tuumltem

394 3243 561 3336 Ignatius
578 3241 681 3316 dixit.
699 3245 744 3315 Et
766 3242 843 3318 siue
859 3243 977 3318 iudice
995 3245 1035 3318 fit
1060 3243 1262 3318 iudicium?
1285 3241 1503 3342 Apocrisarii
1521 3239 1612 3313 dixe-

394 3362 489 3426 runt.
507 3356 579 3428 Nos
596 3363 632 3428 et
649 3364 773 3428 sancta
791 3355 950 3454 synodus
967 3355 1104 3431 iudices
1121 3381 1256 3430 sumus.
1273 3355 1440 3452 Ignatius
1460 3353 1559 3426 dixit.
1576 3351 1612 3424 Si

394 3463 573 3539 haberetis
590 3464 730 3540 litteras
742 3465 787 3540 ad
805 3491 873 3555 mc,
886 3469 1010 3564 utique
1024 3493 1086 3542 vos
1100 3469 1321 3566 recepissem.
1337 3465 1553 3565 Apocrisarii
1566 3465 1613 3538 di-

393 3585 533 3650 xerunt.
545 3577 648 3652 Nosti
668 3579 759 3674 quod
777 3587 931 3676 tempore
944 3581 1128 3656 Benedicti
1144 3584 1258 3678 Papae,
1271 3589 1449 3654 venerunt
1461 3575 1613 3676 episcopi

394 3691 539 3762 Romam
552 3687 791 3765 reclamantes
803 3702 926 3767 contra
939 3702 975 3768 te
990 3693 1104 3767 multa
1117 3703 1154 3768 et
1166 3692 1352 3788 gravia,et
1366 3693 1463 3766 misit
1473 3696 1613 3788 Aposto-

393 3801 678 3900 licusepistolam
693 3803 770 3892 tibi,
780 3813 821 3878 nt
833 3804 875 3878 de
889 3815 988 3903 parte
1003 3815 1101 3881 tuam
1117 3805 1280 3879 mitteres
1289 3804 1479 3902 aliquos,et
1488 3803 1584 3877 nonl
1602 3842 1613 3856 ·

392 3913 484 3990 cisti.
501 3915 668 4010 Ignatius
685 3916 784 3990 dixit.
802 3918 901 4004 Quod
919 3917 1050 3993 videtis
1067 3917 1220 4013 contigit
1234 3917 1321 3991 mihi
1336 3917 1412 3992 ideo
1430 3941 1498 3991 non
1517 3915 1612 4013 potui

394 4027 546 4102 mittere.
563 4031 652 4102 Item
667 4029 833 4124 Ignatius
851 4029 951 4103 dixit.
968 4031 1157 4128 Recipiant
1173 4055 1232 4105 eos
1249 4030 1293 4103 ad
1311 4053 1398 4126 quos
1411 4029 1552 4104 litteras
1563 4039 1612 4102 ut·

392 4139 566 4215 tulerunt.
582 4143 777 4238 Imperator
794 4141 893 4216 dixit.
905 4141 1036 4238 Accipe
1055 4143 1310 4239 litterasPapae
1327 4153 1368 4216 ut
1385 4141 1553 4218 iudiceris
1569 4141 1623 4214 ab'

392 4253 454 4339 eis,
471 4261 507 4326 et
525 4253 641 4349 recepi
654 4277 712 4327 eos
726 4254 915 4351 imperium
931 4266 1091 4329 nostrum
1106 4264 1143 4330 et
1155 4279 1277 4329 omues
1291 4254 1451 4329 aeclesia
1467 4254 1611 4327 iudices.

392 4367 481 4437 Item
500 4363 675 4438 Iohannes
694 4365 997 4465 protospatharius
1013 4368 1111 4443 dixit.
1130 4367 1229 4442 Dixit
1246 4368 1414 4462 Ignatius
1432 4391 1501 4442 non
1521 4367 1610 4440 iudi·

391 4501 461 4563 cor,
478 4478 562 4571 quia
580 4475 717 4553 iudices
736 4477 833 4552 missi
851 4503 921 4554 non
938 4480 1034 4554 estis.
1048 4486 1080 4555 A
1094 4501 1226 4574 magno
1244 4479 1362 4554 iudice
1376 4483 1475 4576 Papa
1490 4483 1611 4554 Roma·
