3618 5316
909 385 1105 451 -294-

398 503 447 580 ita
460 504 715 604 disponendum
730 513 794 596 cst,
803 514 843 580 ut
853 503 907 579 illi
921 529 1010 580 suus
1022 505 1121 582 labor
1133 506 1182 584 sit
1195 505 1307 597 utilis,
1315 505 1621 583 etdetrimentum

397 621 649 698 ecclesiastica
678 647 735 698 res
764 645 833 697 non
859 629 1067 718 agnoscant.
1093 619 1244 696 Proinde
1268 619 1411 694 domum
1437 643 1521 696 cum
1542 619 1622 694 orto

396 759 461 810 suo
477 736 628 834 positam
646 735 685 810 in
701 735 770 813 hac
788 735 874 810 urbe
891 739 1002 810 Roma
1019 734 1120 808 iuxta
1140 742 1276 808 termas
1300 733 1541 810 Diocletianas
1566 760 1622 811 re·

396 851 505 948 gione
522 854 554 924 A
572 876 656 927 cum
674 849 838 924 omnibus
854 849 899 924 ad
916 873 994 925 eam
1013 848 1286 948 pcrtinentibus
1303 848 1370 925 tibi
1387 848 1426 923 iu
1439 851 1621 924 XXVIIII

397 989 572 1041 annorum
590 964 705 1062 spatia
721 964 766 1039 ad
782 989 896 1038 unum
910 962 990 1036 auri
1003 962 1156 1038 solidum
1170 963 1443 1063 persolvendum
1461 963 1621 1059 singulis

397 1081 596 1181 quibusque
609 1079 714 1154 annis
727 1078 924 1154 rationibus
937 1074 1188 1155 ecclesiasticis
1201 1077 1380 1177 pensionis
1393 1078 1624 1177 nominepos·

398 1193 583 1270 sidendsm
596 1192 833 1270 concedimus.
845 1195 922 1269 Nec
934 1202 971 1268 tc
983 1191 1111 1269 exinde
1123 1190 1203 1280 eici,
1215 1191 1274 1266 vel
1286 1200 1523 1289 augmentum
1538 1217 1624 1291 pen·

398 1308 508 1384 sIonis
524 1307 601 1384 illic
618 1306 871 1385 constituimus
896 1307 1160 1406 imponendum.
1186 1309 1241 1382 Ita
1266 1332 1363 1398 sane,
1381 1316 1423 1382 ιιι
1446 1307 1623 1406 reparatio

398 1424 557 1501 eiusdem
574 1423 755 1498 demusin
772 1422 914 1500 cunctis
936 1420 1154 1497 utilitatibus
1178 1420 1333 1513 studere,
1353 1420 1449 1496 sicut
1465 1421 1624 1518 diligens

321 1551 323 1555 '
398 1536 657 1637 paterfamilias
677 1537 813 1614 debeas.
827 1540 911 1612 Post
931 1538 1005 1613 XX
1021 1557 1106 1611 vero
1123 1535 1229 1610 VIIII
1245 1559 1420 1610 annorum
1438 1536 1624 1612 curricula

375 1692 377 1698 ·
399 1653 521 1728 eadem
540 1652 666 1728 domus
683 1677 766 1728 cum
784 1661 859 1728 orto
875 1673 939 1726 suo
956 1650 1001 1725 ad
1021 1649 1079 1724 ius
1103 1659 1237 1726 sanctae
1258 1653 1425 1726 Romanae
1441 1650 1624 1742 aecclesiae,

399 1765 505 1843 cuius
522 1775 576 1841 est
593 1766 787 1865 proprietas
806 1765 884 1841 sine
901 1763 1007 1840 dubio
1028 1773 1241 1854 revertatur,
1259 1790 1326 1841 nec
1343 1764 1480 1864 aliquid
1496 1790 1541 1840 ex
1564 1765 1623 1840 his

399 1905 478 1979 quae
491 1878 527 1952 in
543 1879 622 1954 eius
635 1878 878 1954 melioratione
896 1902 1091 1976 expensum
1108 1877 1230 1969 fuerit,
1243 1878 1302 1954 vel
1314 1903 1336 1953 a
1350 1889 1385 1954 te
1401 1879 1460 1953 vel
1477 1877 1551 1952 tuis
1563 1877 1625 1953 he·

400 1992 542 2069 nedibus
559 1992 607 2068 sit
623 1993 805 2091 repetendi
823 1991 981 2082 licentia,
997 1993 1082 2091 quia
1100 1993 1250 2069 rationis
1266 1995 1348 2070 ordo
1369 2017 1439 2068 non
1462 1993 1561 2084 sinit,
1580 2003 1623 2068 ιιι

406 2107 457 2183 rei
472 2106 714 2184 melioratione
723 2131 914 2206 expensam
925 2117 1062 2205 repetet
1074 2133 1153 2207 quae
1166 2107 1203 2183 in
1217 2109 1337 2185 eadem
1352 2107 1520 2207 pensione
1532 2133 1625 2204 aug-

401 2231 561 2298 mentum
582 2245 652 2296 non
667 2219 817 2318 recepit.
831 2223 923 2296 Data
944 2219 1066 2298 Idibus
1080 2222 1285 2300 Decembris
1302 2223 1497 2300 indictione
1509 2225 1619 2299 XIIII

400 2359 495 2411 anno
508 2334 650 2410 Domini
668 2333 719 2410 ill.

938 2469 1095 2556 CXIIII.

498 2674 681 2747 Horremus
693 2693 797 2746 servo
810 2669 875 2745 Dei
890 2669 1036 2746 notario.
1049 2663 1222 2758 Quotiens
1235 2695 1257 2744 a
1270 2670 1371 2746 nobis
1384 2671 1476 2747 illud
1489 2673 1626 2772 petitur

400 2786 496 2888 quod
513 2784 640 2860 rationi
658 2770 822 2860 noscitur
836 2785 1040 2876 convenire,
1056 2784 1176 2862 animo
1193 2810 1257 2861 nos
1275 2787 1375 2863 decet
1395 2786 1523 2863 libenti
1544 2813 1628 2864 con-

402 2901 538 2980 cedere.
555 2900 706 2999 Ideoque
724 2897 807 2998 quia
826 2899 946 2997 petisti
963 2925 983 2972 a
1002 2899 1103 2975 nobis
1120 2910 1162 2974 ut
1178 2901 1295 2977 casale
1312 2903 1404 3000 quod
1422 2903 1625 3002 appellatur

402 3015 639 3092 Aurelianum
658 3013 695 3088 in
713 3013 856 3110 integro
873 3041 945 3089 una
962 3041 1045 3090 cum
1063 3015 1179 3091 vineis
1196 3015 1272 3091 suis
1290 3016 1444 3115 positum
1463 3017 1522 3092 via
1540 3021 1625 3094 Por·

400 3131 520 3209 tuensi
537 3131 637 3206 iuxta
654 3138 796 3206 sanctos
814 3129 938 3205 Abdon
955 3139 994 3206 et
1009 3132 1162 3218 Sennea,
1181 3138 1408 3228 praestantem
1435 3131 1517 3204 auri
1542 3131 1624 3207 soli-

401 3247 462 3322 dos
479 3248 513 3320 ΙΙ
530 3243 640 3321 semis
658 3243 747 3317 iuris
761 3247 795 3318 S.
809 3247 988 3334 Romanae,
1001 3243 1060 3320 cui
1075 3246 1148 3320 Deo
1160 3253 1305 3320 auctore
1318 3243 1542 3321 deservimus
1559 3270 1626 3322 ac·

401 3359 530 3448 clasiae,
546 3357 612 3432 tibi
629 3357 674 3432 ad
699 3367 838 3434 certum
856 3367 998 3456 tempus
1016 3357 1185 3434 debemus
1203 3359 1406 3435 concedere.
1429 3363 1625 3460 Eapropter

401 3473 511 3550 huius
529 3472 696 3573 praecepti
714 3474 804 3548 serIe
823 3471 962 3562 emissa,
980 3472 1263 3572 suprascriptum
1281 3473 1401 3550 casale
1414 3501 1497 3551 cum
1515 3476 1625 3551 omni-

401 3589 469 3666 bus
485 3587 530 3662 ad
547 3613 585 3663 sc
601 3586 875 3688 pertinentibus,
891 3585 957 3661 tibi
975 3612 996 3659 a
1014 3588 1181 3686 praesenti
1203 3591 1311 3664 XIIII
1329 3589 1534 3683 indictione,
1554 3591 1625 3667 die-

401 3703 468 3778 bus
485 3701 569 3776 vitae
586 3709 658 3775 tua
674 3699 913 3784 concedimus,
927 3699 977 3773 ita
991 3725 1077 3776 sane
1090 3709 1131 3776 ιιι
1148 3726 1169 3773 a
1186 3710 1222 3776 te
1239 3703 1344 3777 annis
1363 3703 1520 3800 singulis
1542 3728 1624 3803 pen·

402 3816 512 3892 sionis
529 3815 673 3890 nomine
690 3813 887 3889 rationibus
905 3812 1170 3890 aecclesiasticis
1187 3814 1256 3890 duo
1280 3817 1359 3890 auri
1378 3817 1480 3890 solidi
1503 3826 1539 3894 et
1556 3829 1625 3892 tre

402 3929 522 4006 missis
538 3954 634 4003 unus
650 3928 729 4004 sine
747 3951 845 4003 mora
862 3927 982 4027 aliqua
994 3927 1256 4026 persolventur,
1269 3930 1442 4028 quatinus
1458 3940 1495 4007 et
1508 3940 1548 4005 ιιι
1562 3930 1625 4005 ali·

401 4045 488 4145 quid
504 4041 631 4119 exinde
647 4041 759 4141 possis
777 4041 909 4118 habere
928 4042 1136 4133 remedium,
1149 4053 1185 4119 et
1202 4043 1372 4120 aeclesia
1385 4055 1516 4120 nostrae
1529 4045 1625 4120 utili-

401 4172 458 4238 tas
474 4182 545 4234 non
562 4159 753 4236 decrescat.
772 4161 855 4233 Post
872 4170 975 4232 tuum
1002 4180 1085 4232 vero
1110 4157 1258 4250 obitum,
1275 4158 1485 4257 pradictum
1508 4161 1625 4237 casale

401 4273 446 4348 ad
464 4273 521 4348 ius
538 4283 672 4349 sanctae
688 4272 857 4348 ecclesie
875 4282 1004 4347 nostrae
1022 4271 1128 4347 cuius
1140 4281 1195 4347 est
1208 4271 1403 4371 proprietas
1422 4284 1626 4349 revertatur

404 4387 482 4464 sine
499 4386 614 4464 dubie.
633 4390 711 4462 Dat.
729 4389 797 4462 IIII
815 4387 900 4462 Idus
918 4385 1004 4461 Maii
1022 4384 1144 4462 indict.
1161 4388 1268 4462 XIIII
1285 4409 1378 4462 anno
1396 4387 1541 4462 Domini
1559 4388 1609 4463 ill.
