3646 5292
719 454 761 470 -
786 423 852 496 237
880 459 919 475 -

208 538 313 637 gello.
330 545 451 617 Anum
469 541 615 618 viduam
632 543 702 619 duo
718 545 811 643 quod
828 545 897 621 sibi
914 545 980 624 soli
994 556 1216 646 supererant,
1230 547 1433 626 mittentem

209 651 334 728 laudat
351 655 533 730 Dominus.
551 656 662 732 Michi
682 667 766 734 ante
779 659 1030 758 presbyterum
1044 661 1164 737 sedere
1177 685 1247 736 non
1261 662 1356 740 licet.
1369 665 1434 740 Ille

208 767 240 841 si
254 791 448 866 peccavero
460 770 546 846 licet
557 771 699 849 tradere
713 797 767 848 me
781 771 940 848 sathanae
953 773 991 847 in
1003 774 1153 852 interitu
1168 776 1297 866 carnis,
1310 785 1353 851 ut
1365 779 1435 878 spi-

209 879 302 956 ritus
318 882 442 959 salvus
459 883 506 958 sit
522 885 559 959 in
577 885 633 961 die
652 887 805 961 Domini.
831 889 877 961 Et
893 885 931 960 in
949 888 1062 963 veteri
1088 887 1233 988 quidem
1251 888 1332 986 lege
1357 891 1436 990 qui·

208 1022 364 1096 cumque
380 999 622 1076 sacerdotibus
639 1025 711 1076 non
724 1001 1011 1098 obtemperasset,
1023 1014 1087 1077 aut
1102 1013 1202 1078 extra
1215 1012 1333 1079 castra
1345 1005 1435 1104 posi-

208 1122 268 1188 tus
284 1112 509 1212 lapidabatur
525 1141 547 1188 a
564 1115 702 1213 populo
719 1123 783 1190 aut
800 1115 921 1211 gladio
939 1116 1080 1193 cervice
1103 1117 1264 1195 subiecta
1281 1129 1436 1196 contem·

209 1238 273 1326 ptu
291 1228 456 1328 expiabat
481 1252 655 1305 eruorem.
679 1231 789 1304 Nunc
813 1253 898 1306 vero
923 1229 1138 1324 inobediens
1155 1234 1334 1334 spirituali
1359 1235 1436 1310 ani·

211 1342 456 1419 madversione
474 1352 677 1433 truncatur,
695 1351 758 1418 aut
782 1342 919 1418 eiectus
944 1343 986 1419 de
1012 1344 1163 1420 ecclesia
1190 1345 1352 1422 rabidum
1378 1347 1436 1423 de·

210 1481 355 1534 monum
373 1458 585 1556 decerpitur.
602 1458 698 1534 Idem
716 1457 802 1534 item
816 1457 859 1531 ad
878 1457 1035 1534 Furiam.
1048 1461 1281 1560 Quocumque
1299 1461 1434 1538 dieitur

209 1571 247 1646 in
266 1574 456 1650 monachos
473 1573 648 1649 redundat
671 1573 711 1647 in
736 1572 884 1649 clericos
909 1572 971 1670 qui
997 1583 1117 1671 patres
1138 1584 1225 1649 sunt
1249 1575 1436 1652 monacho·

209 1711 300 1762 rum.
318 1689 579 1764 Detrimentum
598 1687 726 1784 gregis
744 1686 944 1784 ignominia
957 1697 1011 1763 est
1030 1686 1207 1784 magistri.
1227 1687 1331 1764 Sicut
1346 1713 1366 1764 e
1383 1715 1436 1766 re·

209 1800 317 1897 gione
335 1801 436 1877 illius
454 1800 618 1878 monaehi
640 1801 717 1876 vita
734 1800 911 1877 laudanda
929 1799 1061 1899 estqui
1083 1801 1304 1876 venerationi
1328 1801 1436 1880 habet

208 1915 351 1990 Domini
369 1915 581 2006 sacerdotes,
594 1925 630 1992 et
647 1939 717 1990 non
733 1914 890 1993 detrahit
902 1915 1031 2012 gradui
1045 1939 1107 2013 per
1126 1938 1232 2013 quem
1245 1915 1364 1992 factus
1380 1927 1435 1994 est

209 2027 439 2105 christianus.

751 2223 889 2308 oxxll.

582 2428 675 2481 Beda
692 2429 725 2480 tn
742 2428 920 2493 anglorum
938 2428 1060 2481 istoria.

303 2597 554 2675 Dilectissimis
567 2607 603 2674 et
616 2597 858 2674 sanctissimis
872 2597 1044 2673 fratribus
1058 2598 1243 2700 episcopis,
1252 2597 1435 2698 presbyte-

209 2711 465 2802 ris‚abbatibus
480 2711 608 2788 Scotiae
618 2709 780 2785 Hilarius
791 2709 1092 2808 Archipresbyter
1105 2723 1142 2788 et
1154 2737 1303 2789 servans
1316 2710 1434 2787 locum

213 2823 315 2900 Sedis
333 2824 556 2924 Apostolicoe,
572 2833 609 2900 et
625 2822 802 2898 Iohannes
819 2822 989 2899 diaconus
1006 2824 1044 2898 in
1063 2826 1126 2902 Dei
1139 2826 1281 2902 nomine
1298 2823 1435 2901 electus

210 2937 249 3012 in
267 2941 465 3016 Romanum
488 2937 710 3028 Pontificem,
735 2936 820 3013 item
847 2934 1024 3012 Iohannes
1048 2938 1275 3038 primicerius
1307 2947 1344 3014 et
1363 2963 1437 3014 ser·

208 3075 300 3125 vans
316 3050 435 3128 locum
453 3059 587 3126 sanctae
604 3048 707 3125 Sedis
726 3047 945 3147 Apostolicae.
962 3051 1009 3126 Et
1026 3049 1202 3128 Iohannes
1218 3075 1346 3127 servus
1368 3049 1434 3127 Dei

210 3162 446 3239 consiliarius
462 3161 621 3239 eiusdem
641 3161 854 3261 Apostolicae
869 3163 981 3238 Sedis.
1003 3165 1184 3241 Reseratis
1208 3163 1351 3263 scriptis
1376 3187 1436 3240 ve·

209 3276 295 3354 stris
312 3278 404 3376 quod
420 3276 629 3376 perlatores
646 3283 784 3351 vestros
800 3275 846 3351 ad
863 3284 997 3351 sanctae
1019 3277 1199 3352 memoriae
1219 3275 1434 3353 Severinum

211 3392 345 3488 Papam
363 3390 525 3481 misistis,
541 3388 779 3486 cognovimus
791 3389 885 3487 quod
901 3389 1004 3463 virus
1028 3390 1226 3488 pelagianae
1249 3389 1384 3465 heresis
1399 3413 1436 3462 a·

209 3502 280 3599 pud
291 3527 352 3578 vos
361 3504 478 3580 denuo
488 3501 684 3579 reviviscit.
693 3505 892 3578 Hortamur
903 3503 1024 3601 itaque
1038 3527 1101 3579 vos
1111 3503 1240 3580 fratres
1249 3501 1433 3578 karissimi

210 3624 252 3690 ut
269 3642 290 3691 a
307 3618 441 3692 vestris
459 3616 639 3694 mentibus
652 3615 858 3692 huiusmodi
872 3625 1089 3690 venenatum
1104 3614 1368 3714 superstitionis
1384 3613 1435 3688 la·

209 3728 315 3804 cinus
327 3729 523 3806 auferatur.
532 3733 625 3805 Nam
636 3728 792 3827 qualiter
801 3729 877 3825 ipsa
891 3727 1087 3802 execranda
1099 3727 1233 3804 heresis
1241 3727 1434 3825 dampnata

209 3851 275 3931 est,
293 3841 405 3918 latere
421 3865 486 3918 nos
502 3867 572 3918 non
591 3841 704 3932 debet,
722 3840 784 3916 sed
800 3849 836 3916 et
853 3839 981 3915 cotidie
997 3865 1019 3913 a
1044 3840 1144 3916 nobis
1166 3849 1334 3942 perpetuo
1350 3864 1434 3913 ena-

209 3953 379 4032 thematae
395 3954 535 4055 sepulta
559 3955 786 4053 dampnatur.
811 3955 859 4027 Et
884 3951 1069 4028 hortamur
1094 3978 1140 4029 ne
1165 3977 1315 4052 quorum
1332 3977 1434 4036 erma

209 4066 393 4145 combusta
411 4077 506 4160 sunt,
523 4077 610 4167 aput
626 4090 690 4143 vos
707 4079 829 4143 eorum
847 4067 987 4141 cineres
1000 4065 1233 4159 suscitentur,
1246 4077 1283 4142 et
1294 4075 1433 4142 caetera.
