3642 5294
750 443 790 458 -
813 409 858 474 25
883 443 924 456 ..

220 525 385 612 Qualiter
401 551 464 624 per
481 537 636 604 rectores
652 529 791 604 eosdem
808 529 956 627 corripit
973 531 1163 628 Episcopus
1177 531 1269 608 mala
1282 541 1443 628 agentes.

294 640 378 737 Cap.
396 644 505 715 LXII.
523 644 647 717 LXIII.
665 645 863 717 LXXVIII.

220 753 385 840 Qualiter
410 754 517 830 iidem
544 767 697 833 rectores
724 783 762 831 se
783 756 937 830 habeant
957 780 1046 852 erga
1066 756 1224 833 subditos
1242 759 1445 833 eorumdem

294 867 556 965 Episcoporum.
574 870 657 966 Cap.
676 873 818 945 LXIIII.
836 872 945 943 LXV.
963 872 1072 945 LXX.
1091 873 1218 944 LXXI.

220 983 383 1070 Qualiter
395 983 613 1080 quibuslibet
625 1008 722 1081 opem
738 984 865 1057 ferant.
879 983 963 1078 Cap.
977 985 1104 1057 LXXI.
1119 985 1264 1058 LXXII.
1278 987 1441 1059 LXXIII.

220 1101 273 1171 De
297 1095 599 1172 commendatione
623 1095 825 1191 legatorum
851 1099 948 1170 Rom.
976 1096 1158 1172 Ecclesia.
1189 1098 1273 1194 Cap.
1299 1099 1444 1173 CXIIII.

294 1209 405 1284 CXV.
422 1209 534 1282 CXX.
551 1207 589 1280 in
606 1207 666 1282 lib.
684 1209 770 1282 ΙΙΙΙο
789 1211 861 1282 LV.

221 1325 273 1397 De
288 1323 346 1396 his
363 1321 424 1420 qui
442 1321 658 1417 legationem
676 1321 849 1398 Ecclesiae
867 1322 1075 1418 impediunt.
1095 1323 1179 1420 Cap.
1196 1325 1315 1396 XXX.
1332 1323 1444 1398 CXX.

221 1441 273 1513 De
305 1435 613 1512 commonitorium
631 1436 708 1534 (stc)
724 1436 777 1510 ais
795 1439 892 1509 Rom.
910 1435 1074 1510 Pontifex
1091 1435 1208 1511 facere
1226 1437 1338 1512 debet.
1358 1437 1443 1534 Cap.

293 1551 530 1626 LXXXVIII.
546 1549 583 1622 in
602 1551 634 1622 1⁰
652 1549 710 1623 lib.
727 1574 802 1647 cap.
820 1551 911 1622 XLI.
930 1547 1072 1623 CXCV.

224 1669 277 1741 De
296 1664 466 1761 rescripto
484 1667 709 1758 Legatorum.
727 1663 811 1760 Cap.
828 1663 1046 1736 LXXXVII.

225 1779 365 1866 Quibus
381 1776 541 1852 ecclesiae
558 1777 705 1850 decimae
721 1775 861 1850 dentur.
879 1775 963 1871 Cap.
981 1776 1133 1848 XXVII.

224 1892 324 1978 Quod
342 1889 509 1986 sacrilegi
528 1888 601 1962 sint
618 1887 681 1985 qui
698 1888 856 1964 decimas
873 1888 1032 1962 ecclesiae
1048 1887 1226 1962 auferunt.
1244 1888 1328 1984 Cap.
1341 1892 1432 1963 LVI.

225 2007 278 2079 De
300 2002 504 2078 nolentibus
529 2002 613 2076 darc
637 2000 804 2075 decimas.
829 2003 913 2098 Cap.
937 2003 1064 2074 LVIII.
1089 2001 1245 2075 CXLVI.
1271 2002 1447 2077 CXLVII.

297 2117 491 2191 CXLVIII.

224 2233 276 2304 Da
295 2228 494 2304 Abbatibus
511 2228 581 2325 qui·
596 2227 773 2325 primitias
798 2234 834 2300 et
858 2226 1014 2300 decimas
1039 2225 1105 2299 sibi
1131 2225 1332 2300 vendicant.
1362 2227 1447 2325 Cap.

294 2346 403 2418 LVII.
420 2343 458 2415 in
476 2343 527 2415 II⁰
544 2341 604 2415 lib.
621 2364 697 2438 cap.
715 2341 846 2416 CXXI.

226 2458 279 2530 Da
296 2455 472 2530 oblatione
489 2453 534 2527 ad
550 2453 745 2528 Missurum
763 2451 960 2527 sollemnia.
978 2452 1062 2549 Cap.
1079 2451 1165 2526 itam
1183 2455 1292 2526 LVII.

224 2572 276 2644 De
293 2568 351 2642 bis
368 2569 430 2666 qui
446 2567 594 2662 fugiunt
608 2565 776 2640 matrices
789 2566 849 2641 vel
860 2563 1091 2663 baptismales
1104 2564 1283 2640 ecclesias.
1293 2566 1377 2663 Cap.
1391 2569 1446 2641 LI.

224 2797 274 2870 De
292 2794 350 2868 his
367 2793 430 2892 qui
447 2792 564 2868 tribus
581 2789 777 2866 Dominicis
802 2790 933 2866 absunt
949 2798 1164 2867 aconventu
1177 2790 1345 2866 ecclesia.
1363 2791 1447 2890 Cap.

293 2911 436 2984 XXIIII
453 2905 492 2979 in
508 2908 542 2980 1⁰
560 2905 620 2980 lib.

224 3023 276 3098 Dc
293 3022 485 3120 privilegio
503 3019 808 3096 monasteriorum.
826 3019 912 3115 Cap.
930 3021 992 3092 VI.
1009 3019 1085 3094 XC.

227 3138 278 3210 De
295 3135 352 3208 his
372 3135 432 3232 qui
458 3133 526 3207 sibi
553 3131 692 3208 faciunt
716 3133 912 3208 diversoria
936 3133 1113 3232 episcopia
1137 3131 1197 3207 vel
1221 3130 1445 3208 monasteria.

294 3249 379 3345 Cap.
398 3250 513 3321 VIIII.

223 3365 274 3438 De
291 3362 348 3435 his
364 3361 427 3459 qui
444 3361 482 3434 in
505 3359 719 3434 monasterio
743 3359 934 3435 convertiti
959 3357 1147 3433 dimidium
1171 3358 1343 3432 bonorum
1367 3381 1446 3432 suo

294 3502 374 3550 rum
392 3474 498 3550 titulo
515 3475 729 3572 relinquant.
747 3474 831 3570 Cap.
847 3471 992 3546 LVIIII.

223 3593 271 3664 Ut
279 3588 548 3686 Missaepublice
565 3587 604 3660 in
615 3585 1038 3682 monasteriopopulonon
1052 3588 1149 3660 fiant.
1159 3587 1244 3683 Cap.
1261 3587 1445 3660 LXXXII.

223 3817 270 3890 Ut
285 3813 433 3912 capellae
449 3813 583 3912 absquo
608 3812 729 3888 Missis
753 3810 906 3910 publicis
930 3821 1199 3888 consecrentur.
1224 3812 1308 3909 Cap.
1334 3811 1446 3887 CVII.

294 3927 424 4004 CVIII.

222 4045 270 4116 Ut
287 4040 468 4138 proprium
486 4039 743 4137 Presbyterum
761 4062 831 4113 non
849 4036 1013 4114 habeant.
1032 4039 1116 4135 Cap.
1134 4038 1245 4113 CVII.
1263 4039 1392 4114 CVIII.

61 4149 70 4170 ⁶
223 4156 274 4228 De
292 4153 454 4229 ecclesiis
471 4177 551 4250 quae
568 4151 708 4227 noviter
724 4151 984 4226 haedificantur.
1002 4152 1086 4248 Cap.
1105 4153 1166 4224 VI.
1180 4151 1290 4225 CVII.
1305 4151 1445 4227 CXLV.

224 4269 275 4341 Dc
291 4267 385 4342 clero
402 4267 617 4341 earumdem.
635 4255 721 4362 Cap.
739 4266 879 4340 CXLV.

225 4383 273 4455 Ut
289 4379 396 4453 Missa
413 4379 574 4476 publicae
592 4378 630 4451 in
648 4379 700 4452 cis
718 4401 787 4453 non
805 4381 903 4452 fiant.
922 4379 1007 4478 Cap.
1024 4379 1135 4456 CVII.
1153 4379 1283 4456 CVIII.

225 4495 276 4567 De
291 4491 518 4567 immunitate
536 4491 778 4570 ecclesiarum.
796 4493 834 4566 in
851 4496 938 4570 ΙΙΙΙο
956 4495 1015 4569 lib.
1033 4497 1154 4572 CLIII.
