3642 5294
914 387 1088 450 ..53-

387 507 568 581 dixerunt.
586 506 813 582 Sanctissimi
835 505 968 582 Vicarii
988 505 1136 581 senioris
1154 510 1273 581 Romae
1293 531 1336 582 ac
1353 530 1416 581 nos
1441 506 1502 604 qui
1529 503 1612 583 reli·

387 643 539 718 quarum
557 618 696 694 sedium
713 618 842 694 vicarii
859 645 996 708 sumus,
1010 619 1088 697 hoec
1104 622 1224 694 omnia
1248 620 1479 720 dissolvimus
1495 619 1610 708 hodie,

388 732 508 830 gratia
526 732 668 807 Domini
686 733 798 807 nostri
816 732 924 808 Ihesu
942 733 1079 809 Christi
1096 734 1158 833 qui
1175 734 1272 810 dedit
1288 734 1390 810 nobis
1407 735 1539 808 summi
1557 760 1612 808 sa·

388 845 535 922 cerdatii
554 854 782 943 potestastem
800 846 893 920 iuste
910 871 953 921 ac
969 869 1129 943 congrue
1147 847 1285 945 ligandi
1307 857 1414 946 atque
1439 846 1612 936 solvendi,

388 959 555 1058 quoniam
574 958 751 1034 violenter
770 970 806 1034 et
822 971 943 1034 coacte
959 959 1079 1032 omnia
1096 960 1191 1035 faeta
1209 969 1309 1059 sunt,
1322 959 1387 1036 Ille
1409 961 1505 1036 enim
1524 961 1612 1035 Pho·

389 1073 465 1148 tius
484 1097 707 1171 praenoscens
725 1073 818 1170 quod
830 1096 900 1146 non
914 1097 976 1170 per
987 1073 1144 1148 hostium
1163 1063 1315 1149 intravit
1323 1075 1361 1148 in
1374 1073 1468 1150 ovile
1476 1074 1611 1162 ovium,

391 1187 452 1260 sed
475 1185 621 1259 aliunde
645 1185 817 1274 ascendit,
834 1184 1101 1262 multitudinem
1129 1188 1394 1286 Episcoporum,
1418 1187 1463 1263 ad
1487 1213 1525 1263 se
1549 1212 1612 1286 per

390 1299 510 1373 varias
534 1297 814 1374 machinationes
831 1299 993 1388 attraxit,
1009 1299 1178 1376 videlicet
1194 1299 1433 1398 cyrographis
1458 1309 1494 1376 et
1517 1301 1613 1386 iura·

390 1413 519 1488 mentis
537 1437 606 1510 que
623 1411 697 1510 ipse
714 1412 877 1488 coniecit.
896 1412 1071 1511 Opinatus
1093 1438 1154 1512 per
1178 1413 1246 1490 hoc
1271 1414 1309 1487 in
1334 1438 1551 1490 concursum
1572 1439 1610 1489 se

389 1525 597 1601 habiturum
623 1525 803 1623 proprium
829 1526 1073 1623 praesulatum.
1098 1531 1187 1604 Item
1209 1529 1247 1604 iu
1263 1527 1403 1602 actione
1421 1529 1501 1602 VII.
1518 1527 1610 1604 eius·

387 1640 467 1715 dem
481 1637 660 1714 Bachanis
674 1639 890 1735 magnificus
907 1636 1080 1737 patricius
1097 1642 1201 1717 dixit.
1214 1641 1373 1718 Vicariis
1385 1640 1534 1716 senioris
1546 1644 1612 1716 Ro

391 1779 458 1829 mae
474 1763 511 1829 et
528 1752 746 1850 reliquarum
765 1753 913 1827 sedium.
931 1754 1085 1828 Indutiis
1103 1753 1228 1829 Photio
1252 1754 1344 1828 datis
1369 1753 1441 1826 iam
1459 1753 1613 1850 comple·

387 1867 445 1955 tis,
462 1867 633 1941 duximus
654 1891 736 1941 eum
759 1893 886 1940 rursus
907 1867 951 1941 ad
972 1867 1066 1942 hanc
1086 1877 1246 1942 sanctam
1270 1867 1445 1942 sinodum.
1463 1866 1502 1939 Si
1524 1891 1612 1963 ergo

390 1979 520 2056 iubetis
537 1981 796 2057 introducatur.
813 1983 859 2053 Et
876 1979 1101 2056 introductus
1117 1989 1172 2055 est
1188 1980 1339 2054 innixus
1363 1979 1490 2055 baculo
1515 1988 1552 2056 et
1573 2002 1613 2054 eo

393 2092 593 2189 Gregorius
611 2093 850 2170 Siraousanus
865 2093 1000 2166 dudum
1018 2093 1224 2192 Episcopus.
1237 2097 1340 2168 Tune
1353 2093 1518 2167 Marinus
1531 2093 1613 2166 Dia·

391 2229 504 2280 conus
525 2209 574 2302 et}
588 2207 757 2283 Vicarius
777 2209 945 2282 Romanae
961 2207 1147 2296 Ecclesiae,
1167 2206 1269 2281 dixit.
1294 2206 1421 2282 Tollite
1441 2205 1612 2282 baculum

388 2321 430 2395 de
446 2346 554 2395 manu
568 2321 656 2396 eius.
670 2322 823 2418 Signum
839 2329 894 2396 est
906 2321 1001 2396 enim
1015 2319 1205 2417 dignitatis
1218 2319 1417 2418 pastoralis,
1430 2345 1537 2418 quam
1553 2319 1613 2396 hic

387 2434 518 2512 habere
535 2459 605 2510 non
623 2436 736 2525 debet,
753 2436 839 2536 quia
856 2435 964 2532 lupus
980 2444 1035 2509 est
1051 2445 1086 2509 et
1102 2457 1173 2509 non
1191 2443 1320 2532 pastor.
1346 2437 1393 2508 Et
1417 2457 1458 2510 eo
1481 2433 1611 2522 ablato,

389 2550 550 2622 Donatus
568 2549 762 2646 Episcopus
781 2547 901 2639 Ostiae,
919 2559 954 2623 et
968 2549 1175 2646 Stephanus
1185 2547 1393 2647 Nepisinus,
1407 2557 1443 2622 et
1456 2546 1613 2645 praepha-

391 2670 451 2736 tus
464 2662 644 2737 Diaconus
659 2663 821 2737 Marinus
834 2662 973 2738 Vicarii
986 2663 1135 2738 Romani
1149 2661 1330 2738 dixerunt.
1343 2664 1386 2734 In
1399 2659 1613 2758 praecedenti

386 2773 528 2850 actione
550 2775 651 2850 veuit
667 2775 712 2848 ad
730 2798 793 2850 uos
810 2775 867 2849 vir
885 2775 952 2850 iste
977 2775 1133 2852 furensis
1157 2785 1194 2850 et
1217 2775 1367 2851 curialis
1393 2773 1554 2862 Photius,
1577 2784 1614 2849 et

392 2888 598 2963 monuimus
614 2889 718 2963 illum
736 2890 928 2988 apostolica
945 2891 1159 2968 auctoritate
1175 2891 1219 2966 ad
1237 2890 1490 2971 revertendum
1508 2888 1547 2961 in
1560 2913 1615 2964 ec·
1709 2961 1717 2976 ,

387 3001 498 3077 clesia
523 3027 586 3101 per
610 3003 723 3078 libelli
749 3004 1023 3102 expositionem,
1048 3013 1088 3078 ut
1110 3003 1327 3102 recipiamus
1351 3027 1435 3078 eum
1459 3001 1498 3076 in
1521 3025 1615 3076 com·

391 3116 559 3192 munione
576 3116 742 3193 seculari.
759 3122 982 3214 Interrogata
1000 3140 1087 3213 ergo
1104 3117 1207 3190 illum
1226 3116 1257 3190 si
1274 3115 1356 3190 vult
1372 3116 1490 3190 facere
1514 3114 1614 3189 libel·

392 3230 480 3305 lum.
497 3234 544 3305 Et
561 3232 666 3306 infra.
691 3231 869 3307 Bachanis
895 3230 1276 3328 magnificentissimus
1301 3227 1487 3327 patriciuS,
1510 3227 1613 3302 dixit.

390 3345 619 3420 Sanctissinri
642 3346 770 3422 vicarii
789 3346 938 3422 senioris
954 3350 1083 3420 Romae.
1097 3343 1306 3419 Cuiusmodi
1328 3343 1490 3420 libellum
1510 3367 1615 3440 expe-

386 3457 463 3531 titis
480 3457 525 3532 ab
542 3459 726 3557 Episcopis
745 3459 872 3534 Photii.
889 3463 939 3532 At
957 3457 1012 3532 illi
1028 3457 1208 3533 dixerunt.
1227 3461 1341 3544 Quem
1357 3482 1379 3531 a
1397 3465 1524 3532 sancta
1548 3459 1613 3532 Ro

387 3595 494 3645 mana
512 3571 675 3647 Ecclesia
689 3571 890 3660 retulimus
904 3582 945 3646 ut
958 3571 1146 3669 reprobent
1160 3571 1339 3659 Photium,
1352 3580 1388 3644 et
1400 3571 1520 3644 omnia
1532 3577 1613 3644 acta

385 3684 475 3774 eius,
492 3693 530 3766 et¹
544 3684 849 3760 anathematizent
865 3685 1082 3781 Gregorium
1098 3683 1368 3770 siracusanum,
1384 3693 1420 3758 et
1431 3682 1614 3780 accipiant

386 3798 571 3894 Ignatium
598 3798 846 3874 Patriarcham
872 3810 909 3874 et
932 3797 1173 3874 subiiciantur
1197 3796 1264 3871 sub
1288 3797 1438 3895 pedibus
1463 3795 1553 3886 eius,
1577 3805 1614 3871 et

385 3912 477 4009 quod
494 3920 620 3988 sancta
638 3915 796 3986 Romana
813 3913 974 3988 Ecclesia
991 3911 1158 4010 exposuit
1179 3935 1242 4010 per
1258 3911 1377 3984 omnia
1404 3909 1526 3984 saciat.
1551 3909 1615 3982 vi-

384 4025 474 4101 carii
492 4026 720 4102 orientalium
739 4025 878 4102 sedium
894 4025 1074 4100 dixerunt.
1092 4029 1139 4100 Et
1155 4048 1219 4101 nos
1236 4025 1287 4100 ita
1306 4025 1475 4125 sapimus.
