3646 5292
887 374 1083 438 -266-

374 489 460 590 quid
477 492 588 567 fuerit
604 492 742 567 fraudis
759 493 961 584 inventurn,
978 517 1062 570 cum
1081 516 1182 592 paena
1200 495 1343 593 legibus
1360 505 1496 574 statuta
1514 502 1591 576 red·

373 608 455 684 dere
481 607 751 706 compellantur.
768 610 821 686 De
846 619 974 686 cetero
990 633 1076 684 vero
1092 607 1293 684 carendum
1318 636 1339 684 a
1364 610 1590 690 fraternitate

372 729 494 798 vestra
520 731 585 811 est,
603 748 647 799 ne
669 722 902 799 saecularibus
919 723 1010 798 viris
1026 732 1134 821 atque
1151 745 1221 798 non
1239 723 1306 798 sub
1324 723 1452 821 regula
1469 735 1590 802 vestra

372 836 585 934 degentibus
602 837 797 914 cuiuslibet
815 864 871 914 res
888 837 1060 916 aecclesiae
1077 838 1343 928 commitentur,
1356 837 1417 914 sed
1434 839 1590 938 probatis

371 951 414 1026 de
440 963 560 1027 vestro
585 951 702 1027 officio
726 951 878 1028 clericis.
898 957 940 1027 In
966 953 1097 1052 quibus
1122 953 1152 1026 si
1178 953 1264 1052 quid
1289 954 1436 1052 reperiri
1461 956 1590 1053 poterit

372 1064 573 1164 pravitatis,
590 1074 632 1141 ut
657 1065 695 1138 in
713 1065 864 1140 subditis
881 1067 1069 1142 emendare
1087 1067 1179 1164 quod
1194 1075 1340 1163 gestum
1358 1078 1412 1145 est
1430 1068 1591 1145 valeatis.

926 1231 1033 1316 LIIII.

467 1405 667 1502 Gregorius
684 1406 803 1497 Leoni,
821 1406 1035 1498 Secundino,
1051 1406 1211 1498 Iohanni,
1225 1409 1333 1498 Dono,
1346 1407 1490 1500 Lucido,
1504 1412 1589 1483 Tra·

371 1519 453 1594 iano
470 1520 655 1618 Episcopis
672 1521 817 1596 Siciliae.
833 1521 937 1596 Siout
961 1545 1025 1596 nos
1047 1521 1147 1596 nobis
1169 1521 1327 1597 inuicem
1350 1522 1588 1620 spiritualiter

374 1658 437 1733 per
454 1633 664 1731 Apostolum
691 1658 886 1724 monemur,
904 1635 1087 1733 impertire
1109 1636 1309 1711 orationum
1335 1636 1521 1734 suffragia,
1537 1638 1588 1712 ita

374 1749 413 1822 in
430 1747 488 1821 bis
505 1771 584 1846 quae
604 1749 817 1824 necessitate
842 1748 997 1823 iniuncti
1025 1749 1214 1844 regiminis
1237 1773 1300 1849 pro
1325 1751 1586 1848 dispensatione

371 1888 493 1938 rerum
511 1885 708 1960 pauperum
722 1865 794 1939 Deo
812 1886 874 1960 per
891 1887 954 1938 uos
972 1862 1107 1938 fuerint
1123 1872 1270 1940 auctore
1286 1863 1590 1963 disposita,saoer-

371 1975 501 2050 dotalia
519 1975 671 2072 dignum
689 1986 830 2052 estnon
848 1976 968 2053 deesse
981 1976 1295 2054 solaciaLatorem
1310 1979 1484 2077 siquidem
1503 2005 1588 2079 prae

370 2089 527 2164 sentium
548 2089 745 2164 Adrianum
771 2091 1016 2166 Cartularium
1034 2102 1195 2166 nostrum
1220 2093 1264 2168 ad
1290 2094 1490 2189 regendum
1518 2119 1583 2172 aec·

369 2202 489 2278 clesiae
506 2211 637 2278 nostrae
654 2205 907 2300 patrimonium
922 2205 1222 2279 Siracusanarum
1245 2205 1414 2282 videlicet
1430 2207 1586 2304 partium

376 2318 575 2415 dirigentes
587 2319 806 2394 fraternitati
816 2317 1328 2395 vestreenecessarioduximus
1341 2319 1588 2395 commendan-

372 2434 470 2523 dum,
488 2443 529 2506 ut
551 2431 589 2506 in
607 2457 676 2530 quo
694 2459 782 2507 usus
799 2435 961 2531 exegerit
979 2441 1099 2506 vestra
1120 2431 1252 2506 solacia
1277 2431 1480 2508 conferatis.
1496 2437 1588 2522 Qua-

368 2547 468 2621 tinus
493 2546 579 2620 dum
605 2557 641 2621 et
665 2547 710 2622 ad
734 2548 916 2644 agendum
934 2570 996 2646 per
1014 2567 1077 2619 vos
1095 2542 1337 2643 corporalibus
1360 2555 1396 2619 et
1413 2545 1459 2619 ad
1475 2545 1588 2620 facili-

369 2669 478 2736 tatem
510 2659 673 2760 explendi
703 2686 782 2759 quae
807 2663 963 2762 repperit
989 2658 1214 2757 spiritalibus
1243 2659 1447 2734 orationum
1477 2661 1586 2735 fuerit

369 2775 485 2849 fultus
502 2774 659 2864 auxiliis,
676 2799 839 2874 prospere
858 2801 898 2852 ea
916 2801 995 2874 quae
1012 2778 1045 2852 ei
1063 2801 1084 2849 a
1102 2776 1202 2851 nobis
1219 2776 1384 2851 iniuncta
1401 2786 1497 2866 sunt,
1515 2779 1587 2852 Deo

372 2913 511 2988 quoque
537 2898 744 2988 cooperante
769 2889 890 2964 valeat
914 2891 1095 2990 perficere.
1120 2890 1362 2987 Vosmetipsos
1387 2899 1509 2965 autem
1535 2890 1586 2963 ita

368 3012 452 3077 ante
470 3011 702 3102 conspectum
720 3003 972 3101 omnipotentis
993 3003 1134 3079 Domini
1161 3004 1199 3077 in
1217 3003 1319 3078 bonis
1343 3003 1508 3104 operibus
1532 3003 1587 3078 de-

368 3113 461 3190 betis
485 3114 666 3206 exhibere,
683 3125 724 3190 ut
749 3115 906 3192 inveniri
924 3117 963 3190 in
995 3127 1118 3192 vestra
1145 3119 1284 3192 actione
1314 3127 1479 3216 nequeat,
1495 3117 1585 3216 quod

368 3229 428 3303 vel
445 3231 519 3303 Deo
535 3229 655 3305 iudice
673 3230 824 3327 percuti,
844 3231 903 3305 rel
921 3231 1079 3329 quolibet
1095 3231 1239 3306 homine
1256 3231 1450 3307 insidiante
1466 3230 1586 3306 valeat

368 3342 644 3418 accusari.Nam
659 3344 774 3419 eidem
787 3345 933 3443 praefato
949 3345 1144 3421 cartulario
1161 3356 1280 3422 nostro
1297 3345 1533 3436 iniunximus,
1544 3356 1585 3420 ut

367 3457 399 3532 si
414 3481 484 3555 qua
499 3457 541 3532 de
557 3458 859 3534 reverentissimis
872 3459 1044 3533 fratribus
1057 3460 1189 3534 nostris
1201 3458 1374 3560 episcopis
1386 3459 1584 3536 inordinate

366 3580 489 3648 actum
516 3573 737 3668 cognoverit,
755 3573 854 3670 prius
871 3573 1015 3672 quidem
1033 3583 1169 3649 secreta
1182 3597 1226 3648 ac
1244 3573 1401 3649 modesta
1424 3573 1585 3649 adhorta·

366 3685 463 3760 tione
481 3685 555 3783 ipse
573 3679 752 3786 corripiat.
765 3689 853 3774 Quae
870 3688 901 3762 si
918 3686 1106 3763 emendata
1124 3709 1194 3760 non
1213 3686 1359 3776 fuerint,
1376 3686 1479 3762 nobis
1495 3685 1583 3762 cele·

372 3799 461 3874 riter
477 3797 686 3874 innotescat.

913 3943 1038 4028 LXIII.

463 4144 661 4241 Gregorius
679 4148 836 4221 Romano
857 4145 1053 4236 Defensori,
1070 4145 1224 4221 Fautino
1249 4147 1436 4238 defensori,
1454 4146 1582 4222 Sabino

366 4259 592 4350 subdiacone,
610 4261 767 4336 Adriano
784 4260 932 4351 notario,
950 4260 1115 4356 Eugenio
1139 4263 1290 4353 notarie,
1306 4261 1419 4338 Felici
1444 4261 1583 4337 subdia-

365 4397 463 4466 cono,
489 4375 615 4470 Sergio
644 4374 831 4466 defensori,
848 4374 1026 4450 Bonifatio
1055 4375 1232 4451 defensori
1261 4403 1283 4451 a
1313 4375 1468 4474 paribus.
1484 4379 1582 4452 Inter

365 4496 507 4566 coetera.
521 4489 559 4562 Si
574 4487 655 4590 quis
665 4487 930 4590 Episcoporum,
947 4512 1035 4590 quos
1051 4490 1232 4568 commissi
1246 4490 1311 4566 tibi
1325 4489 1528 4592 patrimonii
1546 4491 1583 4566 fi-
