3642 5294
232 558 437 652 »socri
463 556 672 652 Polotr'r'
704 555 1106 653 Lateroneoso's.
1142 553 1348 648 Celebris
1391 553 1462 645 est

234 749 260 806 »
289 717 407 814 liber
428 721 492 816 o'e
524 719 767 816 celeribus·
791 718 949 814 Oenoii
974 716 1247 835 (inmorari,
1270 715 1350 839 qui
1383 743 1478 842 po·¹

230 913 255 969 >›
286 884 387 976 stoa
431 883 519 978 fuit
551 883 797 979 Romanus
840 881 1059 978 Pontifex
1102 881 1342 977 Honorius
1375 877 1459 973 HI.

229 1077 254 1135 s
287 1047 379 1142 Hic
410 1047 528 1142 liber
554 1046 815 1168 impressus
848 1048 919 1141 est
951 1044 1261 1141 abiuratorio
1293 1045 1406 1138 torn.
1432 1042 1460 1134 5

230 1239 255 1294 »
287 1207 639 1330 Antiquitatum
657 1207 943 1302 Italicarum.
962 1205 1243 1301 Deteximus
1261 1231 1369 1297 vero
1388 1231 1458 1318 ea,

227 1401 252 1456 »
287 1399 407 1492 quae
439 1371 488 1464 in
521 1374 610 1467 hoc
632 1371 749 1465 libro
782 1371 1058 1490 leguntnra
1087 1395 1196 1492 pag.
1222 1367 1312 1462 827
1336 1367 1460 1488 ejus·

227 1563 252 1618 »
286 1531 391 1626 dern
425 1532 654 1650 editionis
687 1531 1011 1628 Hadrianus
1043 1531 1198 1653 Papo
1235 1529 1461 1625 oblaturi

226 1728 251 1784 »
284 1700 371 1792 oto.
395 1726 546 1821 usque
578 1697 637 1790 ad
669 1698 778 1819 pag.
802 1694 910 1812 842,
932 1694 1124 1790 totidem
1157 1693 1314 1789 verbis
1335 1691 1460 1815 (qui-

225 1858 484 1954 »busdam
527 1857 818 1952 variantibus
862 1855 1100 1980 exeeptis)
1146 1885 1175 1950 a.
1218 1853 1455 1950 Cardiuali

225 2020 542 2116 »Deusdedit
584 2049 643 2118 ex
690 2019 831 2113 tomis
873 2019 1272 2115 Latoranousibus
1314 2016 1458 2114 luisse

225 2213 251 2270 »
283 2182 592 2304 transcriptas
624 2183 703 2275 lib.
729 2181 773 2298 3,
795 2211 834 2276 o.
862 2179 950 2275 llo
976 2183 1022 2276 et
1053 2209 1180 2302 seqq.
1205 2208 1234 2272 a
1263 2206 1373 2302 pag.
1397 2179 1457 2273 85

223 2346 430 2470 »ipsius
463 2345 634 2440 oodiois
667 2345 726 2440 ad
768 2371 877 2467 pag.
912 2341 972 2438 92
1006 2371 1169 2464 usqne.
1204 2342 1330 2435 Hinc
1373 2370 1456 2436 au-

224 2541 250 2596 »
281 2512 377 2602 tern
399 2507 681 2630 perspicitur
702 2509 958 2627 utrumque
980 2534 1039 2600 ox
1061 2504 1226 2599 iisdem
1248 2501 1454 2597 lontibus

225 2703 252 2760 >>
284 2670 497 2784 ebibisse,
525 2668 783 2764 Deusdedit
815 2697 924 2762 vero
957 2669 1142 2763 saeculo
1176 2671 1221 2762 et
1253 2666 1455 2788 amplius

226 2866 251 2920 s
283 2835 391 2946 ante
415 2832 639 2927 (leucium
673 2832 797 2926 idenr
816 2815 949 2954 'opus
972 2859 1086 2925 suae
1109 2830 1364 2925 collectioni
1385 2831 1457 2924 in-

227 2993 500 3089 »seruisso
535 2993 643 3087 Alia
685 3021 824 3116 porro
863 2994 1144 3088 documenta
1175 3022 1234 3086 ex
1266 2992 1455 3088 laudato

229 3189 255 3246 »
286 3155 602 3249 Lateranensi·
624 3153 831 3249 Archino
870 3154 1129 3249 Deusdedit
1156 3151 1323 3277 adjecit
1344 3181 1452 3276 pag.

226 3351 252 3408 ›>
283 3314 344 3411 92
375 3320 421 3411 et
452 3346 580 3440 seqq.
605 3316 795 3439 quaein
819 3317 1010 3436 vulgato
1036 3317 1193 3411 Oonoii
1220 3317 1337 3412 libro
1359 3346 1453 3412 non

226 3512 252 3566 >›
283 3480 523 3598 leguntur,
545 3477 770 3573 nirnirunr
803 3477 989 3598 integra
1013 3477 1259 3599 privilegia
1274 3479 1455 3574 Rorna-
1647 3595 1650 3604 ,

227 3667 375 3744 »nae
396 3639 635 3733 Ecclesiae
658 3638 768 3733 data
789 3667 818 3733 a
839 3637 1075 3732 Lndorico
1098 3638 1201 3755 Pio,
1220 3636 1393 3733 Ottone
1413 3637 1453 3756 Ι,

227 3804 329 3894 »et
361 3799 566 3894 Henrico
604 3787 656 3893 Ι.Ι
675 3799 922 3895 Accedunt
950 3781 1226 3922 Juranrenta
1258 3800 1452 3897 Roberti

202 3945 205 3950 ⁴
229 3996 254 4052 s
283 3963 432 4059 Ducis
448 3962 649 4085 Apuliae
671 3967 716 4058 ot
734 3963 993 4080 Calabriae,
1011 3991 1065 4056 ac
1081 3962 1108 4054 J
1112 3961 1291 4079 ordeni,
1309 3967 1354 4058 et
1371 3963 1453 4060 Ri-

229 4157 255 4212 »
286 4124 414 4218 cardi
436 4124 714 4246 Principum
739 4124 943 4245 Capuae,
961 4127 1007 4218 et
1028 4123 1119 4218 alia
1140 4124 1350 4246 ejusdem
1372 4151 1453 4246 go·

234 4286 414 4380 »neris
451 4287 751 4408 quamplura,
784 4315 904 4408 quae
945 4285 1117 4409 partim
1160 4285 1284 4382 edita
1325 4292 1452 4409 sunt,

231 4480 257 4537 »
286 4448 456 4574 partini
478 4448 665 4546 inedita.
689 4448 886 4545 Praeter
913 4453 1101 4574 regesta
1124 4450 1339 4571 Gregorii
1363 4451 1385 4546 I
1407 4457 1452 4548 et
