3582 5288
881 389 1054 451 ..75-

865 621 1073 707 LXXllllll.

359 889 363 894 ¹
455 852 626 950 Quisquis
644 851 949 950 Metropolitanus,
962 851 1058 926 iutra
1075 855 1128 927 lll
1146 875 1287 928 menses
1304 849 1580 948 consecrationis

358 992 432 1042 suae
450 968 494 1042 ad
511 967 615 1042 fidem
634 967 885 1066 exponendam,
899 966 1119 1066 palliumque
1137 961 1417 1067 suscipiendum,
1430 966 1474 1040 ad
1489 971 1579 1064 Apo·

357 1079 520 1154 stolieam
542 1079 659 1154 sedem
677 1103 747 1153 non
766 1079 914 1166 miserit,
939 1081 1127 1155 commissa
1153 1081 1220 1156 sibi
1246 1089 1367 1156 eareat
1392 1073 1579 1176 dignitate.

359 1193 484 1291 Sitque
504 1193 651 1268 lieentia
667 1193 948 1290 Metropolitauis
961 1193 1043 1268 aliis
1056 1205 1134 1292 post
1148 1199 1227 1270 lIet
1239 1197 1292 1269 ΙΙΙ
1304 1193 1578 1269 admonitionem

357 1305 543 1382 viduitatis
561 1307 733 1382 aeoolesiis
750 1333 834 1382 oum
860 1307 1009 1382 oonsilio
1029 1311 1069 1382 R.
1087 1309 1271 1385 Pontifiois
1288 1307 1482 1382 ordinando
1499 1307 1580 1404 Epi·

358 1443 504 1518 soopum
521 1421 722 1496 subvenire.

901 1565 1037 1649 LXXX.

453 1765 755 1841 Reverentissimo
768 1765 871 1838 fratri
888 1764 1042 1840 Aurelio.
1057 1769 1233 1840 Damasus
1247 1765 1341 1840 inter
1355 1775 1484 1841 cetera.
1498 1767 1579 1841 Vio

359 1878 490 1954 latores
507 1903 683 1954 canonum
701 1879 865 1976 graviter
881 1905 902 1952 a
920 1877 1054 1953 sanetis
1072 1879 1234 1976 patribus
1257 1879 1475 1968 iudicantur,
1499 1889 1535 1954 et
1559 1906 1581 1952 a

358 2003 481 2068 saneto
506 1993 646 2092 Spiritu
676 1993 782 2068 ouius
806 1993 982 2067 instinctu
1008 2015 1051 2066 ao
1076 1991 1165 2066 dono
1189 1991 1321 2094 conditi
1346 2000 1432 2064 sunt
1456 1993 1581 2067 coude-

361 2116 541 2182 mnantur.
560 2107 736 2194 Quoniam
754 2107 965 2180 blasfemare
983 2104 1158 2202 Spiritum
1177 2113 1344 2180 sanetum
1366 2128 1435 2178 nou
1462 2105 1581 2180 incon-

356 2243 449 2316 grue
467 2221 647 2308 videntur,
665 2221 728 2318 qui
746 2228 870 2295 eontra
888 2218 1026 2294 eosdem
1044 2227 1186 2292 sanctos
1203 2241 1357 2294 oanoues
1374 2241 1445 2292 nou
1462 2243 1581 2294 neees-

358 2332 464 2408 sitate
481 2334 666 2432 compulsi,
683 2335 742 2408 sed
761 2332 914 2407 libenter
932 2343 972 2407 ut
990 2334 1174 2430 praefixum
1192 2343 1247 2408 est
1264 2333 1400 2432 aliquid
1418 2343 1482 2407 aut
1506 2358 1581 2432 pre

359 2458 459 2522 terve
476 2459 605 2545 agunt,
617 2459 681 2522 aut
694 2447 791 2545 loqui
809 2457 1042 2544 praesumuut,
1056 2456 1120 2522 aut
1132 2447 1251 2522 faeere
1264 2446 1468 2523 volentibus
1481 2470 1582 2545 spou-

358 2571 393 2635 te
415 2561 654 2636 consentiunt.
680 2563 787 2636 Idem.
813 2564 957 2636 Statuta
983 2562 1085 2637 Sedis
1112 2562 1322 2660 Apostolioaa
1344 2571 1380 2637 et
1403 2586 1580 2637 oanouum

358 2677 578 2751 venerabilia
596 2677 738 2754 decreta
755 2677 847 2751 nulli
865 2675 1090 2754 sacerdotum
1107 2673 1251 2749 Domini
1276 2675 1444 2771 ignorare
1469 2674 1516 2748 sit
1540 2673 1581 2747 li·

358 2782 494 2864 berum.

888 2933 1040 3018 LXXXI.

455 3137 631 3210 Damasus
649 3145 686 3209 et
711 3136 820 3210 eeteri
846 3133 1011 3232 Episcopi
1033 3138 1151 3209 Roma
1176 3133 1399 3230 congregati.
1418 3131 1581 3208 Dilectis-

360 3249 461 3324 simis
475 3249 662 3324 Fratribus
675 3249 712 3322 iu
726 3248 907 3347 hyllirioO,
925 3248 1019 3324 iuter
1037 3258 1164 3324 cetera.
1179 3251 1304 3345 Neque
1321 3247 1418 3322 enim
1435 3246 1581 3322 Nioenae

359 3364 494 3461 synodo
511 3363 757 3462 praeiudioium
780 3363 924 3462 aliquod
941 3362 1018 3437 fieri
1036 3361 1152 3459 potuit
1169 3385 1231 3458 por
1247 3369 1408 3434 nostrum
1423 3358 1579 3432 Arimini

358 3487 632 3573 congregatum,
654 3477 739 3574 quia
762 3501 831 3550 nou
850 3485 991 3552 eoustat
1012 3500 1127 3573 noque
1148 3477 1346 3549 Romanum
1367 3473 1580 3571 Episcopum

300 3686 302 3691 ,
358 3589 463 3665 ouius
479 3599 563 3665 ante
580 3589 700 3663 omnia
717 3589 865 3664 decebat
878 3599 1067 3686 expectare
1081 3589 1277 3675 decretum,
1294 3611 1409 3684 nequo
1427 3586 1582 3660 Vincen-

358 3703 449 3778 tium
468 3704 529 3802 qui
557 3703 667 3778 tantis
692 3702 798 3776 annis
823 3703 1067 3803 episcopatum
1093 3701 1350 3777 inviolabiliter
1374 3700 1581 3788 oustodivit,

358 3843 473 3917 neque
489 3818 577 3895 alios
594 3819 727 3894 talibus
744 3819 937 3916 praebuisse
955 3841 1180 3892 eonsensum.

879 4039 1052 4123 LXXXII.

454 4271 522 4341 Eos
539 4267 601 4366 qui
617 4267 661 4341 ab
679 4266 852 4342 Ecclesiis
868 4267 914 4341 ad
930 4265 1113 4342 Eeolesias
1131 4265 1396 4360 migraverunt,
1412 4263 1541 4338 tandiu
1558 4289 1580 4336 a

358 4391 479 4456 nostra
495 4383 743 4457 communione
760 4381 894 4456 alienos
911 4380 1096 4465 habemus,
1115 4379 1226 4454 donee
1242 4380 1288 4454 ad
1301 4403 1361 4454 eas
1375 4378 1522 4453 redeant
1535 4377 1583 4452 ci·

359 4495 489 4572 vitales
506 4496 544 4570 iu
562 4496 692 4596 quibus
710 4495 810 4594 prius
827 4495 973 4570 fuerant
988 4493 1152 4569 ordinati.
