3654 5302
908 396 1106 458 -366-

391 520 459 594 dus
475 501 659 595 ineunda?
676 518 850 594 Catholici
870 519 1053 617 pontifices
1074 517 1219 591 fuerant
1237 514 1393 614 undique
1411 516 1481 590 iam
1495 514 1618 613 depul-

391 633 434 720 si,
450 631 586 731 solique
604 641 850 707 remanserant
866 631 955 705 socii
974 632 1292 728 perfidorumcum
1311 630 1442 729 quibus
1459 629 1531 704 iam
1547 653 1616 703 nec

392 745 525 822 licebat
540 745 672 821 habere
690 754 916 821 conventum.
929 745 1080 820 Dicente
1098 745 1243 842 psalmo.
1254 747 1333 820 Non
1352 742 1426 818 sedi
1445 743 1483 815 in
1501 741 1616 816 conci·

392 859 440 933 lio
464 860 646 946 vanitatis,
663 870 699 935 et
723 869 861 934 caetera.
878 862 954 934 Nec
971 858 1216 934 aeclesiastici
1247 857 1355 932 moris
1384 865 1439 932 est
1460 855 1617 930 cumbis

392 971 454 1071 qui
473 972 644 1070 pollutam
661 972 794 1047 habeut
814 971 1114 1062 communionem,
1132 970 1416 1070 permixtamque
1441 993 1523 1043 cum
1541 993 1618 1065 per·

394 1087 473 1163 fidis
499 1086 647 1163 miscere
671 1086 874 1164 concilium.
893 1086 1052 1162 Risimus
1075 1094 1197 1160 autem
1222 1084 1314 1182 quod
1339 1083 1613 1182 praerogativam

393 1202 521 1276 volunt
533 1201 684 1276 Acathio
701 1225 916 1298 comparare,
930 1200 1016 1298 quia
1032 1199 1220 1297 episcopus
1237 1199 1347 1274 fuerit
1366 1197 1474 1294 regiae
1491 1197 1618 1272 civita·

393 1315 450 1390 tis.
466 1315 651 1413 Numquid
675 1315 770 1413 apud
796 1313 1050 1403 Mediolanum,
1067 1311 1161 1409 apud
1180 1315 1401 1400 Ravennam,
1418 1309 1512 1408 apud
1530 1313 1618 1408 Syr·

394 1428 518 1516 urium,
534 1429 628 1525 apud
645 1429 830 1504 Treverim
856 1427 982 1502 multis
1006 1423 1226 1522 temporibus
1243 1449 1314 1500 non
1330 1422 1492 1500 constitit
1508 1423 1618 1522 impe·

395 1549 501 1615 rator.
508 1539 693 1636 Numquid
705 1565 834 1614 aurum
852 1539 996 1614 urbium
1013 1539 1223 1627 sacerdotes
1236 1538 1332 1613 ultra
1349 1561 1554 1612 mensuram
1572 1535 1620 1610 si·

393 1653 505 1729 bimet
522 1652 724 1753 antiquitus
740 1654 957 1753 deputatam,
967 1654 1150 1754 quippiam
1167 1653 1243 1728 suis
1260 1652 1499 1749 dignitatibus
1516 1675 1620 1724 usur·

395 1790 490 1863 pare.
507 1767 546 1841 Si
563 1776 660 1842 certe
677 1767 721 1842 de
738 1765 915 1861 dignitate
931 1768 1056 1863 agitur
1073 1767 1278 1858 civitatum,
1291 1767 1456 1843 secunda
1472 1765 1566 1840 sedis
1583 1773 1621 1838 et

396 1879 511 1954 tertiae
528 1880 639 1954 maior
656 1889 710 1955 est
726 1879 887 1975 dignitas
904 1880 1257 1979 sacerdotum‚quam
1269 1881 1347 1956 eius
1364 1879 1525 1956 civitatis
1540 1901 1621 1975 quae

395 2015 466 2066 non
483 1991 599 2066 solum
615 1992 710 2067 inter
727 1993 828 2068 sedes
845 1993 991 2068 minime
1012 2005 1250 2070 numerantur
1274 1994 1337 2069 sed
1353 2018 1420 2069 nec
1437 1993 1533 2068 inter
1549 2015 1622 2065 mo·

395 2104 690 2203 tropolitanorum
709 2105 790 2179 iura
815 2116 993 2182 censetur.
1011 2108 1104 2178 Nam
1130 2107 1222 2204 quod
1243 2105 1362 2182 dicitis
1380 2105 1479 2201 regie
1495 2103 1622 2179 civita·

396 2215 455 2304 tis,
472 2217 543 2290 alia
561 2224 716 2314 potestas
731 2227 786 2293 est
805 2219 908 2314 regni
926 2218 1120 2308 saecularis,
1136 2219 1207 2292 alia
1228 2218 1551 2294 ecclesiasticarum
1570 2216 1622 2290 di-

397 2330 564 2406 stributio
587 2331 818 2428 dignitatum.
837 2332 940 2408 Sicut
964 2331 1059 2407 enim
1078 2332 1244 2429 quamvis
1261 2357 1372 2430 parva
1389 2331 1519 2407 civitas
1534 2355 1622 2430 pra-

393 2445 596 2540 rogativam
616 2445 800 2544 praesentis
817 2446 922 2541 regni
947 2469 1017 2520 non
1044 2446 1178 2520 minuit
1202 2447 1298 2522 sicut
1322 2444 1518 2544 imperialis
1535 2469 1621 2544 pra-

397 2557 513 2632 sentia
529 2581 699 2634 mensura
716 2559 987 2657 dispensationis
1005 2559 1183 2655 religiosa
1203 2582 1274 2646 non
1300 2568 1426 2634 mutat.
1443 2559 1499 2632 Sit
1523 2558 1620 2632 clara
1689 2585 1697 2595 ·

398 2669 483 2743 urbs
500 2669 563 2743 illa
579 2679 752 2770 potestate
769 2671 954 2769 praesentis
978 2671 1129 2772 imperii.
1147 2673 1286 2768 Religio
1311 2672 1377 2746 sub
1394 2671 1515 2747 eodem
1531 2679 1621 2744 tunc

397 2784 511 2871 firma,
528 2791 617 2858 tunc
634 2782 798 2860 libertate
815 2795 982 2884 provecta
999 2786 1173 2876 consistit,
1190 2787 1220 2858 si
1237 2785 1355 2886 potius
1368 2787 1435 2860 hoc
1447 2795 1621 2886 praesente

398 2895 575 2994 propriam
592 2905 713 2972 teneat
729 2896 806 2973 sino
822 2897 899 2974 ulla
914 2897 1179 2998 perturbatione
1197 2923 1414 2974 mensuram.

898 3185 902 3192 -
945 3124 1072 3210 Xblll.

495 3337 745 3414 Dilectissimis
767 3338 939 3414 fratribus
964 3339 1144 3415 universis
1169 3340 1354 3439 Episcopis
1379 3340 1621 3415 Orientalibus

400 3451 565 3526 Gelasius
578 3451 672 3526 inter
689 3461 826 3527 caetera.
845 3453 920 3528 Cur
932 3475 1003 3527 non
1020 3452 1146 3527 adistis
1163 3453 1439 3550 imperatorem?
1457 3453 1532 3527 Cur
1549 3476 1618 3526 non

399 3562 569 3638 aecclesiae
581 3587 726 3638 causam
741 3573 777 3637 et
789 3564 978 3638 sacerdotii
991 3565 1190 3641 mirabilem
1204 3566 1499 3642 decolorationem
1513 3567 1622 3641 conti·

398 3675 520 3750 nuatis
531 3674 680 3750 vocibus
692 3697 763 3749 non
776 3675 982 3766 deflevistis,
991 3678 1191 3776 allegantes
1200 3705 1385 3778 uunquam
1398 3680 1440 3755 de
1450 3681 1622 3778 pontilici-

398 3787 466 3862 bus
482 3787 553 3861 nisi
565 3787 761 3864 aeclesiam
778 3787 984 3864 iudicasse?
997 3793 1076 3866 Non
1091 3817 1168 3870 esse
1181 3792 1424 3866 humanarum
1437 3792 1562 3887 legum
1578 3793 1621 3868 de

398 3899 531 3976 talibus
543 3899 635 3976 serre
645 3899 871 3992 senteutiam,
884 3900 1018 4000 absque
1031 3903 1203 3979 aecclesiae
1219 3903 1478 4002 principalibus
1493 3904 1623 3979 eonsti-

397 4014 488 4090 tutis
504 4014 739 4110 pontificibus.
753 4015 907 4114 Obsequi
921 4015 1034 4092 solere
1046 4015 1225 4115 principes
1238 4016 1453 4091 christianos
1468 4015 1622 4092 decretis

398 4126 578 4215 aecclesia,
591 4149 661 4200 non
671 4152 774 4202 suam
788 4152 990 4227 praeponere
999 4137 1219 4226 potestatem.
1229 4129 1530 4227 Episcopiscaput
1542 4129 1624 4203 sub-

398 4239 480 4316 dere
492 4238 689 4338 principem
706 4239 862 4332 solitum,
879 4263 950 4318 uon
967 4241 1114 4318 deorum
1131 4241 1309 4341 capitibus
1326 4241 1495 4316 iudicare.
