3646 5292
760 401 960 467 -217-

247 525 379 614 firmos
395 547 502 622 quarn
519 522 565 598 ad
578 521 851 619 energuminos,
868 531 904 597 et
928 521 1004 620 ipse
1028 530 1064 597 et
1088 521 1254 596 omnibus
1270 520 1470 621 presbyteri

246 639 309 736 qui
321 649 458 726 assunt,
471 645 512 712 ut
524 645 663 711 tantum
680 637 789 734 possit
801 637 918 711 audiri
932 663 953 710 a
968 637 1296 714 circumstantibus,
1307 640 1353 710 Et
1366 637 1471 712 infra.

247 750 440 826 Duodecim
455 749 661 848 Presbyteri
678 751 752 824 sint
764 757 873 824 testes
895 761 930 826 et
947 751 1125 826 adiutores
1139 751 1355 826 sacrosancti
1370 749 1472 826 Obri-

247 863 370 938 smalis
396 863 597 949 ministerii,
615 861 666 937 ita
691 871 733 936 ut
750 862 898 937 Diaconi
923 876 1000 962 post
1021 865 1164 940 dorsum
1183 865 1347 963 Episcopi
1364 874 1471 955 stent,

247 976 453 1074 Presbyteri
472 999 555 1051 vero
572 1001 593 1049 a
610 977 745 1052 dextris
762 987 798 1050 et
814 1001 835 1048 a
849 976 1016 1051 sinistris,
1034 980 1123 1051 Item
1141 978 1180 1050 in
1198 979 1354 1051 Romano
1369 976 1470 1050 Ordo,

249 1095 453 1188 Antequam
467 1089 609 1165 dicatur
626 1115 689 1188 per
706 1114 810 1187 quem
828 1089 905 1164 haec
922 1091 1041 1163 omnia
1054 1089 1203 1164 Domine
1225 1113 1363 1186 semper
1379 1087 1470 1164 bona

246 1229 357 1292 creas,
374 1203 543 1278 levantur
560 1204 603 1278 de
619 1203 790 1301 ampullis
807 1227 896 1300 quas
914 1204 1066 1278 offerunt
1086 1201 1213 1300 populi,
1240 1210 1275 1277 et
1291 1201 1472 1276 benedicit

246 1325 320 1392 tam
338 1317 488 1392 domnus
509 1320 604 1414 Papa
621 1341 729 1414 quam
747 1339 870 1392 omnes
888 1314 1105 1412 Presbyteri.

752 1514 789 1564 In
800 1495 959 1565 Exodurn.

340 1667 418 1742 Diis
438 1691 483 1742 ne
501 1667 677 1756 detrahes,
694 1674 731 1741 et
752 1665 903 1763 principi
923 1666 1041 1764 populi
1059 1665 1113 1740 tui
1131 1689 1175 1739 ne
1202 1661 1401 1739 maledices.
1425 1665 1469 1736 In

244 1781 449 1882 proverbiis.
467 1782 682 1879 Presbytero
698 1779 850 1854 humilia
866 1779 1025 1852 animam
1043 1788 1155 1868 tuam,
1172 1786 1208 1852 et
1221 1786 1392 1872 magnato
1405 1775 1470 1850 hu·

244 1895 343 1969 milia
356 1903 465 1992 eaput
477 1896 752 1968 tuum.ltem.lu
767 1893 998 1968 multitudine
1012 1891 1301 1990 presbyterorum
1314 1891 1468 1989 pruden-

243 2007 334 2081 tium
353 2015 419 2095 sta,
436 2015 472 2080 et
489 2005 686 2102 prudentiae
703 2005 847 2079 illorum
865 2031 909 2080 ex
933 2005 1035 2080 corde
1060 2005 1290 2100 coniungere.
1308 2006 1351 2076 ln
1372 2002 1469 2076 omni

243 2121 379 2194 virtute
392 2128 455 2192 tua
468 2117 580 2214 dilige
592 2121 751 2193 Deumet
766 2118 948 2193 ministros
961 2117 1039 2193 eius
1052 2140 1123 2191 nou
1137 2116 1329 2213 relinquas.
1340 2117 1382 2188 Iu
1395 2123 1470 2189 tota

242 2232 365 2306 anima
382 2241 445 2306 tua
461 2230 549 2307 time
566 2232 694 2321 Deum,
711 2247 748 2306 et
764 2233 963 2306 sacerdotes
980 2232 1058 2306 eius
1075 2231 1271 2306 sanctifica.

727 2457 983 2542 bllllllelIlI.

340 2685 549 2784 Cyprianus
559 2685 770 2760 Antoniane.
784 2688 883 2760 Inter
896 2693 1035 2760 caetera.
1045 2685 1097 2759 De
1111 2707 1151 2759 eo
1162 2693 1283 2759 tamen
1297 2683 1389 2782 qued
1399 2691 1469 2757 sta-

188 2831 190 2836 ’
242 2799 416 2874 tuendum
430 2807 525 2872 esset
537 2797 633 2873 circa
646 2823 793 2873 causam
810 2797 1002 2897 lapsorum,
1015 2798 1152 2889 distuli,
1164 2807 1206 2872 ut
1219 2823 1303 2873 eum
1316 2800 1419 2896 quies
1431 2806 1468 2871 et

241 2912 485 3010 tranquillitas
497 2912 579 2987 data
592 2921 697 3002 esset,
713 2922 750 2987 et
766 2912 940 3010 episcopis
957 2911 994 2985 in
1012 2939 1126 2986 uuum
1144 2912 1334 2988 convenire
1352 2910 1469 2986 indul-

113 3051 117 3058 ·
241 3026 365 3121 gentio
382 3025 505 3099 divina
522 3025 743 3122 permitteret
760 3035 848 3102 tuuc
870 3025 1134 3102 communicato
1155 3035 1191 3100 et
1213 3025 1342 3099 librato
1366 3025 1408 3100 de
1433 3047 1467 3098 o·

176 3137 178 3142 ’
242 3139 380 3214 muium
389 3139 574 3214 collatione
584 3139 741 3230 consilio,
750 3149 944 3216 statuerem
958 3139 1044 3238 quid
1054 3139 1130 3214 fieri
1143 3147 1329 3237 oporteret.
1338 3138 1376 3212 Si
1386 3137 1467 3236 quis

240 3276 326 3328 vero
338 3261 420 3327 ante
433 3251 621 3327 consilium
640 3263 813 3343 nostrum,
830 3263 963 3329 etanta
977 3253 1192 3328 sententiam
1209 3252 1291 3327 inde
1304 3252 1465 3327 omnium

234 3365 390 3441 consilio
407 3374 591 3455 statutam,
602 3365 713 3464 lapsis
729 3376 861 3442 temere
875 3367 1142 3443 communicare
1161 3365 1343 3455 voluisset,
1357 3357 1467 3463 ipse'a

243 3478 493 3554 communione
510 3479 715 3554 abstineret.
733 3480 832 3566 Quod
849 3481 958 3556 ctiam
981 3484 1129 3555 Romam
1147 3481 1190 3554 ad
1216 3481 1352 3556 clerum
1378 3490 1467 3555 tuuc

242 3591 359 3667 adhuc
372 3593 449 3667 siue
462 3592 633 3690 Episcopo
649 3603 830 3689 agentem,
843 3595 936 3668 etad
949 3593 1167 3670 consessores
1182 3593 1376 3668 maximum
1391 3617 1468 3692 pre·

241 3705 427 3804 sbyterum
441 3715 477 3781 et
489 3716 634 3781 caeteros
651 3707 689 3779 in
707 3707 866 3781 custodia
880 3709 1102 3798 constitutos,
1116 3735 1213 3784 nunc
1226 3719 1347 3784 autem
1361 3709 1399 3782 in
1412 3735 1467 3786 ec-

242 3818 350 3894 clesia
368 3843 451 3893 cum
470 3819 794 3896 Cornelioiunctos
812 3822 1096 3918 splendidissime
1122 3823 1258 3921 scripsi.
1284 3824 1383 3911 Quod
1409 3849 1466 3900 mc

242 3931 437 4030 scripsisse,
454 3933 496 4008 de
514 3925 636 4008 eorum
654 3934 837 4032 rescriptis
856 3936 1004 4034 potestis
1021 3960 1226 4034 agnoscere.

715 4159 992 4247 LXXXXVIIII.

338 4367 545 4484 Cyprianus
567 4387 793 4487 Presbyteris
809 4398 846 4464 et
863 4387 1031 4465 Diaconis
1052 4391 1171 4464 Romae
1187 4387 1466 4465 consistentibus

244 4497 416 4578 fratribus
432 4498 595 4581 salutem.
613 4501 789 4596 Quoniam
808 4502 962 4609 comperi
980 4503 1112 4580 fratres
1135 4502 1319 4584 karissimi
1346 4502 1466 4586 minus
