3638 5294
747 379 944 452 -495-

230 508 391 589 driennio
416 517 689 606 consequantur.
715 511 830 584 Penes
855 509 1035 608 episcopos
1061 521 1180 584 autem
1208 509 1276 585 erit
1301 519 1456 608 potestas

232 627 374 702 modum
398 622 640 724 conversionis
657 645 778 697 eorum
798 623 997 720 probantes
1010 623 1069 697 ve]
1082 623 1278 697 humanius
1292 646 1379 719 erga
1396 647 1455 698 eos

230 764 350 835 agere,
369 737 427 812 rel
443 736 599 834 amplius
616 745 756 833 tempus
781 737 928 810 adicere.
947 741 1062 810 Antea
1081 735 1199 809 omnia
1217 760 1301 811 vero
1325 760 1453 836 preecc-

231 854 317 928 dens
334 875 453 927 eorum
473 850 546 924 vitu
566 859 602 924 et
619 851 789 947 posterior
808 849 1023 947 inquiratur,
1036 859 1072 924 et
1089 850 1138 923 ita
1156 849 1208 924 eis
1225 850 1453 949 impertiatur
1473 937 1475 942 A

231 967 447 1042 humaniter.

274 1167 282 1174 “
353 1163 399 1214 Da
412 1161 465 1213 his
480 1161 536 1227 qui
548 1159 683 1224 propter
695 1159 845 1211 timorem
857 1159 937 1212 ritus
953 1157 1121 1222 gentilium
1132 1156 1331 1222 peregerunt

681 1260 723 1300 ex
737 1247 854 1300 eodem
867 1260 939 1312 cap.
959 1248 997 1300 V.

326 1423 377 1494 De
394 1419 452 1492 bis
474 1419 534 1516 qui
554 1417 661 1491 minis
686 1426 828 1491 tanturn
852 1441 988 1492 cessere
1007 1441 1156 1514 paenam,
1172 1425 1236 1490 aut
1253 1415 1452 1513 privatione

230 1531 441 1607 facultatum
461 1531 578 1605 territi
595 1539 659 1602 aut
675 1530 719 1604 de
737 1529 951 1624 migratione
969 1529 1266 1604 sacrificaverunt
1279 1543 1316 1603 et
1333 1529 1454 1603 hacte·
1505 1579 1510 1589 -

230 1673 300 1720 nus
317 1644 545 1742 paenitudinis
558 1645 806 1739 neglegenter,
818 1667 933 1739 neque
946 1643 1109 1718 conversi
1128 1669 1225 1718 nnnc
1243 1643 1351 1716 huius
1369 1667 1450 1717 con·

229 1759 304 1834 cilii
323 1771 477 1858 tempore
503 1767 614 1834 semet
638 1757 854 1844 obtulerunt,
871 1756 1113 1830 conversionis
1135 1783 1209 1830 suae
1227 1756 1376 1831 consilia
1394 1781 1453 1830 ca·

232 1871 380 1969 pientes
398 1871 534 1969 placuit
551 1894 665 1967 usque
682 1870 726 1943 ad
744 1893 915 1964 magnam
941 1868 1035 1942 diem
1061 1892 1118 1942 eos
1144 1869 1239 1943 inter
1264 1865 1450 1943 audientes

229 1983 375 2081 suscipi,
391 1994 427 2058 et
452 1993 529 2082 post
544 2007 712 2078 magnam
731 1982 824 2056 diem
842 2005 900 2056 eos
918 1981 1012 2056 inter
1037 1983 1224 2057 audientes
1246 1982 1392 2080 suscipi,
1417 1993 1453 2056 et

229 2107 307 2194 post
326 2120 497 2194 magnum
516 2097 609 2172 diem
626 2097 782 2171 triennio
799 2095 1043 2194 paenitcntiam
1058 2119 1167 2192 agere
1181 2107 1216 2171 et
1230 2097 1451 2192 postmodum

231 2209 368 2312 duobus
389 2210 494 2282 annis
518 2209 594 2283 sino
620 2208 794 2283 oblatione
818 2209 1092 2282 communicare.
1109 2213 1156 2282 Et
1182 2217 1269 2282 tunc
1298 2208 1451 2283 demum.

231 2325 284 2394 Vl
301 2321 407 2394 annis
419 2321 603 2419 completis
616 2323 660 2396 ad
678 2321 905 2419 perfectionis
918 2321 1074 2415 gratiam
1094 2323 1291 2418 pervenire.
1310 2321 1348 2393 Si
1368 2345 1451 2396 vero

229 2433 373 2530 quidam
395 2443 479 2508 ante
497 2435 590 2508 banc
607 2433 785 2531 synodum
803 2434 960 2531 suscepti
978 2435 1123 2509 suntad
1146 2435 1388 2532 penitentiam
1408 2459 1453 2510 ex

229 2546 291 2620 illo
308 2557 464 2644 tempore
483 2547 627 2620 initium
646 2547 698 2621 eis
715 2546 875 2620 sexennii
894 2543 1130 2644 computetur.
1149 2547 1187 2620 Si
1213 2547 1304 2644 quod
1329 2557 1451 2621 autem

231 2659 445 2756 pericnlum,
471 2659 528 2734 vel
548 2659 672 2734 mortis
698 2661 905 2756 expectatio
931 2670 995 2734 aut
1018 2685 1062 2733 ex
1086 2661 1295 2734 infirmitate
1320 2669 1384 2734 aut
1409 2685 1453 2734 ex

230 2771 352 2868 aliqua
373 2771 556 2847 occasione
580 2771 774 2868 contigerit
795 2772 852 2846 his
878 2773 944 2847 sub
969 2773 1174 2848 definitione
1200 2782 1335 2847 statuta
1361 2796 1453 2846 com-

233 2887 400 2960 munione
418 2885 632 2982 integretur.

277 3072 323 3124 De
341 3073 392 3125 his
405 3073 462 3139 qui
475 3072 508 3123 in
519 3073 598 3126 locis
612 3071 772 3126 idolorum
783 3059 1070 3138 manducaverunt,
1080 3085 1123 3125 ex
1134 3071 1252 3124 eodem
1265 3083 1337 3137 cap.
1347 3073 1402 3124 VI.

303 3226 353 3299 De
371 3223 428 3298 his
445 3225 507 3323 qui
524 3225 626 3300 festis
637 3226 766 3310 ,diebus
783 3225 975 3323 gentilium
994 3225 1032 3298 in
1057 3225 1200 3300 remotis
1221 3249 1342 3299 eorum
1360 3225 1450 3300 locis

232 3331 399 3410 convivia
408 3337 646 3428 celebrarunt,
656 3341 820 3438 cibosque
834 3341 990 3437 proprios
1003 3341 1201 3415 deferentes
1215 3341 1343 3415 ibidem
1359 3364 1450 3414 com-

232 3450 428 3539 mederunt,
437 3450 574 3548 placuit
591 3461 668 3548 post
686 3453 918 3550 penitentiam
936 3453 1072 3528 biennii
1090 3477 1148 3528 eos
1165 3453 1309 3550 suscipi.
1319 3457 1451 3529 Utrum

230 3587 315 3638 vero
333 3564 395 3661 qui
413 3588 496 3638 cum
513 3563 699 3653 oblatione,
717 3566 853 3662 singuli
875 3565 1118 3664 episcoporum
1136 3566 1324 3662 probantes
1337 3565 1451 3638 vitam
1493 3609 1495 3613 -

229 3698 364 3774 eorum,
381 3687 416 3750 et
433 3676 596 3772 singulos
611 3687 716 3753 actus
734 3678 948 3754 examinent.

264 3861 311 3913 De
328 3861 381 3914 his
400 3863 456 3928 qui
474 3861 662 3930 frequenter
680 3863 787 3929 ydolis
807 3863 1053 3916 immolaverunt
1071 3876 1112 3917 ex
1131 3865 1247 3916 eodem
1267 3873 1340 3927 cap.
1360 3863 1414 3914 VI.

327 4015 364 4088 Si
382 4013 445 4112 qui
462 4016 513 4088 ΙΙο
530 4023 567 4088 et
583 4017 652 4089 ΙΙΙο
673 4017 970 4092 sacrificaverunt
992 4017 1118 4107 coacti,
1135 4021 1237 4091 IIII⁰r
1254 4016 1360 4089 annis
1385 4041 1452 4112 pae-

228 4127 390 4202 nitentia
407 4127 641 4203 subiciantur.
659 4130 804 4204 Duobus
821 4139 940 4203 autem
960 4128 1040 4202 aliis
1058 4129 1135 4204 sine
1157 4128 1333 4203 oblatione
1359 4151 1450 4202 com-

228 4241 423 4330 municent,
440 4252 477 4317 et
494 4243 563 4316 VII
580 4265 674 4316 anno
691 4241 846 4339 perfecta
865 4240 1096 4342 recipiantur.
