3618 5316
711 397 907 463 -301-

190 529 373 600 mentum.
395 519 569 595 Promitto
597 518 706 595 etiam
722 517 836 594 nichil
854 515 942 592 milri
959 517 1002 592 de
1024 516 1142 593 eodem
1165 514 1251 606 loco,
1268 505 1421 591 ulterius

200 636 473 726 vendicandum,
487 635 557 710 nisi
571 633 804 735 processionis
816 631 985 728 gratiam,
997 655 1077 729 qum
1089 629 1297 706 christianis
1309 629 1422 704 omni·

198 752 320 828 busin
338 766 527 828 commune
543 749 701 825 debetur.
718 747 801 822 Pari
819 769 957 845 quoque
975 769 1078 844 proce
1095 743 1253 842 deposco,
1270 753 1312 819 ut
1328 743 1421 818 detis

198 867 338 942 litteras
347 875 486 954 vestras
498 865 542 938 ad
557 863 606 937 ill.
619 860 861 938 venerabilem
876 857 928 932 ill.
941 857 1103 933 civitatis
1111 846 1326 956 episcopum,
1336 882 1421 956 qua-

199 981 299 1056 tinus
315 978 425 1078 possit
441 977 530 1053 mihi
548 975 718 1076 reliquias
735 981 1117 1073 supramemoratorum
1132 982 1337 1046 sanctorum
1356 969 1423 1045 sol·

199 1093 390 1192 lempniter
406 1091 623 1168 contradere.
1223 1111 1226 1116 ·

741 1233 875 1319 cxxi.

294 1436 503 1511 Ambrosius
520 1436 557 1510 in
575 1435 666 1510 libro
682 1435 795 1533 primo
811 1432 853 1507 de
871 1431 1007 1506 officiis.
1033 1431 1184 1506 officere
1210 1430 1306 1506 enim
1325 1429 1422 1506 istud

198 1561 262 1642 est,
278 1575 350 1627 non
366 1552 530 1650 prodesse
547 1549 663 1640 alteri,
680 1550 709 1623 si
728 1545 897 1645 largiaris
914 1545 946 1620 ei
964 1544 1024 1643 qui
1039 1544 1229 1642 conspiret,
1247 1545 1422 1620 adversus

194 1665 360 1764 patriam,
377 1665 437 1764 qui
456 1688 679 1761 congregare
696 1665 820 1761 cupiat
844 1670 907 1734 tuo
931 1669 1078 1756 sumptu
1103 1659 1257 1757 perditos
1283 1661 1344 1759 qui
1372 1660 1424 1734 iu·

197 1787 360 1876 pugnent
377 1777 587 1853 aecclesiam.
600 1780 678 1852 Non
694 1785 747 1852 cst
764 1775 830 1849 boo
848 1772 1036 1872 probabilis
1053 1771 1259 1863 liberalitas,
1277 1772 1308 1846 si
1326 1773 1423 1848 adiu-

197 1916 360 1967 vescum
379 1892 441 1990 qui
458 1891 631 1967 adversus
648 1891 793 1965 viduam
811 1896 848 1962 et
863 1885 1017 1986 pupillos
1037 1885 1144 1982 gravi
1166 1886 1326 1962 decernit
1351 1887 1425 1960 iur-

197 2005 269 2102 gio,
281 2015 345 2080 aut
357 2005 395 2079 vi
408 2005 529 2104 aliqua
546 2005 783 2103 possessiones
800 2026 921 2078 eorum
936 2001 1070 2098 eripere
1085 2011 1245 2092 conatur,
1258 2026 1328 2078 non
1347 2025 1423 2100 pro

198 2119 305 2194 batur
328 2117 495 2215 largitas,
512 2119 542 2192 si
561 2119 654 2218 quod
671 2117 775 2193 alteri
793 2115 962 2212 largitur,
981 2114 1085 2191 alteri
1106 2115 1187 2214 quis
1208 2123 1424 2214 extorqueat.

197 2232 235 2306 Si
253 2232 385 2306 iniuste
408 2241 554 2331 quaerat,
571 2241 607 2307 01
624 2232 719 2307 iuste
744 2229 1022 2328 dispensandum
1047 2238 1159 2327 putet,
1177 2229 1248 2303 uisi
1267 2232 1356 2307 lorte
1382 2241 1424 2304 ut

196 2345 355 2420 Zachous
373 2345 498 2420 reddas
515 2345 616 2444 prius
634 2345 665 2420 ei
684 2342 922 2443 quadruplum
942 2367 1048 2441 quem
1070 2343 1304 2418 fraudaveris
1322 2344 1421 2420 Idem

196 2459 232 2534 in
259 2460 293 2532 ΙΙ
317 2456 417 2534 libro.
435 2455 525 2545 Quis
550 2457 666 2554 igitur
691 2457 749 2532 vol
776 2481 834 2532 cos
859 2456 922 2554 qui
937 2454 1089 2554 pecunia
1115 2457 1159 2530 ad
1184 2457 1421 2532 obedientiam

197 2571 456 2663 reddimuntur‚
469 2581 505 2646 et
518 2563 576 2646 oos
590 2571 651 2670 qui
665 2571 904 2646 assentatione
922 2569 1137 2660 invitantur,
1150 2570 1235 2646 fidos
1251 2571 1318 2645 sibi
1332 2571 1424 2645 arbi-

201 2687 492 2759 101111Νο1101
505 2684 560 2758 illi
574 2685 780 2782 frequenter
788 2707 826 2758 se
840 2683 992 2758 vendere
1004 2683 1141 2774 volunt,
1153 2695 1189 2759 et
1201 2684 1263 2760 isti
1275 2685 1425 2784 imperia

195 2793 284 2868 dura
301 2793 393 2869 serre
410 2819 480 2868 nou
499 2793 657 2893 possunt,
674 2795 744 2870 levi
762 2798 1072 2874 assentatiuncula
1090 2799 1195 2876 facile
1213 2802 1418 2898 capiuntur.

196 2909 235 2984 Si
252 2909 485 3008 praestrixerit
503 2909 620 3000 verbo,
637 2910 927 3008 immurmurant,
941 2913 1120 3003 deserunt,
1137 2914 1259 2989 infesti
1272 2914 1417 3004 abeunt,

195 3023 427 3120 indignantes
444 3023 662 3122 relinquunt.
680 3026 859 3123 Imperare
875 3025 1015 3100 malunt
1028 3051 1136 3124 quam
1153 3026 1305 3114 obedire,
1318 3026 1423 3126 quasi

195 3137 362 3212 obnoxios
378 3138 549 3213 beneficio
561 3137 738 3213 subiectos
755 3137 823 3212 sibi
836 3139 961 3214 debore
975 3139 1183 3220 existimant
1200 3164 1287 3239 quos
1300 3139 1420 3238 praesi-

195 3261 250 3324 tos
266 3251 334 3326 sibi
351 3250 480 3326 habero
497 3251 656 3327 debeant.
673 3250 763 3338 Quis
780 3251 895 3347 igitur
913 3253 980 3328 sibi
1000 3253 1121 3328 fideles
1138 3241 1240 3352 putot
1257 3275 1344 3350 quos
1361 3252 1422 3326 vel

195 3363 346 3462 pecunia
362 3373 399 3438 01
409 3363 624 3439 adulationis
638 3357 706 3437 sibi
718 3363 926 3458 obligandos
939 3365 1216 3441 or·odidit?Nam
1231 3374 1267 3440 et
1280 3365 1342 3441 ille
1355 3365 1418 3464 qui

193 3477 383 3576 pecuniam
402 3477 541 3576 accepit
558 3477 667 3552 vilem
686 3501 724 3552 se
737 3485 773 3551 et
790 3477 996 3576 despectum
1014 3477 1161 3568 iudicat,
1178 3477 1249 3551 nisi
1266 3501 1348 3575 sepe
1367 3502 1421 3552 re·

198 3589 367 3664 diruatur.
385 3592 509 3688 ltaque
526 3589 732 3688 frequenter
750 3599 913 3687 expectat
926 3591 1081 3689 pretium
1099 3599 1267 3679 suamet
1287 3589 1348 3666 1110
1362 3589 1424 3689 qui

197 3701 476 3779 obsecrationem
490 3701 647 3778 ambitus
659 3702 816 3792 videtur,
826 3704 907 3779 vult
920 3729 1060 3803 semper
1073 3704 1203 3802 rogari.
1213 3708 1311 3800 Ergo
1322 3703 1424 3780 bonis

197 3815 335 3890 artibus
351 3827 388 3892 et
404 3816 543 3893 sincero
559 3817 734 3914 proposito
750 3814 938 3892 nitendum
957 3818 1002 3893 ad
1018 3817 1185 3892 honorem
1202 3815 1365 3906 arbitror,
1387 3825 1424 3890 et

197 3930 350 4005 maxime
366 3929 662 4006 ecclesiasticum.
679 3931 728 4004 Ut
744 3952 859 4027 neque
878 3929 1046 4028 resupina
1063 3928 1281 4026 arrogantia,
1294 3928 1354 4004 vel
1372 3953 1425 4004 re·

199 4042 307 4118 missa
325 4043 552 4140 negligentia
570 4044 620 4132 fit,
634 4066 749 4141 neque
762 4043 879 4141 turpis
896 4042 1075 4119 affectatio
1088 4053 1124 4118 et
1137 4042 1301 4118 indecora
1314 4041 1425 4116 ambi-

196 4157 255 4230 tio.
273 4155 328 4231 Ad
345 4159 463 4232 omnia
479 4155 637 4231 abundat
653 4155 766 4230 animi
785 4153 920 4230 directa
937 4155 1160 4253 simplicitas,
1178 4153 1334 4252 satisque
1360 4154 1426 4228 soi·

196 4293 260 4367 psa
274 4270 505 4346 commendat.
526 4273 568 4344 In
590 4270 667 4367 ipso
687 4291 772 4343 vero
793 4293 941 4343 munero
959 4293 1074 4366 neque
1093 4267 1333 4343 severitatem
1348 4291 1425 4342 esso

195 4383 285 4457 dura
303 4385 471 4485 convenit
488 4407 555 4458 noc
572 4383 723 4456 nimiam
741 4382 1000 4472 remissionem,
1022 4407 1067 4457 ue
1083 4390 1148 4457 aut
1164 4391 1373 4480 potestatem
1392 4406 1426 4456 e·

196 4520 352 4587 11010010,
364 4507 428 4572 aut
437 4504 643 4594 susceptum
658 4496 815 4572 officium
827 4519 1053 4596 nequaquam
1068 4493 1216 4594 implere
1229 4494 1428 4571 videamur.
