3646 5292
719 433 760 451 -
784 401 851 466 ass
876 433 916 448 -

736 574 914 659 XXXVII.

386 738 436 789 Ex
456 737 598 802 epistola
616 737 772 802 Simplicii
790 739 852 790 PP.
873 735 1034 790 Florentio
1056 736 1090 790 et
1107 737 1248 805 Equitio.

301 875 353 949 De
363 872 559 948 redditibus
572 872 743 949 aecclesia
752 873 810 949 rel
823 873 997 949 oblatione
1013 873 1171 948 fidelium
1182 872 1255 948 sola
1267 871 1429 970 episeopo
1507 969 1510 974 Α

205 1012 249 1063 ex
265 987 323 1062 his
340 1011 414 1061 una
431 988 544 1087 portio
562 986 779 1077 remittatur,
792 988 871 1062 duae
884 985 1137 1062 ecclesiasticis
1151 984 1296 1060 fabricis
1309 993 1344 1060 et
1357 1007 1430 1060 ero-

203 1099 341 1197 gationi
351 1099 621 1199 peregrinorum
635 1108 672 1176 et
684 1125 880 1199 pauperum
890 1099 1128 1198 profuturae,a
1139 1099 1348 1198 presbytero
1361 1097 1428 1173 sub

204 1213 363 1312 periculo
380 1213 436 1288 sui
454 1213 588 1288 ordinis
607 1213 867 1289 ministrentur.
885 1212 1021 1290 Ultima
1035 1211 1178 1288 clericis
1190 1234 1252 1311 pro
1269 1211 1430 1308 singulo-

205 1353 285 1401 rum
304 1326 445 1402 meritis
463 1327 655 1402 dividatur.
668 1331 715 1402 Et
732 1327 836 1402 infra.
855 1327 923 1404 Cui
941 1327 1033 1402 idem
1048 1325 1251 1403 Gaudentio
1267 1325 1429 1424 episcopo

205 1439 408 1538 specialiter
425 1439 463 1514 in
480 1439 547 1516 hoc
564 1441 792 1541 praecipimus
810 1441 1002 1532 immineri,
1015 1450 1056 1517 ut
1069 1451 1142 1517 tres
1155 1440 1236 1515 illas
1249 1439 1427 1541 portiones

206 1578 296 1653 quas
312 1553 467 1629 triennio
483 1554 552 1630 sibi
568 1555 814 1631 tantummodo
831 1555 964 1632 dicitur
981 1555 1200 1646 vendicasse,
1218 1553 1396 1631 restituat.

723 1757 920 1842 XXXVIII.

445 1961 495 2012 Ex
513 1959 645 2015 decreto
664 1959 786 2015 Gelasii
805 1963 907 2029 Papae
926 1973 998 2027 cap.
1019 1961 1183 2015 XXVIIII.

299 2124 476 2210 Quattuor
492 2130 613 2198 autern
631 2131 705 2198 tam
722 2122 765 2199 de
783 2124 923 2200 redditu
940 2148 1050 2223 quam
1075 2123 1119 2199 de
1144 2121 1319 2198 oblatione
1345 2077 1428 2198 tide·

205 2235 296 2309 linm
306 2244 411 2334 prout
420 2235 613 2312 cuiuslibet
626 2235 797 2312 aecclesiae
810 2237 986 2312 saccultas
1002 2235 1172 2326 admittit,
1185 2236 1281 2312 sicut
1293 2235 1428 2312 dudum

203 2347 460 2424 rationabiliter
477 2357 531 2425 est
547 2349 742 2441 decretum,
760 2350 931 2427 convenit
948 2350 1025 2425 fieri
1050 2350 1238 2451 portiones.
1264 2352 1426 2438 Quarum

202 2464 250 2538 sit
267 2488 340 2538 una
357 2464 546 2562 pontificis,
562 2464 676 2540 altera
694 2463 918 2555 clericorum,
935 2488 1132 2564 pauperum
1156 2464 1274 2555 tertia,
1300 2473 1428 2562 quarta

202 2576 348 2653 fabricis
364 2576 585 2676 applicanda.
603 2577 654 2654 De
671 2577 801 2678 quibus
820 2577 916 2656 sicut
932 2579 1126 2655 sacerdotis
1144 2578 1321 2669 intererit,
1339 2579 1429 2654 inte-

201 2713 307 2786 gram
326 2689 502 2765 ministris
519 2689 690 2767 aecelesiae
708 2700 940 2766 memoratam
958 2693 1157 2791 dependere
1180 2691 1430 2791 quantitatem,

205 2803 258 2880 sic
275 2803 430 2880 clericus
447 2803 544 2879 ultra
561 2805 764 2902 delegatam
784 2805 852 2880 sibi
866 2831 1043 2880 summam
1058 2805 1149 2880 nihil
1164 2805 1358 2882 insolenter
1370 2828 1430 2880 no

203 2917 298 2992 verit
315 2919 562 3019 expetendum.
578 2921 631 2993 Ea
648 2941 734 2995 vero
751 2943 831 3018 quae
848 2919 1103 2996 ecclesiasticis
1115 2919 1242 2995 officiis
1254 2918 1429 2994 attributa

205 3041 302 3123 sunt,
318 3031 405 3109 huic
418 3031 515 3131 operi
528 3031 705 3108 veraciter
722 3041 933 3130 praerogata,
946 3032 1104 3109 locorum
1117 3033 1240 3110 deceat
1252 3032 1431 3108 instaura-

205 3147 255 3221 tio
273 3144 463 3221 manisesta
479 3155 695 3221 sanctorum.
710 3145 803 3234 Quia
816 3145 951 3243 nephas
963 3153 1028 3237 est,
1045 3145 1075 3219 si
1094 3145 1206 3222 sacris
1223 3143 1348 3222 edibus
1372 3143 1430 3218 de·

206 3258 354 3349 stitutis,
372 3257 410 3332 in
427 3257 571 3334 luorum
589 3283 695 3334 suum
714 3258 844 3356 praesul
862 3256 1042 3356 impendia
1059 3257 1117 3333 his
1133 3257 1323 3355 designata
1348 3280 1430 3333 con·

203 3383 329 3448 vertat.
356 3375 437 3471 Ipsa
462 3372 718 3448 nichilominus
752 3369 947 3467 ascriptam
978 3368 1194 3467 pauperibus
1223 3371 1430 3468 portionem,

204 3485 370 3583 quamvis
383 3483 516 3560 divinis
530 3484 727 3561 rationibus
736 3508 775 3559 se
788 3483 996 3580 dispensare
1011 3491 1275 3558 monstraturus
1288 3507 1365 3560 esse
1378 3485 1430 3557 vi·

204 3599 341 3689 dentur,
357 3607 478 3674 tamen
496 3598 598 3673 iuxta
615 3597 707 3698 quod
726 3597 902 3698 scriptum
920 3603 984 3670 est.
1001 3598 1051 3672 Ut
1072 3594 1219 3672 videant
1242 3620 1347 3695 opera
1371 3621 1431 3673 re-

204 3720 279 3785 stra
296 3709 398 3803 bona,
412 3721 448 3788 et
460 3711 664 3808 glorificent
682 3721 819 3810 patrem
836 3717 998 3784 vestrum
1012 3707 1075 3807 qui
1092 3707 1129 3782 in
1143 3707 1241 3785 eaelis
1253 3718 1319 3802 est,
1334 3733 1432 3808 opor-

189 3831 257 3930 tet
272 3824 381 3900 etiam
398 3825 566 3924 praesenti
584 3824 835 3902 testificatione
851 3819 1208 3921 praetentatus
1223 3819 1328 3897 famae
1344 3845 1431 3922 prae-

205 3935 319 4012 coniis
335 3959 407 4012 non
423 3936 547 4014 taceri.

712 4077 927 4165 XXXVIIII.

302 4277 545 4376 Symmachus
563 4279 658 4375 Papa
676 4277 714 4350 in
732 4273 884 4352 concilio
903 4275 1002 4351 CCX
1018 4283 1055 4350 et
1072 4277 1159 4350 VIII
1185 4277 1429 4376 episcoporum

205 4390 398 4487 praesidens
414 4391 452 4464 in
469 4390 619 4466 basilica
636 4389 730 4466 beati
747 4388 848 4465 Petri
867 4387 1027 4486 Apostoli
1044 4387 1143 4464 dixit.
1157 4391 1328 4465 Mansuro
1345 4414 1428 4466 cum

205 4499 271 4578 Dei
284 4502 395 4580 nostri
405 4502 686 4580 consideratione
699 4502 841 4580 decreto
853 4501 1049 4594 sancimus,
1057 4510 1099 4579 ut
1112 4501 1205 4579 nulli
1219 4502 1431 4603 Apostolicra
