3642 5294
920 375 1097 437 ..56-

397 499 587 597 gesserint,
603 521 674 574 uon
690 506 812 572 autem
830 496 983 570 ultimus
1003 495 1056 570 eis
1072 496 1176 571 detur
1200 495 1300 570 locus
1316 495 1347 568 si
1363 495 1406 569 de
1431 494 1538 583 clero,
1561 495 1619 570 his

398 637 481 690 vero
497 613 559 712 qui
575 621 740 688 auctores
756 635 827 686 non
840 610 989 686 fuerunt
1004 609 1199 707 impietatis
1215 609 1277 684 sed
1294 633 1357 706 per
1369 607 1617 683 necessitatem

396 705 434 802 eh
447 727 524 800 vim
540 725 786 814 abstrauntur,
797 724 935 822 placuit
947 731 989 796 ut
1005 723 1112 797 venia
1124 722 1240 812 detur,
1252 731 1289 797 et
1300 721 1455 796 habeant
1467 723 1505 794 in
1522 717 1633 797 olero'

395 839 514 916 locum
525 839 678 914 maxime
690 863 774 914 cum
786 837 1051 914 excusationem
1064 859 1127 933 pro
1142 860 1210 908 sua
1221 835 1351 909 soriam
1361 835 1437 932 (sac)
1446 833 1617 909 dederint

396 955 529 1028 Sancta
546 952 692 1027 sinodus
708 951 808 1026 dixit.
825 955 929 1026 Patet
946 950 1084 1048 eosqui
1101 959 1266 1024 auctores
1290 971 1361 1022 non
1385 949 1533 1024 fuerunt
1553 948 1618 1021 im·

395 1066 552 1164 pietatis,
575 1089 754 1164 quamque
775 1065 882 1140 tracti
906 1076 944 1140 et
964 1065 1039 1136 vim
1065 1063 1160 1161 passi
1185 1071 1282 1151 sunt,
1307 1062 1417 1160 recipi
1441 1065 1479 1134 in
1504 1086 1618 1136 sacer·

394 1179 541 1254 dotium.
558 1179 723 1254 Prolatus
740 1201 825 1254 vero
841 1178 900 1253 vel
917 1177 1099 1274 genitores
1115 1177 1296 1265 hereseon,
1320 1177 1359 1276 in
1380 1176 1617 1258 sacerdotium

394 1316 466 1368 non
483 1293 615 1368 amisit.
631 1297 679 1368 Et
695 1293 801 1367 infra.
817 1293 912 1368 Cum
929 1314 1015 1365 vero
1032 1299 1198 1387 quereret
1215 1299 1338 1364 utrum
1359 1289 1485 1364 debere
1506 1289 1617 1386 recipi

394 1405 570 1482 ordinatio
585 1429 720 1496 eorum,
737 1405 799 1504 qui
816 1405 861 1479 ab
877 1403 1046 1480 hereticis
1063 1403 1212 1501 promoti
1229 1413 1325 1477 sunt.
1341 1407 1470 1478 Petrus
1487 1404 1559 1477 Deo
1582 1427 1618 1474 a·

395 1518 536 1594 mabilis
553 1518 854 1616 Archipresbyter
878 1517 1180 1594 locum-retinens
1203 1517 1420 1592 sanctissimi
1442 1520 1547 1614 Paper
1570 1522 1618 1590 A·

394 1632 510 1707 driani
527 1631 627 1706 dixit.
644 1635 694 1708 Ut
710 1631 814 1706 aiunt
829 1631 1098 1730 hystoriograhi
1112 1639 1260 1705 sanctus
1273 1629 1440 1704 Meletius
1457 1630 1502 1703 ab
1515 1629 1615 1702 Aria-

392 1745 451 1820 nis
466 1745 652 1819 ordinatus
668 1754 735 1834 est,
751 1755 787 1820 et
803 1744 966 1820 ascendit
989 1769 1097 1843 super
1121 1743 1320 1831 ambonem,
1344 1753 1380 1818 et
1396 1744 1616 1841 praedicavit,

393 1859 610 1949 homousion,
626 1859 801 1934 ordinatio
818 1881 902 1933 vero
919 1859 998 1933 eius
1022 1881 1093 1932 non
1117 1867 1173 1932 est
1194 1857 1388 1954 repudiata.
1413 1857 1615 1932 Theodorus

393 1973 600 2072 Episcopus,
616 1982 652 2048 et
669 1973 730 2071 qui
747 1998 832 2049 oum
847 1997 887 2048 eo
900 1972 1064 2070 Episcopi
1078 1970 1212 2045 Siciliae
1224 1971 1401 2045 dixerunt.
1416 1974 1553 2045 Verum
1565 1972 1615 2044 di-

392 2085 446 2160 xit
461 2087 622 2160 Domnus
647 2087 947 2184 Archipresbyter
972 2085 1185 2183 Apostolicae
1209 2084 1396 2161 cathedrae.
1422 2085 1615 2161 Therasius

392 2198 616 2288 Patriarcha,
636 2199 735 2272 dixit.
757 2199 972 2273 Anatholius
997 2199 1131 2296 primas
1155 2209 1288 2274 sanctae
1312 2200 1426 2274 sinodi
1451 2201 1616 2276 Calcedo

390 2313 513 2390 nensis
531 2314 612 2402 fuit,
625 2323 661 2388 et
677 2313 722 2387 ab
734 2313 843 2411 impio'
856 2315 1022 2391 Dioscoro
1034 2313 1219 2387 ordinatus
1231 2323 1294 2388 est.
1307 2317 1405 2410 Ergo
1421 2315 1614 2412 suscipian-

390 2437 452 2502 tur
468 2427 530 2526 qui
546 2428 591 2502 ah
607 2427 774 2504 hereticis
791 2428 1013 2517 ordinantur,
1037 2425 1133 2502 siout
1157 2426 1219 2501 illo
1244 2437 1408 2525 receptus
1424 2434 1507 2503 est?
1523 2433 1614 2504 Item

390 2551 469 2641 post
484 2541 555 2616 alia
572 2541 734 2640 quedam,
751 2542 782 2616 si
800 2541 881 2640 quis
898 2542 1017 2616 studio
1037 2541 1082 2615 ad
1106 2541 1305 2616 hereticum
1331 2542 1414 2616 ierit
1438 2555 1475 2618 et
1496 2567 1617 2620 susce-

390 2657 483 2754 perit
498 2655 767 2744 ordinationem,
785 2656 863 2732 sine
880 2656 1081 2754 receptione
1099 2650 1175 2730 sit?
1191 2666 1228 2731 et
1244 2655 1350 2754 paulo
1368 2667 1453 2753 post.
1475 2659 1546 2745 Qui
1571 2659 1614 2733 ob

389 2768 594 2843 huiusmodi
610 2793 768 2859 causam,
780 2778 817 2844 et
830 2769 911 2844 fidei
924 2769 1203 2874 destructionem
1216 2779 1302 2844 sunt
1315 2769 1479 2859 ordinati,
1492 2783 1528 2846 et
1542 2798 1614 2845 ma·

389 2881 486 2957 xime
501 2881 533 2955 si
550 2881 715 2980 Episcopi
733 2882 913 2956 orthodoxi
931 2895 1125 2980 praesentes
1146 2884 1295 2959 fuerunt
1319 2910 1341 2956 a
1366 2884 1495 2981 quibus
1520 2896 1614 2982 pote-

390 3003 474 3067 rant
494 2997 695 3070 consecrari
713 3018 783 3069 non
798 2995 1030 3092 recipiantur.
1044 2995 1104 3072 Sic
1118 3007 1172 3071 est
1185 2997 1280 3071 enim
1295 3010 1465 3094 paternus
1477 3023 1613 3075 sensus.

390 3107 429 3181 Si
446 3131 531 3182 vero
548 3108 719 3210 synodica
737 3109 976 3206 promulgatio
993 3119 1028 3184 et
1045 3110 1233 3185 concordia
1250 3110 1485 3185 ecclesiarum
1504 3138 1613 3188 causa

389 3220 602 3295 orthodoxia
618 3221 713 3295 facta
731 3222 852 3311 suerit,
865 3223 926 3320 qui
940 3224 1206 3321 praesumpserit
1220 3224 1265 3298 ab
1277 3223 1445 3300 hereticis
1457 3227 1612 3301 ordinari

389 3334 598 3432 depositioni
615 3336 835 3411 succumbat.
1332 3329 1336 3334 ’

485 3449 618 3522 Sancta
635 3449 794 3547 synodus
811 3450 901 3524 dixit
917 3450 984 3525 hoc
1002 3451 1138 3524 iustum
1156 3459 1211 3526 est
1232 3451 1418 3526 iudicium.

913 3635 1091 3789 xxxvu.

483 3904 662 3990 Quomodo
677 3914 799 3980 autem
818 3930 951 4002 magna
975 3918 1011 3982 et
1035 3909 1253 3984 universalis
1277 3910 1349 3985 fuit
1365 3910 1429 3983 illa
1450 3913 1610 4010 synodus

386 4039 494 4114 quarn
511 4041 627 4114 neque
645 4029 856 4116 receperunt
874 4020 1094 4119 reliquarum
1112 4022 1278 4096 Presules
1292 4023 1537 4114 ecclesiarum,
1551 4025 1612 4100 sed

386 4129 606 4205 anathemati
624 4130 717 4206 hano
738 4133 1026 4208 transmiserunt.
1039 4138 1119 4208 Non
1136 4135 1233 4209 enim
1249 4135 1377 4209 habuit
1393 4137 1610 4212 adiutorium

386 4240 485 4314 illius
498 4243 667 4340 temporis
676 4246 914 4319 Romanorum
926 4248 1221 4338 Pontificum,vel
1236 4273 1294 4324 eos
1307 4250 1369 4346 qui
1382 4250 1479 4324 circa
1492 4251 1611 4349 ipsum

385 4363 472 4428 sunt
489 4355 699 4446 sacerdotes,
716 4382 783 4433 nec
800 4359 908 4432 etiam
926 4383 989 4457 per
1008 4361 1164 4436 vicarios
1181 4364 1270 4452 eius,
1288 4388 1401 4462 neque
1419 4388 1482 4462 per
1503 4391 1613 4464 ency-

386 4467 492 4544 cliam
518 4469 703 4568 epistolam
730 4495 836 4568 quam
855 4473 899 4546 ad
917 4473 1060 4550 modum
1078 4475 1140 4549 lex
1165 4477 1256 4554 diem
1283 4477 1528 4568 conciliorum,
1550 4481 1612 4554 sed
