3646 5292
909 421 950 438 -
970 385 1040 453 -172
1064 421 1105 437 -

399 512 540 587 scordes
557 510 705 608 perfidia
722 519 758 586 et
775 508 940 608 superbia
958 509 1001 582 ad
1019 504 1259 582 fratricidium
1273 505 1435 580 detraxit.
1448 509 1523 582 Neo
1535 505 1622 605 quia

401 623 529 698 habuit
538 622 672 698 infame
681 621 827 721 asylum
837 620 1097 718 flagitiosorum
1107 619 1260 695 crimina
1269 618 1621 710 suadefendeutium,

399 761 470 814 uon
487 737 772 836 agnoscentium,
785 737 846 812 sed
860 735 944 836 quia
957 735 1178 834 postmodum
1197 733 1294 810 facta
1311 742 1366 808 est
1382 733 1557 810 laudabile
1570 735 1620 809 la-

400 876 545 952 psorum
562 851 760 949 refugium,
777 851 899 950 lapsus
916 873 998 925 suos
1015 847 1204 923 humiliter
1221 849 1481 938 accusantium,
1498 858 1534 924 et
1546 873 1621 924 soe-

397 966 473 1042 lera
486 963 763 1064 praecordialiter
776 963 934 1060 effugere
949 962 1196 1061 quoerentium.
1208 965 1285 1038 Nec
1298 963 1384 1061 quia
1397 963 1556 1039 instituit
1567 989 1621 1040 se·

399 1086 526 1152 natum
544 1085 579 1152 et
595 1077 734 1152 curiam
752 1076 910 1165 civilem,
926 1085 963 1151 et
982 1076 1157 1174 quoddam
1184 1075 1349 1151 velamen
1366 1102 1449 1151 suaa
1473 1077 1620 1152 malitias

397 1217 507 1266 uuam
524 1190 738 1279 libertatem,
755 1190 816 1264 scd
833 1189 917 1288 quia
934 1198 1083 1264 actenus
1101 1199 1264 1266 sanctam
1282 1189 1495 1266 catholicam
1513 1189 1621 1265 disci-

398 1305 544 1404 plinam,
561 1314 598 1379 et
614 1303 771 1400 deligere
788 1303 1111 1380 ecclesiasticorum
1130 1303 1326 1379 officiorum
1348 1303 1545 1378 ordinarias
1569 1304 1620 1378 di-

395 1418 566 1516 gnitates,
583 1417 813 1517 decernitque
830 1417 1018 1514 generales
1035 1428 1071 1493 et
1088 1416 1260 1516 speciales
1278 1417 1509 1493 universitati
1526 1418 1620 1494 cbri-

396 1531 522 1608 stianae
542 1531 642 1628 leges
660 1523 774 1606 divini
791 1531 989 1606 famulatus
1006 1532 1051 1606 ad
1067 1556 1189 1606 veram
1208 1530 1409 1605 libertatem
1430 1531 1555 1628 gloria
1579 1533 1619 1605 fi-

396 1645 524 1720 liorum
545 1645 620 1720 Dei.
637 1648 713 1720 Nee
738 1645 823 1742 quia
848 1645 1014 1742 produxit
1039 1643 1166 1720 Decios
1190 1654 1388 1742 natumque
1408 1654 1618 1744 patremque

398 1756 566 1832 lustrales
582 1755 684 1831 bellis
701 1756 841 1830 animas
858 1780 1049 1854 acremque
1062 1757 1256 1834 Camillum
1270 1767 1307 1833 et
1319 1757 1462 1850 Curios,
1480 1758 1618 1849 Sillam,

395 1871 455 1947 vel
471 1869 617 1946 nomina
634 1895 729 1946 vana
747 1872 912 1960 Catones,
932 1870 1062 1945 Paulos
1075 1874 1205 1946 Brutos
1222 1879 1259 1946 et
1275 1871 1458 1970 popularia
1475 1871 1620 1948 nomina

397 1988 543 2074 Drusos,
560 1984 702 2081 legibus
719 1984 914 2060 inmodicos
931 2009 1126 2084 aussosque
1143 1985 1309 2082 ingentia
1323 1986 1513 2077 Gracchos,
1525 1989 1620 2062 Mar·

396 2099 505 2178 cellos
522 2099 709 2198 variosque
722 2109 848 2208 truces
865 2101 1050 2198 nudosque
1068 2099 1264 2195 Cethegos:
1282 2099 1438 2197 sedquia
1451 2109 1618 2198 paternos

396 2215 464 2290 sibi
479 2223 557 2312 post
566 2217 714 2289 Petrum
728 2224 763 2289 et
774 2214 927 2288 Paulum
941 2212 1110 2288 vendicat
1120 2209 1620 2303 Clementem,Xistum,Lau·

396 2330 565 2417 rentium,
575 2327 793 2418 Cornelium,
807 2327 1055 2416 Pancratium,
1065 2326 1294 2413 Silvestrum,
1305 2327 1510 2417 Damasum,
1520 2327 1620 2403 Cele-

396 2442 544 2532 stinum,
561 2444 704 2531 Leones,
718 2439 1361 2538 Gregorios,Bonifatios„Stepbanos,
1381 2439 1619 2536 Agathonem,

395 2555 607 2645 Adriauum,
616 2555 830 2654 Nycolaum,
839 2555 927 2630 alios
940 2579 1079 2654 quoque
1092 2553 1281 2652 utriusque
1294 2579 1400 2629 sexus
1414 2563 1618 2654 martyrum

394 2681 430 2747 et
439 2670 680 2746 confessorum
694 2668 974 2744 innumerabiles
987 2668 1133 2768 populos
1146 2669 1319 2744 iuvenum
1334 2667 1474 2745 scilicet
1486 2689 1530 2745 ao
1547 2670 1618 2742 vir-

394 2785 524 2880 giuum
542 2806 670 2858 senum
687 2792 793 2880 atque
812 2782 1003 2858 iuniorum.
1030 2783 1206 2881 Equidem
1228 2783 1371 2856 illorum
1392 2783 1618 2881 improbitate

394 2899 593 2995 insanaque
610 2896 794 2994 patientia,
811 2897 961 2972 iussuve
978 2897 1143 2995 potentiae
1160 2907 1254 2972 terra
1280 2897 1440 2995 marique
1451 2897 1615 2995 protulit.

394 3013 543 3088 Illorum
560 3034 645 3087 vero
663 3009 834 3086 modestia
850 3019 886 3085 et
902 3011 1053 3100 salutari
1078 3010 1267 3109 disciplina
1280 3033 1351 3086 non
1364 3009 1479 3085 solum
1496 3012 1617 3087 orbem

394 3137 573 3201 terrarum
592 3125 729 3221 regina,
746 3149 873 3200 verum
891 3133 927 3200 et
943 3125 1061 3222 ipsum
1078 3124 1247 3200 caelorum
1265 3147 1419 3220 regnum
1438 3123 1505 3200 sibi
1529 3149 1616 3222 praa

394 3240 516 3330 sumit,
533 3240 593 3316 oui
610 3239 818 3314 violentiam
833 3239 966 3314 inferre
979 3261 1049 3312 uon
1063 3237 1206 3326 desinit,
1218 3235 1296 3312 baec
1309 3246 1344 3311 et
1359 3235 1390 3311 si
1402 3261 1447 3313 ex
1461 3236 1617 3310 tirannis

394 3364 431 3431 et
443 3352 666 3452 principibus
679 3352 754 3427 suis
768 3352 909 3428 babilon
924 3374 1058 3449 magna
1073 3339 1189 3426 mater
1199 3349 1476 3425 fornicationum
1488 3359 1524 3426 et
1537 3351 1617 3426 abc

392 3465 630 3542 minationum
648 3475 743 3542 terre
756 3466 874 3541 notari
888 3466 1031 3556 meruit,
1044 3465 1082 3538 in
1096 3489 1138 3539 ea
1151 3473 1270 3539 tamen
1284 3463 1456 3563 Princeps
1470 3469 1615 3563 Aposto-

392 3579 507 3656 lorum
519 3583 647 3656 Petrus
656 3579 855 3655 aecclesiam
866 3605 942 3656 esse
951 3579 1102 3655 electam
1114 3576 1254 3668 asserit,
1263 3579 1340 3654 boec
1353 3589 1390 3654 ct
1401 3579 1432 3652 si
1446 3579 1616 3654 meretrix

392 3717 526 3790 magna
543 3693 644 3791 prius
660 3703 697 3769 et
713 3691 811 3768 ebria
828 3693 1009 3791 sanguine
1025 3703 1229 3792 martyrum
1247 3693 1365 3784 Ibesu,
1379 3692 1421 3768 de
1437 3693 1523 3767 vino
1538 3715 1617 3791 pro

391 3808 590 3884 stitutionis
603 3833 677 3883 suae
693 3799 789 3884 idest
802 3807 975 3882 idolatriae
988 3807 1126 3906 potavit
1142 3817 1178 3884 et
1188 3807 1369 3882 inbriavit
1386 3830 1509 3882 omues
1526 3830 1615 3904 gen·

391 3933 447 4000 tos
464 3922 576 3998 calice
589 3946 708 4011 auree,
721 3922 923 4021 eloquentia
937 3921 1075 3998 s‘oilicet
1085 3917 1242 3996 wseculari
1255 3929 1364 4018 atque
1376 3920 1615 4018 petentiata·

392 4063 473 4113 men
486 4037 710 4131 postmodum
723 4037 933 4135 desponsata
947 4037 1011 4111 uui
1026 4036 1103 4110 viro
1117 4035 1458 4132 Christo'virginem
1473 4041 1612 4112 uastam

392 4149 545 4248 seipsam
563 4149 717 4239 exbibet,
733 4158 841 4248 atque
858 4149 995 4248 abipso
1012 4151 1215 4226 introducta
1233 4151 1271 4224 in
1288 4149 1416 4226 cellam
1435 4149 1612 4223 vinariam

389 4264 555 4340 omnibus
572 4263 742 4361 gentibus
765 4280 870 4362 quarn
898 4265 1067 4362 praeclaro
1092 4264 1275 4340 salutifere
1290 4263 1612 4362 confessionis-po-

392 4380 474 4456 'culo
487 4389 606 4454 musta
618 4403 721 4455 novae
734 4379 862 4474 gratiae
874 4404 917 4455 ac
930 4379 1016 4454 vina
1029 4379 1160 4456 veteris
1172 4379 1374 4455 acrimoniae
1387 4379 1616 4477 profert,qui·

390 4494 458 4571 bus
474 4493 552 4594 ipsa
568 4493 726 4571 debriata
742 4494 903 4570 debriare
919 4493 1048 4594 quaerit
1064 4516 1195 4569 omnes.
1217 4495 1293 4568 Nec
1309 4491 1433 4568 solum
1459 4518 1534 4568 suae
1559 4517 1613 4568 se·
