<?xml version="1.0" encoding="UTF-8"?>
<!DOCTYPE html PUBLIC "-//W3C//DTD XHTML 1.0 Transitional//EN"
    "http://www.w3.org/TR/xhtml1/DTD/xhtml1-transitional.dtd">
<html xmlns="http://www.w3.org/1999/xhtml" xml:lang="en" lang="en">
 <head>
  <title>
</title>
<meta http-equiv="Content-Type" content="text/html;charset=utf-8" />
  <meta name='ocr-system' content='tesseract 3.04.00' />
  <meta name='ocr-capabilities' content='ocr_page ocr_carea ocr_par ocr_line ocrx_word'/>
</head>
<body>
  <div class='ocr_page' id='page_1' title='image "./deusdeditpresby00martgoog_0282.png"; bbox 0 0 3646 5292; ppageno 0'>
   <div class='ocr_carea' id='block_1_1' title="bbox 722 412 921 479">
    <p class='ocr_par' dir='ltr' id='par_1_1' title="bbox 722 412 921 479">
     <span class='ocr_line' id='line_1_1' title="bbox 722 412 921 479; baseline -0.015 0"><span class='ocrx_word' id='word_1_1' title='bbox 722 448 757 459; x_wconf 93' lang='lat'><em>-</em></span> <span class='ocrx_word' id='word_1_2' title='bbox 789 412 921 479; x_wconf 76' lang='lat'>257-</span> 
     </span>
    </p>
   </div>
   <div class='ocr_carea' id='block_1_2' title="bbox 208 531 1458 1202">
    <p class='ocr_par' dir='ltr' id='par_1_2' title="bbox 208 531 1458 1202">
     <span class='ocr_line' id='line_1_2' title="bbox 210 531 1432 632; baseline -0.001 -26"><span class='ocrx_word' id='word_1_3' title='bbox 210 535 326 609; x_wconf 88' lang='lat' dir='ltr'>iratus</span> <span class='ocrx_word' id='word_1_4' title='bbox 343 536 441 608; x_wconf 90' lang='lat' dir='ltr'>Deus</span> <span class='ocrx_word' id='word_1_5' title='bbox 457 535 597 608; x_wconf 87' lang='lat' dir='ltr'>animas</span> <span class='ocrx_word' id='word_1_6' title='bbox 614 532 781 632; x_wconf 86' lang='lat' dir='ltr'>percutit,</span> <span class='ocrx_word' id='word_1_7' title='bbox 797 533 1026 608; x_wconf 88' lang='lat' dir='ltr'>anathemate</span> <span class='ocrx_word' id='word_1_8' title='bbox 1042 532 1202 607; x_wconf 84' lang='lat' dir='ltr'>feriatur.</span> <span class='ocrx_word' id='word_1_9' title='bbox 1225 531 1349 630; x_wconf 84' lang='lat' dir='ltr'>Sitque</span> <span class='ocrx_word' id='word_1_10' title='bbox 1374 555 1432 606; x_wconf 90' lang='lat' dir='ltr'>ac·</span> 
     </span>
     <span class='ocr_line' id='line_1_3' title="bbox 209 647 1432 748; baseline -0.002 -26"><span class='ocrx_word' id='word_1_11' title='bbox 209 649 370 748; x_wconf 91' lang='lat' dir='ltr'>cipienti,</span> <span class='ocrx_word' id='word_1_12' title='bbox 387 647 446 722; x_wconf 82' lang='lat' dir='ltr'>rel</span> <span class='ocrx_word' id='word_1_13' title='bbox 462 647 712 736; x_wconf 81' lang='lat' dir='ltr'>subscribenti,</span> <span class='ocrx_word' id='word_1_14' title='bbox 729 647 823 722; x_wconf 87' lang='lat' dir='ltr'>idem</span> <span class='ocrx_word' id='word_1_15' title='bbox 841 647 883 721; x_wconf 92' lang='lat' dir='ltr'>de</span> <span class='ocrx_word' id='word_1_16' title='bbox 906 647 1064 744; x_wconf 86' lang='lat' dir='ltr'>personis</span> <span class='ocrx_word' id='word_1_17' title='bbox 1088 647 1254 745; x_wconf 89' lang='lat' dir='ltr'>superius</span> <span class='ocrx_word' id='word_1_18' title='bbox 1278 669 1432 744; x_wconf 80' lang='lat' dir='ltr'>compre</span> 
     </span>
     <span class='ocr_line' id='line_1_4' title="bbox 208 760 1433 860; baseline 0 -27"><span class='ocrx_word' id='word_1_19' title='bbox 208 760 331 836; x_wconf 81' lang='lat' dir='ltr'><strong>heusis</strong></span> <span class='ocrx_word' id='word_1_20' title='bbox 350 786 438 860; x_wconf 89' lang='lat' dir='ltr'>quas</span> <span class='ocrx_word' id='word_1_21' title='bbox 455 761 682 836; x_wconf 86' lang='lat' dir='ltr'>anathemate</span> <span class='ocrx_word' id='word_1_22' title='bbox 696 761 797 836; x_wconf 85' lang='lat' dir='ltr'>feriri</span> <span class='ocrx_word' id='word_1_23' title='bbox 810 762 1028 850; x_wconf 88' lang='lat' dir='ltr'>censuimus,</span> <span class='ocrx_word' id='word_1_24' title='bbox 1040 760 1078 833; x_wconf 90' lang='lat' dir='ltr'>in</span> <span class='ocrx_word' id='word_1_25' title='bbox 1096 765 1338 858; x_wconf 79' lang='lat' dir='ltr'>st&#39;atutapaena</span> <span class='ocrx_word' id='word_1_26' title='bbox 1352 783 1433 836; x_wconf 90' lang='lat' dir='ltr'>con·</span> 
     </span>
     <span class='ocr_line' id='line_1_5' title="bbox 210 873 1429 974; baseline -0.002 -25"><span class='ocrx_word' id='word_1_27' title='bbox 210 875 429 965; x_wconf 87' lang='lat' dir='ltr'>tubernium,</span> <span class='ocrx_word' id='word_1_28' title='bbox 446 885 589 950; x_wconf 89' lang='lat' dir='ltr'>servata</span> <span class='ocrx_word' id='word_1_29' title='bbox 606 900 713 973; x_wconf 89' lang='lat' dir='ltr'>quam</span> <span class='ocrx_word' id='word_1_30' title='bbox 732 875 971 974; x_wconf 81' lang='lat' dir='ltr'>praemisimus</span> <span class='ocrx_word' id='word_1_31' title='bbox 988 874 1026 947; x_wconf 87' lang='lat' dir='ltr'>in</span> <span class='ocrx_word' id='word_1_32' title='bbox 1049 873 1242 950; x_wconf 82' lang='lat' dir='ltr'>alienatore</span> <span class='ocrx_word' id='word_1_33' title='bbox 1258 873 1429 962; x_wconf 86' lang='lat' dir='ltr'>vindicta,</span> 
     </span>
     <span class='ocr_line' id='line_1_6' title="bbox 209 987 1458 1088; baseline -0.002 -27"><span class='ocrx_word' id='word_1_34' title='bbox 209 989 282 1062; x_wconf 90' lang='lat' dir='ltr'>nisi</span> <span class='ocrx_word' id='word_1_35' title='bbox 299 987 387 1063; x_wconf 80' lang='lat' dir='ltr'>forte</span> <span class='ocrx_word' id='word_1_36' title='bbox 404 997 440 1063; x_wconf 90' lang='lat' dir='ltr'>et</span> <span class='ocrx_word' id='word_1_37' title='bbox 457 987 630 1063; x_wconf 88' lang='lat' dir='ltr'>alienator</span> <span class='ocrx_word' id='word_1_38' title='bbox 647 989 715 1064; x_wconf 90' lang='lat' dir='ltr'>sibi</span> <span class='ocrx_word' id='word_1_39' title='bbox 733 989 818 1063; x_wconf 89' lang='lat' dir='ltr'>dum</span> <span class='ocrx_word' id='word_1_40' title='bbox 839 990 977 1088; x_wconf 89' lang='lat' dir='ltr'>repetit,</span> <span class='ocrx_word' id='word_1_41' title='bbox 993 997 1030 1064; x_wconf 91' lang='lat' dir='ltr'>et</span> <span class='ocrx_word' id='word_1_42' title='bbox 1047 988 1109 1087; x_wconf 91' lang='lat' dir='ltr'>qui</span> <span class='ocrx_word' id='word_1_43' title='bbox 1127 987 1306 1085; x_wconf 88' lang='lat' dir='ltr'>acceperit</span> <span class='ocrx_word' id='word_1_44' title='bbox 1322 987 1427 1062; x_wconf 85' lang='lat' dir='ltr'>celeri</span> <span class='ocrx_word' id='word_1_45' title='bbox 1456 1045 1458 1052; x_wconf 95' lang='lat'>.</span> 
     </span>
     <span class='ocr_line' id='line_1_7' title="bbox 211 1102 678 1202; baseline 0.004 -28"><span class='ocrx_word' id='word_1_46' title='bbox 211 1102 433 1178; x_wconf 82' lang='lat' dir='ltr'>restitutione</span> <span class='ocrx_word' id='word_1_47' title='bbox 452 1103 678 1202; x_wconf 78' lang='lat' dir='ltr'>prospexerit.</span> 
     </span>
    </p>
   </div>
   <div class='ocr_carea' id='block_1_3' title="bbox 766 1229 872 1313">
    <p class='ocr_par' dir='ltr' id='par_1_3' title="bbox 766 1229 872 1313">
     <span class='ocr_line' id='line_1_8' title="bbox 766 1229 872 1313; baseline 0.009 -1"><span class='ocrx_word' id='word_1_48' title='bbox 766 1229 872 1313; x_wconf 84' lang='lat' dir='ltr'><strong>XLII.</strong></span> 
     </span>
    </p>
   </div>
   <div class='ocr_carea' id='block_1_4' title="bbox 730 1405 909 1461">
    <p class='ocr_par' dir='ltr' id='par_1_4' title="bbox 730 1405 909 1461">
     <span class='ocr_line' id='line_1_9' title="bbox 730 1405 909 1461; baseline -0.011 -3"><span class='ocrx_word' id='word_1_49' title='bbox 730 1409 766 1458; x_wconf 91' lang='lat' dir='ltr'>In</span> <span class='ocrx_word' id='word_1_50' title='bbox 784 1405 909 1461; x_wconf 87' lang='lat' dir='ltr'>eadem.</span> 
     </span>
    </p>
   </div>
   <div class='ocr_carea' id='block_1_5' title="bbox 204 1558 1434 2688">
    <p class='ocr_par' dir='ltr' id='par_1_5' title="bbox 204 1558 1434 2688">
     <span class='ocr_line' id='line_1_10' title="bbox 303 1558 1429 1659; baseline -0.003 -25"><span class='ocrx_word' id='word_1_51' title='bbox 303 1563 402 1649; x_wconf 82' lang='lat' dir='ltr'>Quod</span> <span class='ocrx_word' id='word_1_52' title='bbox 419 1562 449 1636; x_wconf 89' lang='lat' dir='ltr'>si</span> <span class='ocrx_word' id='word_1_53' title='bbox 466 1562 601 1638; x_wconf 90' lang='lat' dir='ltr'>minore</span> <span class='ocrx_word' id='word_1_54' title='bbox 613 1564 743 1636; x_wconf 76' lang='lat' dir='ltr'>anima</span> <span class='ocrx_word' id='word_1_55' title='bbox 755 1588 829 1637; x_wconf 84' lang='lat' dir='ltr'>suae</span> <span class='ocrx_word' id='word_1_56' title='bbox 842 1587 929 1637; x_wconf 90' lang='lat' dir='ltr'>cura</span> <span class='ocrx_word' id='word_1_57' title='bbox 942 1563 1010 1638; x_wconf 91' lang='lat' dir='ltr'>sibi</span> <span class='ocrx_word' id='word_1_58' title='bbox 1024 1561 1213 1659; x_wconf 87' lang='lat' dir='ltr'>quisquam</span> <span class='ocrx_word' id='word_1_59' title='bbox 1232 1558 1429 1635; x_wconf 87' lang='lat' dir='ltr'>remedium</span> 
     </span>
     <span class='ocr_line' id='line_1_11' title="bbox 208 1675 1430 1776; baseline 0 -26"><span class='ocrx_word' id='word_1_60' title='bbox 208 1675 366 1751; x_wconf 89' lang='lat' dir='ltr'>oblatum</span> <span class='ocrx_word' id='word_1_61' title='bbox 384 1676 473 1751; x_wconf 90' lang='lat' dir='ltr'>forte</span> <span class='ocrx_word' id='word_1_62' title='bbox 491 1676 702 1773; x_wconf 84' lang='lat' dir='ltr'>neglexerit,</span> <span class='ocrx_word' id='word_1_63' title='bbox 715 1701 820 1774; x_wconf 90' lang='lat' dir='ltr'>super</span> <span class='ocrx_word' id='word_1_64' title='bbox 835 1701 1008 1776; x_wconf 87' lang='lat' dir='ltr'>penarum</span> <span class='ocrx_word' id='word_1_65' title='bbox 1021 1701 1156 1772; x_wconf 79' lang='lat' dir='ltr'>genera</span> <span class='ocrx_word' id='word_1_66' title='bbox 1170 1701 1248 1774; x_wconf 85' lang='lat' dir='ltr'>quac</span> <span class='ocrx_word' id='word_1_67' title='bbox 1265 1678 1430 1774; x_wconf 89' lang='lat' dir='ltr'>superius</span> 
     </span>
     <span class='ocr_line' id='line_1_12' title="bbox 207 1790 1434 1896; baseline 0 -32"><span class='ocrx_word' id='word_1_68' title='bbox 207 1801 378 1865; x_wconf 88' lang='lat' dir='ltr'>tenentur</span> <span class='ocrx_word' id='word_1_69' title='bbox 394 1790 561 1888; x_wconf 88' lang='lat' dir='ltr'>ascripta,</span> <span class='ocrx_word' id='word_1_70' title='bbox 578 1801 701 1866; x_wconf 88' lang='lat' dir='ltr'>contra</span> <span class='ocrx_word' id='word_1_71' title='bbox 719 1792 773 1864; x_wconf 90' lang='lat' dir='ltr'>fas</span> <span class='ocrx_word' id='word_1_72' title='bbox 795 1792 936 1888; x_wconf 89' lang='lat' dir='ltr'>siquod</span> <span class='ocrx_word' id='word_1_73' title='bbox 960 1801 1171 1896; x_wconf 84' lang='lat' dir='ltr'>conceptum</span> <span class='ocrx_word' id='word_1_74' title='bbox 1195 1791 1306 1865; x_wconf 88' lang='lat' dir='ltr'>suerit</span> <span class='ocrx_word' id='word_1_75' title='bbox 1330 1791 1434 1866; x_wconf 91' lang='lat' dir='ltr'>docu-</span> 
     </span>
     <span class='ocr_line' id='line_1_13' title="bbox 209 1902 1431 2004; baseline 0 -26"><span class='ocrx_word' id='word_1_76' title='bbox 209 1915 383 1997; x_wconf 84' lang='lat' dir='ltr'>mentum,</span> <span class='ocrx_word' id='word_1_77' title='bbox 400 1906 580 1981; x_wconf 86' lang='lat' dir='ltr'>universis</span> <span class='ocrx_word' id='word_1_78' title='bbox 598 1907 737 1980; x_wconf 88' lang='lat' dir='ltr'>iuribus</span> <span class='ocrx_word' id='word_1_79' title='bbox 755 1905 924 2004; x_wconf 82' lang='lat' dir='ltr'>quamuis</span> <span class='ocrx_word' id='word_1_80' title='bbox 940 1905 985 1978; x_wconf 88' lang='lat' dir='ltr'>ab</span> <span class='ocrx_word' id='word_1_81' title='bbox 1002 1905 1104 1979; x_wconf 90' lang='lat' dir='ltr'>initio</span> <span class='ocrx_word' id='word_1_82' title='bbox 1121 1903 1240 1977; x_wconf 88' lang='lat' dir='ltr'>nullos</span> <span class='ocrx_word' id='word_1_83' title='bbox 1264 1902 1431 1978; x_wconf 88' lang='lat' dir='ltr'>habuerit</span> 
     </span>
     <span class='ocr_line' id='line_1_14' title="bbox 207 2016 1430 2118; baseline -0.002 -24"><span class='ocrx_word' id='word_1_84' title='bbox 207 2021 356 2096; x_wconf 86' lang='lat' dir='ltr'>effectus</span> <span class='ocrx_word' id='word_1_85' title='bbox 378 2020 614 2095; x_wconf 83' lang='lat' dir='ltr'>exinaniatur.</span> <span class='ocrx_word' id='word_1_86' title='bbox 640 2020 709 2093; x_wconf 83' lang='lat' dir='ltr'>Sed</span> <span class='ocrx_word' id='word_1_87' title='bbox 730 2021 838 2095; x_wconf 87' lang='lat' dir='ltr'>liceat</span> <span class='ocrx_word' id='word_1_88' title='bbox 862 2019 1148 2118; x_wconf 89' lang='lat' dir='ltr'>quibuscumque</span> <span class='ocrx_word' id='word_1_89' title='bbox 1166 2016 1430 2092; x_wconf 79' lang='lat' dir='ltr'>aecclesiasticis</span> 
     </span>
     <span class='ocr_line' id='line_1_15' title="bbox 206 2131 1431 2234; baseline -0.002 -25"><span class='ocrx_word' id='word_1_90' title='bbox 206 2135 367 2234; x_wconf 88' lang='lat' dir='ltr'>personis</span> <span class='ocrx_word' id='word_1_91' title='bbox 384 2159 508 2210; x_wconf 86' lang='lat' dir='ltr'>vocem</span> <span class='ocrx_word' id='word_1_92' title='bbox 527 2133 819 2210; x_wconf 87' lang='lat' dir='ltr'>contradictionis</span> <span class='ocrx_word' id='word_1_93' title='bbox 836 2135 970 2224; x_wconf 84' lang='lat' dir='ltr'>offerre,</span> <span class='ocrx_word' id='word_1_94' title='bbox 988 2144 1024 2210; x_wconf 88' lang='lat' dir='ltr'>et</span> <span class='ocrx_word' id='word_1_95' title='bbox 1042 2131 1296 2209; x_wconf 87' lang='lat' dir='ltr'>aecclesiastica</span> <span class='ocrx_word' id='word_1_96' title='bbox 1312 2141 1431 2208; x_wconf 87' lang='lat' dir='ltr'>aucto·</span> 
     </span>
     <span class='ocr_line' id='line_1_16' title="bbox 206 2248 1429 2346; baseline -0.001 -24"><span class='ocrx_word' id='word_1_97' title='bbox 206 2250 312 2324; x_wconf 82' lang='lat' dir='ltr'>ritate</span> <span class='ocrx_word' id='word_1_98' title='bbox 322 2250 455 2340; x_wconf 85' lang='lat' dir='ltr'>fulciri,</span> <span class='ocrx_word' id='word_1_99' title='bbox 465 2251 516 2324; x_wconf 89' lang='lat' dir='ltr'>ita</span> <span class='ocrx_word' id='word_1_100' title='bbox 526 2259 566 2323; x_wconf 91' lang='lat' dir='ltr'>ut</span> <span class='ocrx_word' id='word_1_101' title='bbox 576 2274 658 2323; x_wconf 87' lang='lat' dir='ltr'>curn</span> <span class='ocrx_word' id='word_1_102' title='bbox 673 2248 852 2334; x_wconf 85' lang='lat' dir='ltr'>fructibus</span> <span class='ocrx_word' id='word_1_103' title='bbox 866 2251 974 2346; x_wconf 87' lang='lat' dir='ltr'>possit</span> <span class='ocrx_word' id='word_1_104' title='bbox 987 2249 1142 2324; x_wconf 82' lang='lat' dir='ltr'>alienata</span> <span class='ocrx_word' id='word_1_105' title='bbox 1152 2271 1343 2346; x_wconf 88' lang='lat' dir='ltr'>reposcere.</span> <span class='ocrx_word' id='word_1_106' title='bbox 1353 2249 1429 2321; x_wconf 86' lang='lat' dir='ltr'>Nec</span> 
     </span>
     <span class='ocr_line' id='line_1_17' title="bbox 205 2359 1430 2462; baseline -0.003 -26"><span class='ocrx_word' id='word_1_107' title='bbox 205 2362 325 2462; x_wconf 90' lang='lat' dir='ltr'>aliquo</span> <span class='ocrx_word' id='word_1_108' title='bbox 342 2389 380 2439; x_wconf 85' lang='lat' dir='ltr'>se</span> <span class='ocrx_word' id='word_1_109' title='bbox 397 2373 480 2438; x_wconf 89' lang='lat' dir='ltr'>ante</span> <span class='ocrx_word' id='word_1_110' title='bbox 497 2361 657 2437; x_wconf 86' lang='lat' dir='ltr'>tribunal</span> <span class='ocrx_word' id='word_1_111' title='bbox 674 2362 811 2438; x_wconf 87' lang='lat' dir='ltr'>Christi</span> <span class='ocrx_word' id='word_1_112' title='bbox 828 2362 1008 2437; x_wconf 88' lang='lat' dir='ltr'>obstaculo</span> <span class='ocrx_word' id='word_1_113' title='bbox 1026 2360 1176 2450; x_wconf 89' lang='lat' dir='ltr'>muniat,</span> <span class='ocrx_word' id='word_1_114' title='bbox 1190 2361 1273 2458; x_wconf 90' lang='lat' dir='ltr'>quia</span> <span class='ocrx_word' id='word_1_115' title='bbox 1287 2359 1430 2455; x_wconf 80' lang='lat' dir='ltr'>religio</span> 
     </span>
     <span class='ocr_line' id='line_1_18' title="bbox 205 2473 1428 2574; baseline -0.001 -25"><span class='ocrx_word' id='word_1_116' title='bbox 205 2475 255 2550; x_wconf 88' lang='lat' dir='ltr'>sis</span> <span class='ocrx_word' id='word_1_117' title='bbox 271 2476 460 2551; x_wconf 87' lang='lat' dir='ltr'>animabus</span> <span class='ocrx_word' id='word_1_118' title='bbox 477 2476 522 2550; x_wconf 88' lang='lat' dir='ltr'>ad</span> <span class='ocrx_word' id='word_1_119' title='bbox 540 2475 777 2550; x_wconf 88' lang='lat' dir='ltr'>substantiam</span> <span class='ocrx_word' id='word_1_120' title='bbox 797 2500 994 2574; x_wconf 89' lang='lat' dir='ltr'>pauperum</span> <span class='ocrx_word' id='word_1_121' title='bbox 1017 2475 1199 2565; x_wconf 89' lang='lat' dir='ltr'>derelicta,</span> <span class='ocrx_word' id='word_1_122' title='bbox 1224 2485 1347 2549; x_wconf 88' lang='lat' dir='ltr'>contra</span> <span class='ocrx_word' id='word_1_123' title='bbox 1374 2473 1428 2548; x_wconf 87' lang='lat' dir='ltr'>fas</span> 
     </span>
     <span class='ocr_line' id='line_1_19' title="bbox 204 2588 915 2688; baseline 0 -26"><span class='ocrx_word' id='word_1_124' title='bbox 204 2590 281 2665; x_wconf 87' lang='lat' dir='ltr'>sine</span> <span class='ocrx_word' id='word_1_125' title='bbox 297 2589 417 2688; x_wconf 89' lang='lat' dir='ltr'>aliqua</span> <span class='ocrx_word' id='word_1_126' title='bbox 434 2589 713 2665; x_wconf 82' lang='lat' dir='ltr'>consideratione</span> <span class='ocrx_word' id='word_1_127' title='bbox 731 2588 915 2686; x_wconf 83' lang='lat' dir='ltr'>dispergit.</span> 
     </span>
    </p>
   </div>
   <div class='ocr_carea' id='block_1_6' title="bbox 755 2755 879 2839">
    <p class='ocr_par' dir='ltr' id='par_1_6' title="bbox 755 2755 879 2839">
     <span class='ocr_line' id='line_1_20' title="bbox 755 2755 879 2839; baseline 0 -1"><span class='ocrx_word' id='word_1_128' title='bbox 755 2755 879 2839; x_wconf 84' lang='lat' dir='ltr'>XLIII.</span> 
     </span>
    </p>
   </div>
   <div class='ocr_carea' id='block_1_7' title="bbox 315 2881 1400 2984">
    <p class='ocr_par' dir='ltr' id='par_1_7' title="bbox 315 2881 1400 2984">
     <span class='ocr_line' id='line_1_21' title="bbox 315 2881 1400 2984; baseline -0.004 -12"><span class='ocrx_word' id='word_1_129' title='bbox 315 2922 364 2973; x_wconf 78' lang='lat' dir='ltr'>Ex</span> <span class='ocrx_word' id='word_1_130' title='bbox 382 2918 576 2984; x_wconf 81' lang='lat' dir='ltr'>v1syn0do</span> <span class='ocrx_word' id='word_1_131' title='bbox 597 2919 749 2984; x_wconf 78' lang='lat' dir='ltr'>symachi</span> <span class='ocrx_word' id='word_1_132' title='bbox 766 2921 868 2984; x_wconf 82' lang='lat' dir='ltr'>Papae</span> <span class='ocrx_word' id='word_1_133' title='bbox 887 2918 1122 2984; x_wconf 72' lang='lat' dir='ltr'>espiscoporum</span> <span class='ocrx_word' id='word_1_134' title='bbox 1140 2916 1307 2969; x_wconf 77' lang='lat' dir='ltr'>CCXVIII.</span> <span class='ocrx_word' id='word_1_135' title='bbox 1398 2881 1400 2889; x_wconf 16' lang='grc' dir='ltr'><strong>Α</strong></span> 
     </span>
    </p>
   </div>
   <div class='ocr_carea' id='block_1_8' title="bbox 200 3052 1427 4405">
    <p class='ocr_par' dir='ltr' id='par_1_8' title="bbox 200 3052 1427 4405">
     <span class='ocr_line' id='line_1_22' title="bbox 299 3052 1425 3154; baseline -0.003 -26"><span class='ocrx_word' id='word_1_136' title='bbox 299 3054 505 3154; x_wconf 76' lang='lat' dir='ltr'>Symachus</span> <span class='ocrx_word' id='word_1_137' title='bbox 526 3053 697 3130; x_wconf 75' lang='lat' dir='ltr'>aecclesiae</span> <span class='ocrx_word' id='word_1_138' title='bbox 722 3055 918 3153; x_wconf 81' lang='lat' dir='ltr'>Episcopus</span> <span class='ocrx_word' id='word_1_139' title='bbox 942 3052 1137 3129; x_wconf 82' lang='lat' dir='ltr'>Catholicae</span> <span class='ocrx_word' id='word_1_140' title='bbox 1162 3052 1270 3129; x_wconf 88' lang='lat' dir='ltr'>Urbis</span> <span class='ocrx_word' id='word_1_141' title='bbox 1294 3054 1425 3139; x_wconf 83' lang='lat' dir='ltr'>Romae,</span> 
     </span>
     <span class='ocr_line' id='line_1_23' title="bbox 203 3166 1427 3266; baseline -0.007 -23"><span class='ocrx_word' id='word_1_142' title='bbox 203 3168 303 3245; x_wconf 82' lang='lat' dir='ltr'>dixit.</span> <span class='ocrx_word' id='word_1_143' title='bbox 320 3171 359 3242; x_wconf 87' lang='lat' dir='ltr'>Si</span> <span class='ocrx_word' id='word_1_144' title='bbox 376 3169 434 3243; x_wconf 91' lang='lat' dir='ltr'>his</span> <span class='ocrx_word' id='word_1_145' title='bbox 451 3169 513 3266; x_wconf 91' lang='lat' dir='ltr'>qui</span> <span class='ocrx_word' id='word_1_146' title='bbox 531 3194 587 3244; x_wconf 92' lang='lat' dir='ltr'>res</span> <span class='ocrx_word' id='word_1_147' title='bbox 600 3169 664 3242; x_wconf 93' lang='lat' dir='ltr'>Dei</span> <span class='ocrx_word' id='word_1_148' title='bbox 679 3169 857 3266; x_wconf 86' lang='lat' dir='ltr'>competit,</span> <span class='ocrx_word' id='word_1_149' title='bbox 874 3168 913 3240; x_wconf 90' lang='lat' dir='ltr'>in</span> <span class='ocrx_word' id='word_1_150' title='bbox 926 3166 1007 3241; x_wconf 81' lang='lat' dir='ltr'>aliis</span> <span class='ocrx_word' id='word_1_151' title='bbox 1020 3191 1128 3264; x_wconf 88' lang='lat' dir='ltr'>quam</span> <span class='ocrx_word' id='word_1_152' title='bbox 1143 3167 1204 3241; x_wconf 93' lang='lat' dir='ltr'>ubi</span> <span class='ocrx_word' id='word_1_153' title='bbox 1217 3166 1341 3262; x_wconf 82' lang='lat' dir='ltr'>agitur</span> <span class='ocrx_word' id='word_1_154' title='bbox 1353 3189 1427 3236; x_wconf 86' lang='lat' dir='ltr'>ma·</span> 
     </span>
     <span class='ocr_line' id='line_1_24' title="bbox 202 3277 1427 3378; baseline -0.003 -23"><span class='ocrx_word' id='word_1_155' title='bbox 202 3283 297 3357; x_wconf 86' lang='lat' dir='ltr'>xime</span> <span class='ocrx_word' id='word_1_156' title='bbox 312 3281 400 3358; x_wconf 88' lang='lat' dir='ltr'>solet</span> <span class='ocrx_word' id='word_1_157' title='bbox 412 3281 602 3357; x_wconf 87' lang='lat' dir='ltr'>territoriis</span> <span class='ocrx_word' id='word_1_158' title='bbox 615 3283 836 3371; x_wconf 89' lang='lat' dir='ltr'>commorari,</span> <span class='ocrx_word' id='word_1_159' title='bbox 850 3281 1067 3357; x_wconf 86' lang='lat' dir='ltr'>sacerdotem</span> <span class='ocrx_word' id='word_1_160' title='bbox 1081 3281 1148 3355; x_wconf 92' lang='lat' dir='ltr'>Ioci</span> <span class='ocrx_word' id='word_1_161' title='bbox 1161 3280 1273 3378; x_wconf 88' lang='lat' dir='ltr'>ipsius</span> <span class='ocrx_word' id='word_1_162' title='bbox 1286 3279 1347 3354; x_wconf 92' lang='lat' dir='ltr'>ubi</span> <span class='ocrx_word' id='word_1_163' title='bbox 1364 3277 1427 3352; x_wconf 89' lang='lat' dir='ltr'>ha·</span> 
     </span>
     <span class='ocr_line' id='line_1_25' title="bbox 202 3394 1427 3494; baseline -0.005 -24"><span class='ocrx_word' id='word_1_164' title='bbox 202 3394 1427 3494; x_wconf 82' lang='lat' dir='ltr'>bitat,episcopusbuinsmodipravitatecontemptus,neglectaeper·</span> 
     </span>
     <span class='ocr_line' id='line_1_26' title="bbox 203 3505 1425 3607; baseline -0.007 -21"><span class='ocrx_word' id='word_1_165' title='bbox 203 3535 297 3587; x_wconf 73' lang='lat' dir='ltr'>sonae</span> <span class='ocrx_word' id='word_1_166' title='bbox 314 3513 445 3588; x_wconf 88' lang='lat' dir='ltr'>litteris</span> <span class='ocrx_word' id='word_1_167' title='bbox 462 3513 585 3588; x_wconf 87' lang='lat' dir='ltr'>reddat</span> <span class='ocrx_word' id='word_1_168' title='bbox 607 3511 837 3585; x_wconf 89' lang='lat' dir='ltr'>instructum.</span> <span class='ocrx_word' id='word_1_169' title='bbox 863 3515 964 3585; x_wconf 89' lang='lat' dir='ltr'>Tunc</span> <span class='ocrx_word' id='word_1_170' title='bbox 989 3509 1139 3583; x_wconf 88' lang='lat' dir='ltr'>antistes</span> <span class='ocrx_word' id='word_1_171' title='bbox 1164 3509 1278 3607; x_wconf 89' lang='lat' dir='ltr'>ipsius</span> <span class='ocrx_word' id='word_1_172' title='bbox 1301 3505 1425 3582; x_wconf 84' lang='lat' dir='ltr'>fratris</span> 
     </span>
     <span class='ocr_line' id='line_1_27' title="bbox 202 3619 1425 3724; baseline -0.005 -25"><span class='ocrx_word' id='word_1_173' title='bbox 202 3625 381 3701; x_wconf 82' lang='lat' dir='ltr'>anxietate</span> <span class='ocrx_word' id='word_1_174' title='bbox 400 3633 589 3724; x_wconf 86' lang='lat' dir='ltr'>comperta,</span> <span class='ocrx_word' id='word_1_175' title='bbox 607 3632 671 3698; x_wconf 88' lang='lat' dir='ltr'>aut</span> <span class='ocrx_word' id='word_1_176' title='bbox 688 3648 912 3720; x_wconf 86' lang='lat' dir='ltr'>pervasorem</span> <span class='ocrx_word' id='word_1_177' title='bbox 938 3649 1059 3699; x_wconf 89' lang='lat' dir='ltr'>rerum</span> <span class='ocrx_word' id='word_1_178' title='bbox 1084 3622 1343 3697; x_wconf 90' lang='lat' dir='ltr'>dominicarum</span> <span class='ocrx_word' id='word_1_179' title='bbox 1365 3619 1425 3693; x_wconf 89' lang='lat' dir='ltr'>ad-</span> 
     </span>
     <span class='ocr_line' id='line_1_28' title="bbox 203 3735 1425 3836; baseline -0.004 -24"><span class='ocrx_word' id='word_1_180' title='bbox 203 3739 395 3815; x_wconf 89' lang='lat' dir='ltr'>monitione</span> <span class='ocrx_word' id='word_1_181' title='bbox 412 3739 583 3835; x_wconf 83' lang='lat' dir='ltr'>corrigat,</span> <span class='ocrx_word' id='word_1_182' title='bbox 602 3747 666 3813; x_wconf 89' lang='lat' dir='ltr'>aut</span> <span class='ocrx_word' id='word_1_183' title='bbox 684 3747 877 3836; x_wconf 82' lang='lat' dir='ltr'>praetaxata</span> <span class='ocrx_word' id='word_1_184' title='bbox 903 3737 1073 3812; x_wconf 88' lang='lat' dir='ltr'>canonica</span> <span class='ocrx_word' id='word_1_185' title='bbox 1096 3735 1318 3834; x_wconf 89' lang='lat' dir='ltr'>correpti0ne</span> <span class='ocrx_word' id='word_1_186' title='bbox 1344 3757 1425 3808; x_wconf 91' lang='lat' dir='ltr'>con·</span> 
     </span>
     <span class='ocr_line' id='line_1_29' title="bbox 202 3849 1426 3951; baseline -0.004 -24"><span class='ocrx_word' id='word_1_187' title='bbox 202 3853 378 3951; x_wconf 83' lang='lat' dir='ltr'>dampnet.</span> <span class='ocrx_word' id='word_1_188' title='bbox 392 3853 494 3928; x_wconf 89' lang='lat' dir='ltr'>Unde</span> <span class='ocrx_word' id='word_1_189' title='bbox 508 3862 544 3926; x_wconf 90' lang='lat' dir='ltr'>et</span> <span class='ocrx_word' id='word_1_190' title='bbox 557 3853 595 3926; x_wconf 91' lang='lat' dir='ltr'>in</span> <span class='ocrx_word' id='word_1_191' title='bbox 608 3851 805 3928; x_wconf 89' lang='lat' dir='ltr'>canonibus</span> <span class='ocrx_word' id='word_1_192' title='bbox 817 3852 855 3924; x_wconf 88' lang='lat' dir='ltr'>in</span> <span class='ocrx_word' id='word_1_193' title='bbox 866 3849 1087 3945; x_wconf 83' lang='lat' dir='ltr'>Grangrcnsi</span> <span class='ocrx_word' id='word_1_194' title='bbox 1106 3849 1267 3924; x_wconf 78' lang='lat' dir='ltr'>eccclesia</span> <span class='ocrx_word' id='word_1_195' title='bbox 1280 3852 1426 3948; x_wconf 89' lang='lat' dir='ltr'>Aposto-</span> 
     </span>
     <span class='ocr_line' id='line_1_30' title="bbox 201 3962 1425 4061; baseline -0.005 -22"><span class='ocrx_word' id='word_1_196' title='bbox 201 3963 272 4042; x_wconf 65' lang='lat' dir='ltr'>I‘ica</span> <span class='ocrx_word' id='word_1_197' title='bbox 288 3967 501 4042; x_wconf 88' lang='lat' dir='ltr'>auctoritate</span> <span class='ocrx_word' id='word_1_198' title='bbox 519 3967 682 4058; x_wconf 89' lang='lat' dir='ltr'>conditis,</span> <span class='ocrx_word' id='word_1_199' title='bbox 699 3968 742 4042; x_wconf 88' lang='lat' dir='ltr'>de</span> <span class='ocrx_word' id='word_1_200' title='bbox 759 3967 945 4042; x_wconf 83' lang='lat' dir='ltr'>fructuum</span> <span class='ocrx_word' id='word_1_201' title='bbox 962 3962 1198 4038; x_wconf 90' lang='lat' dir='ltr'>oblationibus</span> <span class='ocrx_word' id='word_1_202' title='bbox 1215 3987 1294 4061; x_wconf 83' lang='lat' dir='ltr'>quae</span> <span class='ocrx_word' id='word_1_203' title='bbox 1320 3962 1425 4034; x_wconf 73' lang='lat' dir='ltr'>mini</span> 
     </span>
     <span class='ocr_line' id='line_1_31' title="bbox 201 4078 1425 4176; baseline -0.003 -24"><span class='ocrx_word' id='word_1_204' title='bbox 201 4080 286 4154; x_wconf 89' lang='lat' dir='ltr'>stris</span> <span class='ocrx_word' id='word_1_205' title='bbox 303 4079 474 4156; x_wconf 73' lang='lat' dir='ltr'>aecclesiae</span> <span class='ocrx_word' id='word_1_206' title='bbox 491 4079 675 4168; x_wconf 81' lang='lat' dir='ltr'>debentur,</span> <span class='ocrx_word' id='word_1_207' title='bbox 693 4089 728 4155; x_wconf 86' lang='lat' dir='ltr'>et</span> <span class='ocrx_word' id='word_1_208' title='bbox 746 4082 788 4155; x_wconf 89' lang='lat' dir='ltr'>de</span> <span class='ocrx_word' id='word_1_209' title='bbox 806 4079 864 4153; x_wconf 91' lang='lat' dir='ltr'>his</span> <span class='ocrx_word' id='word_1_210' title='bbox 881 4102 959 4176; x_wconf 83' lang='lat' dir='ltr'>quae</span> <span class='ocrx_word' id='word_1_211' title='bbox 976 4078 1013 4150; x_wconf 86' lang='lat' dir='ltr'>in</span> <span class='ocrx_word' id='word_1_212' title='bbox 1028 4103 1116 4152; x_wconf 90' lang='lat' dir='ltr'>usus</span> <span class='ocrx_word' id='word_1_213' title='bbox 1129 4101 1325 4176; x_wconf 90' lang='lat' dir='ltr'>pauperum</span> <span class='ocrx_word' id='word_1_214' title='bbox 1343 4099 1425 4151; x_wconf 92' lang='lat' dir='ltr'>con·</span> 
     </span>
     <span class='ocr_line' id='line_1_32' title="bbox 200 4189 1422 4288; baseline -0.002 -22"><span class='ocrx_word' id='word_1_215' title='bbox 200 4189 377 4280; x_wconf 87' lang='lat' dir='ltr'>feruntur,</span> <span class='ocrx_word' id='word_1_216' title='bbox 386 4190 558 4288; x_wconf 92' lang='lat' dir='ltr'>scriptum</span> <span class='ocrx_word' id='word_1_217' title='bbox 574 4192 764 4266; x_wconf 81' lang='lat' dir='ltr'>conferunt</span> <span class='ocrx_word' id='word_1_218' title='bbox 776 4192 938 4267; x_wconf 91' lang='lat' dir='ltr'>habetur.</span> <span class='ocrx_word' id='word_1_219' title='bbox 948 4193 986 4266; x_wconf 86' lang='lat' dir='ltr'>Si</span> <span class='ocrx_word' id='word_1_220' title='bbox 1000 4192 1081 4288; x_wconf 89' lang='lat' dir='ltr'>quis</span> <span class='ocrx_word' id='word_1_221' title='bbox 1094 4191 1287 4265; x_wconf 88' lang='lat' dir='ltr'>oblationes</span> <span class='ocrx_word' id='word_1_222' title='bbox 1300 4189 1422 4264; x_wconf 80' lang='lat' dir='ltr'>recole-</span> 
     </span>
     <span class='ocr_line' id='line_1_33' title="bbox 201 4301 1424 4405; baseline -0.004 -27"><span class='ocrx_word' id='word_1_223' title='bbox 201 4302 263 4378; x_wconf 77' lang='lat' dir='ltr'>siae</span> <span class='ocrx_word' id='word_1_224' title='bbox 279 4305 442 4405; x_wconf 90' lang='lat' dir='ltr'>accipere</span> <span class='ocrx_word' id='word_1_225' title='bbox 458 4302 517 4378; x_wconf 84' lang='lat' dir='ltr'>vel</span> <span class='ocrx_word' id='word_1_226' title='bbox 535 4303 617 4378; x_wconf 89' lang='lat' dir='ltr'>dare</span> <span class='ocrx_word' id='word_1_227' title='bbox 636 4305 801 4394; x_wconf 88' lang='lat' dir='ltr'>noluerit,</span> <span class='ocrx_word' id='word_1_228' title='bbox 824 4313 952 4401; x_wconf 72' lang='lat' dir='ltr'>praeter</span> <span class='ocrx_word' id='word_1_229' title='bbox 977 4302 1131 4400; x_wconf 89' lang='lat' dir='ltr'>episcopi</span> <span class='ocrx_word' id='word_1_230' title='bbox 1157 4301 1424 4390; x_wconf 87' lang='lat' dir='ltr'>conscientiam,</span> 
     </span>
    </p>
   </div>
   <div class='ocr_carea' id='block_1_9' title="bbox 201 4415 1528 4507">
    <p class='ocr_par' dir='ltr' id='par_1_9' title="bbox 201 4415 1528 4507">
     <span class='ocr_line' id='line_1_34' title="bbox 201 4415 1528 4507; baseline 0 -19"><span class='ocrx_word' id='word_1_231' title='bbox 201 4416 259 4490; x_wconf 87' lang='lat' dir='ltr'>vel</span> <span class='ocrx_word' id='word_1_232' title='bbox 272 4417 349 4492; x_wconf 88' lang='lat' dir='ltr'>eius</span> <span class='ocrx_word' id='word_1_233' title='bbox 362 4417 468 4491; x_wconf 89' lang='lat' dir='ltr'>ouius</span> <span class='ocrx_word' id='word_1_234' title='bbox 480 4416 727 4491; x_wconf 90' lang='lat' dir='ltr'>huiuscemodi</span> <span class='ocrx_word' id='word_1_235' title='bbox 741 4427 826 4492; x_wconf 89' lang='lat' dir='ltr'>sunt</span> <span class='ocrx_word' id='word_1_236' title='bbox 838 4417 954 4492; x_wconf 84' lang='lat' dir='ltr'>officia</span> <span class='ocrx_word' id='word_1_237' title='bbox 967 4415 1424 4507; x_wconf 85' lang='lat' dir='ltr'>commissa,neccumeius</span> <span class='ocrx_word' id='word_1_238' title='bbox 1524 4421 1528 4426; x_wconf 82' lang='grc'><strong>’</strong></span> 
     </span>
    </p>
   </div>
   <div class='ocr_carea' id='block_1_10' title="bbox 201 4527 1425 4698">
    <p class='ocr_par' dir='ltr' id='par_1_10' title="bbox 201 4527 1425 4698">
     <span class='ocr_line' id='line_1_35' title="bbox 201 4527 1425 4625; baseline 0.002 -26"><span class='ocrx_word' id='word_1_239' title='bbox 201 4528 355 4604; x_wconf 88' lang='lat' dir='ltr'>voluerit</span> <span class='ocrx_word' id='word_1_240' title='bbox 367 4553 476 4625; x_wconf 83' lang='lat' dir='ltr'>agere</span> <span class='ocrx_word' id='word_1_241' title='bbox 489 4529 648 4618; x_wconf 86' lang='lat' dir='ltr'>consilio,</span> <span class='ocrx_word' id='word_1_242' title='bbox 660 4529 851 4618; x_wconf 86' lang='lat' dir='ltr'>anathema</span> <span class='ocrx_word' id='word_1_243' title='bbox 864 4529 921 4603; x_wconf 89' lang='lat' dir='ltr'>sit.</span> <span class='ocrx_word' id='word_1_244' title='bbox 936 4533 981 4620; x_wconf 77' lang='lat' dir='ltr'>Er</span> <span class='ocrx_word' id='word_1_245' title='bbox 993 4528 1124 4605; x_wconf 89' lang='lat' dir='ltr'>iterum</span> <span class='ocrx_word' id='word_1_246' title='bbox 1139 4529 1176 4602; x_wconf 92' lang='lat' dir='ltr'>in</span> <span class='ocrx_word' id='word_1_247' title='bbox 1194 4528 1316 4604; x_wconf 86' lang='lat' dir='ltr'>eodem</span> <span class='ocrx_word' id='word_1_248' title='bbox 1335 4527 1425 4602; x_wconf 77' lang='lat' dir='ltr'>Con·</span> 
     </span>
     <span class='ocr_line' id='line_1_36' title="bbox 1209 4644 1241 4698; baseline 0.031 -1"><span class='ocrx_word' id='word_1_249' title='bbox 1209 4644 1241 4698; x_wconf 77' lang='lat'>17</span> 
     </span>
    </p>
   </div>
   <div class='ocr_carea' id='block_1_11' title="bbox 0 0 1828 5292">
    <p class='ocr_par' dir='ltr' id='par_1_11' title="bbox 0 0 1828 5292">
     <span class='ocr_line' id='line_1_37' title="bbox 0 0 1828 5292; baseline 0 3"><span class='ocrx_word' id='word_1_250' title='bbox 0 0 1828 5292; x_wconf 95' lang='lat' dir='ltr'> </span> 
     </span>
    </p>
   </div>
  </div>
 </body>
</html>
