3654 5302
908 385 950 404 -
974 353 1040 418 392
1064 385 1106 404 ·-

802 635 805 642 Ι
907 521 1082 608 uxxuu.
1195 463 1198 468 ⁵

490 697 687 792 Gregorius
703 697 742 771 in
759 700 902 802 XVIII'I
919 697 1010 772 libro
1034 697 1234 773 moralium.
1253 701 1348 786 Sunt
1372 699 1535 773 nonnulli
1560 697 1614 771 ite

395 810 551 886 districti
568 819 610 886 ut
625 835 766 887 omnem
782 801 891 886 ctiam
916 809 1238 888 mansuetudinem
1252 812 1488 910 benignitatis
1512 813 1615 886 amit

395 932 484 1002 taut.
501 927 549 999 Et
565 933 651 998 suut
667 922 831 998 nonnulli
848 925 898 999 ita
916 927 1106 1018 mausueti,
1123 938 1164 1003 ut
1180 929 1331 1027 perdant
1355 928 1509 1003 districti
1533 929 1614 1002 iura

396 1036 593 1133 regiminis.
610 1037 712 1112 Unde
728 1035 870 1113 cunctis
888 1041 1086 1115 rectoribus
1103 1051 1254 1139 utraque
1280 1064 1502 1140 summopere
1527 1051 1613 1114 sunt

395 1150 559 1239 tenenda,
571 1159 613 1226 ιιι
625 1175 692 1227 nec
708 1150 746 1224 iu
764 1152 963 1250 discipline
980 1155 1142 1250 vigorem
1159 1155 1396 1251 benignitatis
1409 1165 1613 1236 mansuetu·

395 1263 501 1351 dinis,
517 1287 584 1340 nec
603 1286 747 1338 rursum
765 1264 804 1371 in
822 1268 1096 1343 mansuetudine
1109 1267 1367 1344 districtionem
1386 1268 1549 1342 deserant
1564 1269 1616 1342 di·

396 1375 555 1474 scipline.
565 1377 745 1464 Quatinus
758 1403 858 1454 neca
871 1381 1113 1479 compassione
1127 1381 1270 1478 pietatis
1282 1381 1518 1456 obdurescant
1530 1405 1614 1456 cum

395 1497 644 1566 contumacem
670 1491 870 1588 corrigunt,
893 1518 961 1570 nec
985 1492 1181 1593 disciplinae
1203 1495 1328 1590 vigore
1353 1493 1516 1568 molliant
1532 1519 1615 1568 cum

395 1604 620 1678 infirmorum
637 1604 778 1680 animas
797 1607 1035 1683 conseleutur.
1053 1611 1169 1704 Reget
1185 1631 1271 1703 ergo
1296 1607 1495 1705 discipliuae
1511 1609 1615 1704 vigor

398 1718 722 1809 mansuetudinem,
739 1727 775 1796 et
793 1709 1028 1796 mansuetudo
1044 1731 1146 1796 ornet
1159 1721 1333 1817 vigorem,
1346 1734 1382 1796 et
1397 1721 1451 1798 sic
1464 1721 1615 1796 alterum

397 1830 664 1906 commendetur
677 1856 722 1908 ex
737 1831 860 1924 altero,
873 1843 915 1908 ut
931 1859 998 1910 nec
1015 1834 1120 1931 vigor
1136 1834 1184 1910 sit
1201 1834 1352 1930 rigidus,
1369 1859 1437 1910 nec
1453 1859 1616 1908 mansue-

396 1943 482 2019 tudo
498 1943 681 2020 dissoluta.

941 2082 1078 2168 LXXV.

374 2347 377 2354 r
492 2280 691 2376 Gregorius
707 2281 746 2354 in
763 2282 845 2356 XX.
858 2281 943 2362 Sine
956 2281 1076 2357 furore
1088 2303 1269 2378 exurgens
1281 2283 1320 2356 in
1333 2279 1439 2356 turba
1452 2281 1617 2357 clamavi.

397 2397 486 2492 Sepe
502 2403 657 2493 namque
673 2393 921 2470 seditiosorum
938 2395 1119 2471 tumultus
1136 2393 1322 2470 homnium
1348 2395 1613 2494 praepositorum

396 2531 542 2582 suorum
559 2516 716 2607 mentem
734 2497 927 2599 lacessunt,
944 2509 1072 2607 suique
1089 2508 1224 2583 ordinis
1247 2509 1381 2585 limites
1406 2509 1615 2584 inordinatis

396 2621 550 2698 motibus
566 2621 715 2698 excedit.
728 2625 775 2697 Et
791 2623 999 2723 plerumque
1013 2624 1075 2722 qui
1088 2624 1189 2721 prius
1202 2623 1272 2698 uisi
1286 2623 1326 2709 in
1338 2647 1396 2700 cre
1410 2624 1526 2699 cordis
1538 2650 1616 2700 san·

397 2738 447 2812 cti
465 2735 621 2834 Spiritus
643 2735 743 2812 freno
761 2745 962 2826 teneantur,
979 2738 1017 2811 iu
1043 2737 1143 2812 iratae
1162 2737 1406 2812 retributionis
1430 2739 1615 2812 atrocitate

397 2851 597 2951 prosiliunt,
610 2861 855 2950 quantumque
869 2851 1065 2949 praevalent
1077 2874 1196 2946 agere,
1210 2859 1352 2926 tanturn
1366 2851 1434 2926 sibi
1446 2852 1484 2926 in
1498 2851 1615 2926 subdi·

397 2967 444 3042 tis
460 2965 630 3042 estimant
646 2963 763 3040 licere.
781 2965 849 3040 Sed
866 2965 981 3040 sancti
1001 2965 1071 3040 uiri
1096 2965 1177 3063 plus
1199 2991 1236 3040 se
1257 2966 1410 3041 interius
1436 2967 1618 3064 patientias

396 3082 484 3177 iugo
500 3079 683 3154 subiciunt
700 3102 807 3176 quam
825 3079 911 3153 foris
928 3079 1132 3154 hominibus
1148 3089 1318 3178 pessunt,
1336 3089 1372 3154 ct
1389 3103 1429 3155 co
1443 3079 1615 3155 veriorem

397 3193 638 3294 principatum
655 3191 741 3266 foris
758 3191 911 3281 exibent,
924 3203 993 3289 q'uo
1006 3194 1232 3271 humiliorem
1246 3197 1318 3270 Deo
1335 3194 1585 3270 intrinsecusf
1603 3237 1617 3250 -

399 3309 578 3394 mulatum
592 3314 724 3381 tenent.
738 3310 855 3403 Atque
866 3305 997 3382 iccirco
1009 3333 1091 3408 sepe
1100 3307 1182 3407 plus
1194 3309 1363 3407 quosdam
1373 3307 1538 3400 tolerant,
1550 3332 1618 3407 quo

398 3447 437 3499 se
449 3421 492 3497 de
504 3421 562 3496 his
574 3419 702 3496 ulcisci
711 3419 866 3518 amplius
880 3432 1088 3518 possuntne
1098 3447 1142 3498 ne
1155 3447 1314 3520 unquam
1327 3423 1372 3498 ad
1382 3421 1511 3498 illicita
1523 3432 1619 3498 tran-

399 3543 511 3626 seant,
527 3534 737 3635 plerumque
763 3533 890 3607 nolunt
913 3557 975 3632 pro
991 3560 1029 3612 se
1046 3536 1178 3633 exequi·
1190 3537 1298 3610 etiam
1316 3536 1408 3634 quod
1425 3533 1522 3626 licet,
1538 3535 1619 3610 sub-

399 3653 574 3728 iectorum
592 3649 764 3747 strepitus
781 3647 969 3741 sufferunt,
982 3672 1045 3748 por
1066 3671 1222 3725 amorem
1240 3647 1542 3748 inc1·cpant,quos
1558 3673 1620 3747 per

400 3761 714 3841 mansuetudinem
731 3769 883 3860 portant.

850 4035 851 4038 p
932 3905 1086 3989 LXXVI.

451 4205 455 4210 Ι
497 4107 694 4203 Gregorius
711 4106 749 4180 in
767 4108 866 4181 XXI.
884 4109 917 4180 N
919 4115 1074 4202 egentur
1092 4098 1216 4181 clectis
1233 4105 1270 4178 in
1288 4129 1331 4180 ac
1349 4104 1423 4180 vita
1440 4105 1531 4180 bona
1549 4114 1616 4180 ter·

400 4248 497 4313 rena,
510 4221 594 4321 quia
611 4231 647 4298 et
663 4222 762 4318 egris
779 4221 910 4320 quibus
927 4245 1007 4321 spes
1024 4219 1170 4296 vivendi
1187 4229 1252 4309 est,
1265 4243 1531 4318 nequaquama
1550 4243 1619 4294 mc

400 4338 478 4414 dico
495 4346 627 4413 cuncta
645 4362 725 4436 quae
742 4346 961 4438 appetuntur
978 4335 1233 4411 conceduntur.
1246 4336 1386 4409 Dantur
1403 4357 1487 4409 vero
1505 4358 1621 4432 repro·

400 4451 456 4528 bis
471 4451 562 4537 bona
586 4450 648 4552 qui
673 4453 711 4527 in
737 4451 805 4528 hac
831 4451 907 4526 vita
931 4459 1116 4550 appetunt,
1132 4448 1217 4549 quia
1241 4459 1278 4525 et
1302 4446 1496 4547 desperatis
1520 4447 1620 4546 egris
