3582 5288
904 397 945 412 ..
971 366 1014 428 gg
1040 399 1080 414 ..

382 492 452 568 lem
477 493 563 566 dum
585 491 639 564 illi
666 490 836 588 quiequid
862 487 1020 574 fidelium
1037 486 1240 584 estubique
1265 485 1502 575 submittitur,
1518 511 1602 562 eum

381 605 491 680 totius
515 603 672 702 corporis
696 612 805 702 caput
826 627 904 677 esse
929 600 1226 697 designatores
1252 623 1322 697 quo
1346 597 1490 674 videtur
1514 597 1602 672 mihi

380 719 518 798 dictum
535 743 597 818 per
622 717 842 817 prophetem.
868 717 907 790 Si
931 716 991 792 hic
1015 713 1231 789 humiliatur
1254 713 1300 788 ad
1324 711 1429 788 cuius
1453 711 1604 809 fugietis

381 831 587 908 auxilium?
605 841 641 908 et
657 831 718 906 ubi
737 829 960 927 relinquetur
977 828 1094 926 gloria
1111 839 1241 904 vestra.

845 1165 848 1175 ,
921 1059 1062 1146 urim.

477 1288 667 1364 Simechus
684 1287 828 1364 Cesario
840 1287 935 1363 inter
946 1297 1074 1363 cetera.
1089 1289 1145 1364 Ad
1157 1289 1339 1365 decretum
1353 1291 1382 1363 si
1397 1289 1602 1364 laciendum

382 1403 539 1480 Clericus
555 1399 776 1477 subscribere
794 1400 952 1476 adhibito
968 1401 1161 1477 cuiuslibet
1177 1402 1323 1498 generis
1346 1402 1475 1478 timore
1499 1427 1605 1477 nemo

382 1516 583 1615 compellat,
600 1515 659 1590 vel
677 1514 782 1614 primi
808 1515 839 1589 is
863 1515 1043 1614 aliquibus
1067 1516 1239 1592 hortetur.
1265 1519 1456 1591 Decretum
1482 1526 1602 1591 autem
1651 1543 1653 1548 ⁴

381 1631 459 1705 sine
476 1629 674 1705 visitatoris
690 1629 869 1727 presentia
885 1653 989 1705 nemo
1005 1631 1181 1721 conficiat,
1199 1631 1304 1706 cuius
1317 1631 1521 1706 testimonio
1534 1631 1603 1706 cle·

383 1746 537 1822 ricorum
554 1770 598 1821 ac
615 1744 752 1821 civium
771 1745 880 1843 possit
897 1744 1117 1820 unanimitas
1134 1745 1324 1821 declarare.

957 1977 1025 2059 ux.

478 2205 655 2302 Hylarius
673 2207 779 2300 Papa.
798 2202 969 2276 Nonnulli
987 2205 1240 2302 Episcopatum
1255 2203 1316 2302 qui
1330 2227 1400 2278 non
1414 2205 1452 2278 in
1466 2203 1607 2280 meritis

384 2318 664 2420 praecedentibus
680 2319 804 2392 datum
821 2339 893 2391 non
918 2316 1081 2393 divinum
1108 2344 1242 2392 munus
1266 2318 1327 2392 sed
1348 2316 1604 2393 hereditarium

383 2445 552 2534 putantes
565 2459 641 2510 esse
655 2433 916 2530 compendium,
928 2431 1128 2508 concedunt
1142 2429 1236 2507 sicut
1250 2455 1306 2504 res
1319 2430 1474 2506 caducas
1487 2430 1537 2504 ita
1551 2453 1606 2504 ea-

382 2547 578 2626 oerdotium
595 2547 697 2624 velut
714 2547 828 2644 legati
844 2557 908 2622 aut
925 2545 1131 2622 testamenti
1145 2545 1224 2619 iure
1239 2567 1339 2642 posse
1352 2544 1495 2619 dimitti.
1509 2548 1601 2619 Nam

383 2663 542 2762 plerique
558 2663 597 2736 in
614 2662 739 2737 mortis
756 2662 909 2738 confinio
922 2659 1108 2738 constituti
1127 2659 1165 2734 in
1182 2661 1300 2735 locum
1319 2687 1425 2734 suum
1438 2661 1605 2735 feruntur

382 2775 470 2851 alios
487 2773 686 2872 designatis
701 2774 784 2848 aliis
802 2774 1006 2850 nominibus
1024 2775 1229 2870 subrogare,
1246 2783 1288 2848 ut
1313 2774 1452 2849 scilicet
1470 2797 1540 2848 non
1559 2774 1607 2849 le-

381 2887 512 2988 gitima
528 2896 734 2986 expectetur
749 2887 886 2974 electio,
911 2889 972 2963 sed
997 2887 1157 2964 defuncti
1182 2888 1399 2984 gratificatio
1420 2887 1603 2986 proprium

382 3002 556 3078 habeatur
568 3025 766 3076 assensum.
779 3002 880 3088 Quod
892 3025 999 3100 quam
1009 3025 1122 3099 grove
1136 3001 1194 3090 sit,
1203 3002 1387 3076 aestimate.
1398 3007 1516 3099 Atque
1530 3001 1606 3076 ideo

383 3115 413 3191 si
434 3115 564 3215 placet,
581 3115 692 3191 etiam
708 3116 802 3192 hanc
820 3115 1003 3191 licentiam
1021 3117 1239 3214 generaliter
1256 3117 1298 3191 de
1316 3114 1491 3191 aecclesiis
1508 3116 1574 3189 aul
1593 3159 1607 3174 ·

384 3257 506 3306 ramus
524 3255 568 3306 ne
585 3231 677 3328 quod
694 3241 797 3329 turpe
815 3231 949 3307 dictum
969 3235 1024 3307 est
1040 3231 1174 3306 homini
1193 3255 1230 3305 se
1248 3240 1349 3328 putet
1366 3229 1492 3305 debere
1514 3229 1606 3327 quod

383 3345 447 3422 Dei
466 3356 528 3422 est.

954 3577 1040 3660 lle.

480 3810 605 3880 Lucrrs
621 3827 710 3902 ergo
725 3807 763 3878 in
789 3817 969 3882 conventu
988 3805 1141 3882 fratrum
1160 3831 1248 3905 quos
1260 3806 1392 3882 natalis
1418 3806 1488 3880 mei
1511 3805 1607 3880 festi-

384 3920 478 3996 vitas
495 3931 718 4017 congregata
735 3920 867 3996 litteris
885 3921 1016 3998 vestris
1033 3947 1112 4021 qnae
1130 3923 1174 3998 de
1186 3921 1391 3998 ordinandis
1403 3921 1534 3996 litteris
1551 3945 1608 3994 ve·

386 4037 471 4111 stris
488 4035 685 4111 secundum
704 4046 839 4111 statuta
856 4062 1035 4113 canonum
1052 4037 1110 4112 vel
1128 4037 1426 4134 praedeoessomm
1448 4059 1607 4109 meorum

384 4151 527 4226 decreta
539 4149 652 4225 fuerit
665 4150 801 4248 prolata
811 4151 988 4227 sententia
997 4162 1252 4250 gestorumque
1262 4151 1395 4250 pariter
1403 4150 1607 4226 direximus
