3646 5292
741 398 936 465 -211-

226 523 281 589 tor
297 523 404 614 atquc
423 515 622 616 redemptor
638 519 798 593 omnium
815 517 981 606 dominus
998 526 1117 594 noster
1135 517 1260 594 Ihesus
1278 515 1446 594 Christus

225 630 373 705 tradidit
389 631 567 729 inquiens,
592 657 827 731 quaecumque
851 631 1026 728 ligaveris
1050 657 1156 731 super
1180 641 1313 706 terram
1339 642 1447 708 erunt

225 742 341 840 ligata
358 754 393 820 et
410 745 448 819 iu
467 747 563 838 caele,
580 759 616 824 et
641 771 875 846 quaecumque
900 745 1051 820 solveris
1069 754 1324 845 superterram
1341 752 1448 820 erunt

121 871 124 877 “
227 857 343 933 soluta
356 869 392 934 et
404 860 442 933 in
456 861 551 951 caele,
564 871 767 959 sanctaeque
779 869 851 935 tuae
864 856 1035 933 Ecclesiae
1047 881 1154 954 quam
1166 855 1269 930 hodie
1281 865 1344 929 tuo
1361 879 1448 952 praa·

228 972 316 1048 sidio
334 975 528 1071 regendam
546 976 712 1075 suscipio,
729 975 821 1073 quod
839 998 933 1049 verre
953 973 1035 1046 fidei
1061 972 1311 1048 rectitudinem
1338 995 1446 1068 quam

224 1085 371 1176 Christo
388 1101 533 1164 auctore
555 1089 716 1165 tradente
734 1113 796 1186 per
812 1097 859 1176 te,
876 1096 912 1161 et
929 1086 1174 1160 beatissimum
1197 1083 1447 1182 'Coapostolum

226 1207 330 1272 tuum
342 1200 506 1291 Paulum,
520 1227 581 1301 per
594 1227 700 1300 quem
714 1200 907 1300 discipulos
915 1209 950 1276 et
959 1223 1180 1276 successores
1190 1209 1327 1274 vestros
1335 1223 1448 1297 usque

227 1312 272 1386 ad
289 1313 527 1410 exiguitatem
545 1340 661 1392 meam
682 1315 865 1414 perlatam,
879 1316 917 1388 in
934 1325 998 1389 tua
1010 1323 1135 1390 sancta
1148 1313 1310 1390 aecclesia
1323 1312 1448 1410 reperi,

226 1426 310 1499 totis
322 1427 509 1502 conatibus
526 1429 616 1504 meis
629 1453 742 1526 usque
755 1428 978 1516 adauimam,
991 1438 1026 1502 et
1039 1427 1254 1524 sanguinem
1269 1425 1447 1502 custodire

228 1547 301 1612 tam
320 1539 362 1615 de
379 1551 514 1616 sauctae
531 1551 567 1616 et
583 1542 780 1616 individua
797 1541 986 1616 Trinitatis
1003 1540 1187 1639 mysteria
1205 1565 1273 1638 que
1287 1566 1381 1614 unus
1394 1547 1449 1614 est

229 1655 337 1742 Deus,
355 1678 533 1752 quamquo
551 1656 593 1730 de
611 1640 873 1752 dispensatione
890 1677 969 1750 quar
982 1652 1178 1728 secundum
1192 1677 1338 1728 carnem
1353 1653 1448 1728 faeta

227 1777 282 1842 cst
294 1767 475 1864 unigeniti
492 1767 572 1841 Filii
587 1769 651 1844 Dei
665 1768 848 1864 unigeniti
862 1767 1003 1843 Domini
1017 1767 1129 1840 nostri
1143 1767 1250 1842 llresu
1264 1761 1400 1842 Christi
1413 1775 1449 1840 et

227 1880 271 1954 de
287 1881 427 1956 caeteris
448 1881 618 1957 aecclesiae
636 1881 700 1956 Dei
721 1881 959 1977 dogmatibus
977 1881 1072 1955 sicut
1088 1879 1353 1956 universalibus
1370 1903 1450 1954 con-

227 1993 323 2068 ciliis
345 2003 381 2069 at
405 1995 612 2069 constitutis
629 1995 901 2092 apostolicorum
926 1995 1146 2093 pontificum,
1168 1994 1451 2093 probaptissimo·

227 2131 377 2204 rumque
387 2107 568 2183 doctorum
580 2108 750 2184 acclesiae
763 2109 907 2206 scriptis
920 2108 1176 2184 commendata.
1189 2107 1285 2184 Idem
1300 2132 1448 2206 quaque

228 2219 273 2293 ad
287 2221 538 2295 rectitudinem
553 2231 682 2296 vestrae
694 2232 894 2319 nostraque
907 2222 1105 2296 orthodoxae
1119 2221 1199 2296 fidei
1212 2247 1233 2294 a
1245 2231 1281 2297 te
1290 2221 1450 2296 traditio·

227 2357 309 2406 nem
328 2333 507 2430 recipiunt
519 2358 741 2410 conservare.
754 2337 886 2409 Sancta
900 2357 1037 2431 quoque
1052 2336 1121 2406 VII
1135 2333 1355 2408 universalia
1368 2356 1449 2408 con·

227 2445 321 2536 cilia,
345 2447 437 2520 idest
454 2447 645 2535 Nicenum,
671 2446 1115 2544 Constantinopolitanum,
1141 2445 1362 2543 Ephesinum
1380 2445 1449 2542 pri-

229 2585 341 2649 mum,
359 2560 646 2635 Chalcedonense
664 2565 696 2631 V
715 2584 853 2658 quoque
869 2572 905 2634 et
924 2562 975 2632 VI
989 2560 1075 2634 item
1090 2559 1450 2658 Constantinopolita-

226 2697 273 2745 na
290 2681 326 2748 et
343 2677 412 2748 Vll
430 2673 515 2748 item
533 2673 713 2748 Nicenum
732 2696 844 2770 usque
869 2674 913 2747 ad
938 2699 1053 2747 unum
1078 2673 1215 2770 apicem
1241 2673 1450 2747 inmutilata

227 2812 380 2877 servare,
393 2797 428 2862 et
436 2788 512 2886 pari
521 2787 651 2862 honore
664 2797 700 2861 et
713 2787 940 2861 veneratione
954 2785 1207 2881 dignahabere
1220 2794 1349 2883 atquae
1362 2809 1449 2884 prae·

229 2901 450 2990 dicaverunt,
467 2911 503 2975 et
520 2910 726 2976 statuerunt
746 2897 958 2975 omnimodis
974 2896 1074 2994 sequi
1092 2907 1128 2972 et
1140 2895 1343 2994 praedicare,
1358 2920 1451 2995 quar-

229 3040 296 3112 que
312 3014 651 3104 condemnaverunt,
668 3038 726 3088 ore
744 3023 780 3088 et
800 3011 903 3088 corde
928 3011 1198 3107 condempnare.
1223 3009 1448 3107 Diligentius

232 3139 353 3204 autem
372 3137 409 3204 et
425 3127 602 3218 vivacius,
619 3127 738 3204 omnia
756 3128 897 3203 decreta
914 3124 1085 3200 canonica
1101 3147 1355 3222 praecessorum
1372 3147 1451 3222 apo·

228 3242 434 3318 stolicorum
447 3251 647 3316 nostrorum
660 3240 880 3341 pontificum,
893 3263 1042 3338 quaeque
1051 3249 1087 3314 et
1095 3237 1303 3314 sinodaliter
1315 3247 1450 3314 statue·

229 3366 324 3442 runt,
338 3370 373 3432 et
385 3355 529 3453 probata
539 3364 624 3429 sunt
636 3355 845 3431 cou'lirmare
858 3362 894 3428 et
908 3351 1125 3428 indiminuta
1138 3377 1293 3444 servare,
1306 3362 1342 3428 et
1355 3353 1450 3427 sicut

229 3469 274 3544 ab
290 3469 342 3544 eis
358 3479 494 3544 statuta
511 3477 607 3558 sunt,
620 3468 657 3541 in
670 3467 727 3541 sui
741 3465 879 3563 vigoris
892 3466 1086 3542 stabilitate
1099 3467 1287 3555 custodire,
1300 3489 1449 3564 quaeque

230 3582 289 3658 vel
301 3585 459 3681 'quosque
472 3581 799 3670 condemnaverint,
811 3580 869 3656 vel
882 3579 1138 3669 abdicaverint,
1152 3579 1262 3654 simili
1272 3580 1451 3655 sententia

229 3697 476 3785 condemnare,
489 3703 526 3769 et
541 3693 715 3770 abdicare.
733 3692 969 3792 Disciplinam
984 3705 1020 3770 et
1034 3694 1144 3768 ritum
1162 3693 1344 3784 aecclesiae,
1356 3693 1451 3769 sicut

230 3808 365 3896 inveni,
382 3818 418 3882 et
434 3832 455 3880 a
473 3809 610 3882 sanctis
627 3805 945 3907 predecessoribus
971 3805 1060 3879 meis
1084 3805 1253 3881 canonice
1277 3805 1449 3880 traditum

229 3920 366 4018 repperi
376 3919 513 3994 illibata
523 3919 710 4010 custodire,
719 3929 755 3994 et
764 3919 1018 3993 indiminutam
1028 3944 1084 3993 res
1093 3917 1255 3993 ecclesiae
1264 3941 1451 3994 conserva·

231 4057 279 4123 re,
295 4043 332 4108 ct
348 4031 524 4107 diminute
541 4043 582 4107 ut
599 4031 856 4120 custodiantur,
874 4054 1013 4128 operam
1040 4031 1133 4105 dare.
1158 4031 1259 4106 Nihil
1281 4031 1324 4106 de
1341 4031 1450 4105 tradi-

229 4146 325 4222 tione
342 4169 449 4243 quam
466 4169 488 4217 a
505 4144 763 4242 probatissimis
780 4144 1095 4240 predecessoribus
1112 4145 1202 4220 meis
1218 4144 1386 4219 traditam
1413 4155 1450 4218 et

230 4269 411 4336 servatam
424 4259 560 4357 repperi
570 4259 770 4334 diminuere
781 4257 837 4332 vel
848 4268 997 4346 mutare,
1010 4267 1074 4332 aut
1082 4256 1240 4356 aliquam
1254 4258 1451 4332 novitatem

229 4373 428 4462 admittere,
437 4372 498 4447 sed
507 4372 688 4447 ferventer
700 4380 742 4445 ut
754 4394 876 4446 eorum
890 4395 973 4446 vero
987 4369 1184 4468 discipulus
1196 4380 1232 4444 et
1249 4369 1451 4467 sequipeda,

230 4485 314 4560 totis
328 4485 458 4561 mentis
472 4510 560 4560 meae
572 4484 758 4560 conatibus
771 4509 850 4582 qum
862 4484 996 4558 tradita
1004 4482 1173 4558 canonice
1183 4481 1359 4580 comperio
1371 4505 1451 4558 con·
