3582 5288
898 459 937 473 -
964 427 1007 488 73
1033 461 1073 474 ..

372 545 489 642 ptiuue
505 554 701 641 corruptas
718 555 846 644 putant
862 544 930 618 sibi
948 555 1012 618 aut
1029 544 1201 621 ecclesias
1218 569 1287 619 non
1305 544 1509 633 convenire,
1530 555 1596 618 aut

371 658 416 732 ab
427 657 981 758 Apostolisvelapostolicisviris
993 659 1281 762 contrarietatem
1296 659 1491 734 inductam.
1504 657 1594 745 Quis

372 774 509 848 nesciat
525 784 588 848 aut
606 773 686 872 quis
703 798 773 848 non
791 775 955 850 advertat
972 773 1009 847 id
1021 773 1113 872 quod
1127 799 1149 846 a
1163 773 1329 870 Principe
1343 770 1592 870 Apostolorum

373 891 478 963 Petro
497 891 662 962 Romauae
681 889 849 964 Ecclesiae
866 889 1039 964 traditum
1056 899 1110 962 est
1126 913 1169 962 ac
1183 912 1252 962 non
1266 912 1424 985 unquam
1442 886 1597 961 custodi·

372 1011 432 1075 tur
448 1002 493 1076 ab
511 1003 677 1076 omnibus
692 1002 818 1101 debere
835 1003 984 1092 servari,
1001 1029 1067 1080 nec
1084 1001 1315 1100 superinduci
1334 1011 1399 1075 aut
1416 1000 1594 1074 introduci

372 1115 508 1214 aliquid
524 1117 616 1214 quod
628 1126 693 1191 aut
704 1116 956 1192 auctoritatem
970 1141 1040 1193 non
1053 1117 1181 1192 habeat
1194 1127 1258 1192 aut
1270 1116 1415 1191 aliunde
1430 1114 1594 1190 videatur

373 1230 532 1327 accipere
551 1230 751 1328 exemplum
765 1235 782 1304 2
796 1231 987 1305 Prosertim
1001 1257 1084 1307 cum
1099 1232 1146 1305 sit
1160 1230 1391 1306 manifestum
1404 1229 1442 1303 in
1456 1253 1596 1304 omnem

374 1341 527 1432 ltaliam,
541 1343 687 1432 Gallias
702 1346 937 1443 Hpspaniam
952 1345 1126 1436 Africam,
1142 1355 1248 1443 atque
1263 1344 1425 1420 Siciliam
1447 1342 1598 1417 insulas·

374 1482 444 1554 que
469 1457 732 1548 interiacentes,
750 1458 891 1532 nullum
918 1459 1117 1534 instituisse
1135 1458 1316 1548 ecclesian,
1333 1459 1403 1532 nisi
1427 1481 1486 1532 eos
1509 1481 1598 1554 quos

374 1574 589 1649 venerabilis
607 1575 795 1673 Apostolus
810 1578 938 1650 Petrus
951 1585 1015 1648 aut
1031 1573 1110 1648 eius
1126 1595 1350 1648 successores
1363 1572 1599 1646 instituerunt

375 1690 584 1764 sacerdotes,
602 1694 677 1763 Aut
693 1689 819 1786 legant
835 1691 866 1763 si
884 1689 921 1762 in
939 1689 995 1762 his
1016 1688 1213 1786 provinciis
1234 1687 1328 1760 alius
1351 1687 1597 1784 Apostolorum

376 1802 560 1876 invenitur
576 1813 641 1876 aut
657 1802 794 1899 legitur
815 1803 986 1878 docuisse.
1006 1801 1105 1889 Quod
1131 1802 1160 1874 si
1179 1824 1250 1875 non
1268 1801 1397 1896 legunt
1415 1801 1499 1898 quia
1516 1825 1599 1872 nus-

376 1943 483 2016 quam
500 1917 703 2005 inveniunt‚
720 1928 856 2016 oportet
872 1941 931 1992 eos
948 1917 1015 1991 hoc
1032 1915 1133 2012 sequi
1152 1913 1244 2011 quod
1261 1917 1419 1989 Romana
1437 1912 1598 1989 Ecclesia

376 2031 569 2108 custodita
591 2056 661 2129 qna
684 2055 742 2106 eos
759 2031 976 2129 principium
994 2030 1176 2127 accepisse
1194 2053 1266 2104 non
1283 2029 1430 2104 dubium
1450 2038 1514 2103 est.
1533 2033 1600 2103 Ne·

376 2147 459 2220 dum
479 2145 679 2242 peregrinis
696 2145 951 2220 assertionibus
969 2145 1115 2219 student
1132 2153 1241 2241 capnt
1259 2143 1529 2218 institutionum
1548 2144 1600 2215 vi-

377 2260 528 2336 deantur
544 2259 716 2334 omittere.
734 2263 779 2333 Et
797 2269 874 2356 post
890 2283 1013 2357 pauca.
1031 2258 1069 2330 Si
1088 2258 1169 2356 quis
1193 2283 1215 2332 a
1241 2261 1408 2332 Romanae
1429 2256 1600 2332 Ecclesiae

379 2372 664 2448 institutionibus
685 2383 793 2462 errat,
809 2383 873 2447 aut
889 2395 1122 2462 commoneas,
1140 2381 1204 2446 aut
1228 2371 1387 2446 iudicare
1414 2395 1485 2445 non
1505 2369 1601 2444 diffe-

379 2513 448 2576 ras,
465 2497 528 2561 aut
545 2485 637 2562 scire
654 2487 839 2561 valeamus
856 2511 935 2585 que
953 2485 1037 2575 siut,
1051 2511 1130 2585 quae
1143 2497 1208 2561 aut
1221 2485 1398 2560 novitates
1412 2485 1600 2571 inducunt,

379 2611 443 2675 aut
458 2601 608 2674 alterius
625 2625 733 2698 quam
755 2603 921 2675 Romana
947 2599 1118 2676 Ecclesiae
1143 2598 1352 2673 existimant
1376 2595 1602 2672 consuetudi-

379 2741 459 2790 nem
479 2740 557 2790 esse
573 2715 797 2789 servandam.

886 2944 1091 3028 LXXXVII.

475 3171 706 3246 Innocentius
720 3172 821 3261 Rufe,
836 3164 986 3246 Eusebio
1003 3180 1039 3244 et
1056 3169 1184 3244 ceteris
1203 3168 1386 3266 Episcopis
1404 3168 1604 3244 Macedoni-

379 3285 457 3360 bus.
474 3285 627 3358 Veniam
646 3310 743 3359 nunc
760 3283 805 3359 ad
823 3285 1018 3358 maximum
1037 3283 1139 3381 quasi
1153 3283 1197 3358 ad
1210 3281 1383 3380 quoddam
1398 3280 1603 3379 themapho·

381 3397 499 3471 tinum
517 3407 553 3472 et
570 3397 662 3495 quod
679 3397 767 3470 mihi
784 3397 930 3472 anxium
948 3422 991 3471 ac
1008 3395 1272 3483 difficillimum,
1291 3393 1465 3468 maiorum
1492 3394 1603 3468 revol-

382 3535 464 3583 vam
483 3510 686 3584 sententias.
703 3512 837 3584 Fuerat
853 3508 895 3584 de
912 3507 974 3583 illo
987 3531 1126 3607 quoque
1141 3516 1181 3582 ut
1193 3507 1303 3582 etiam
1316 3507 1384 3604 ipsi
1402 3506 1606 3583 commemi-

382 3624 488 3698 nistis
504 3622 641 3721 aliquid
658 3621 747 3697 utile
763 3624 916 3718 gravius
937 3623 1184 3698 constitutum.
1211 3625 1350 3696 Verum
1375 3621 1545 3719 quoniam
1570 3621 1606 3695 id

383 3761 444 3834 per
463 3758 640 3810 rumorem
659 3735 788 3810 falsum
808 3745 849 3809 ut
866 3734 1026 3810 asseritis
1039 3743 1241 3809 surrectum
1259 3733 1345 3808 huic
1362 3733 1437 3808 sedi
1455 3744 1491 3809 et
1509 3733 1607 3810 elici·

382 3859 460 3922 tum
478 3871 540 3946 per
556 3847 705 3922 insidias
722 3847 1002 3938 demonstrastis
1020 3848 1104 3946 quia
1122 3871 1179 3921 res
1195 3846 1405 3920 adsalutem
1420 3846 1535 3935 rediit,
1549 3871 1608 3921 ve·

382 3961 484 4035 niam
497 3983 561 4034 nos
577 3959 671 4035 banc
688 3960 727 4034 in
744 3970 885 4035 tantum
904 3960 1003 4036 uobis
1020 3958 1268 4034 annitentibus
1285 3981 1349 4055 pro
1373 3947 1608 4056 condempna-

383 4075 479 4151 tione
496 4097 591 4149 more
608 4073 797 4172 apostolico
814 4075 1063 4171 subrogamus.
1081 4077 1128 4147 Et
1152 4072 1256 4147 infra.
1282 4074 1350 4146 Pro
1374 4083 1496 4147 uestra
1521 4096 1608 4168 ergo

382 4185 631 4284 approbatione
649 4185 779 4261 fratres
796 4187 992 4276 karissimi,
1005 4197 1041 4261 et
1053 4185 1244 4276 sententia,
1257 4209 1299 4260 ac
1313 4184 1552 4282 postulatione
1565 4187 1608 4259 Ε-

384 4299 566 4397 piscopum
585 4298 777 4372 Photinum
803 4297 976 4374 habetote.
992 4299 1147 4375 Licitum
1174 4307 1228 4374 est
1249 4297 1300 4371 ita
1326 4299 1544 4374 constituere
1569 4307 1610 4406 ut

384 4413 623 4509 deprecamini
642 4406 763 4485 nostra
781 4411 819 4485 in
836 4411 966 4487 melius
983 4436 1157 4488 conversa
1175 4411 1365 4487 sententia.
