3582 5288
887 397 1082 460 -108-

372 519 548 616 synodum
575 527 852 616 perscrutantes,
870 519 912 593 de
938 518 1113 618 Adelphio
1129 530 1166 594 et
1192 520 1307 594 Sabba
1324 533 1360 594 et
1376 523 1516 597 caeteris
1533 523 1595 620 qui

371 630 447 705 illic
464 631 636 706 dicuntur
652 657 729 706 esse
746 631 941 729 dampnati,
958 635 1101 710 omnino
1118 635 1211 708 nihil
1236 635 1444 710 invenimus
1461 646 1497 710 et
1513 637 1596 710 esti-

372 769 511 818 mamus
537 745 622 842 quia
654 745 750 820 sicut
783 745 1058 822 Calcedonensis
1091 749 1250 846 synodus
1283 748 1320 821 in
1355 771 1426 824 uno
1451 749 1526 825 loco
1550 751 1596 824 ab

371 857 522 934 ecclesia
547 859 940 957 Constantinopolitana
959 859 1086 934 falsata
1108 869 1173 950 est,
1190 861 1249 936 sic
1260 861 1395 960 aliquid
1412 861 1486 938 tale
1502 873 1539 938 et
1556 863 1593 937 iu

371 971 547 1069 Ephesina
579 972 699 1046 sinodo
728 972 863 1048 facturn
891 998 978 1047 esse.
1005 975 1147 1049 Caritas
1171 999 1258 1071 ergo
1284 985 1403 1050 vestra
1432 987 1595 1054 vetustos

369 1085 513 1159 omnino
537 1086 676 1161 codices
707 1085 866 1161 eiusdem
901 1087 1014 1161 sinodi
1049 1088 1208 1186 requirat
1236 1099 1272 1164 et
1305 1089 1381 1163 illic
1411 1089 1530 1166 videat
1564 1091 1594 1165 si

371 1201 456 1298 quid
482 1201 553 1276 tale
580 1200 776 1292 invenitur,
803 1202 962 1300 mihique
987 1203 1084 1277 hunc
1102 1203 1258 1278 codicem
1281 1228 1388 1302 quem
1415 1204 1595 1280 invenerit

372 1314 593 1390 transmittat
617 1317 657 1389 et'
677 1315 780 1391 novis
805 1316 985 1392 codicibus
1004 1313 1135 1414 passim
1152 1340 1223 1392 nou
1241 1317 1372 1392 credat.
1389 1321 1444 1392 Ex
1468 1341 1538 1416 qua
1556 1343 1594 1394 re

371 1428 501 1504 dubius
526 1429 644 1505 factus
669 1456 749 1504 sum
776 1440 812 1506 et
837 1429 929 1504 nihil
947 1429 1065 1505 adhuc
1082 1427 1181 1504 volui
1199 1429 1241 1504 de
1259 1429 1327 1505 hac
1345 1455 1454 1506 cause
1471 1431 1594 1529 praedi-

372 1549 429 1618 cto
446 1541 549 1616 fratri
577 1566 653 1618 meo
670 1541 820 1617 Iohanni
839 1543 1004 1619 scribere.
1023 1545 1171 1618 Romani
1189 1553 1309 1622 autem
1327 1545 1464 1623 codices
1482 1545 1593 1623 multo

376 1655 532 1730 veriores
548 1665 636 1729 sunt
653 1679 760 1752 quam
779 1655 895 1731 Graeci
914 1656 998 1753 quia
1017 1665 1136 1731 vestra
1153 1658 1249 1733 sicut
1266 1682 1334 1733 nec
1349 1658 1528 1747 acumina,
1544 1659 1595 1733 ita

371 1793 438 1844 nec
462 1769 678 1866 imposturas
701 1767 884 1856 habemus.

956 1909 1019 1997 oh.

467 2113 665 2209 Gregorius
679 2111 827 2186 Iohanni
841 2112 1003 2210 episcopo
1016 2113 1232 2189 Siracusano
1245 2113 1339 2189 iuter
1352 2122 1489 2188 caetera.
1499 2099 1591 2186 Nam

370 2229 412 2302 de
431 2225 825 2323 Constantinopolitano
843 2225 1004 2312 ecclesia,
1017 2226 1110 2323 quod
1123 2227 1249 2301 dicunt
1266 2226 1347 2324 quis
1360 2249 1438 2302 eam
1455 2223 1594 2302 dubitet

371 2341 452 2416 Sedi
473 2339 682 2438 Apostolicae
707 2363 784 2413 esse
809 2337 1035 2412 subiectam?
1061 2341 1161 2427 Quod
1178 2349 1215 2414 et
1236 2339 1419 2438 piissimus
1443 2339 1593 2415 domnus

370 2458 565 2552 Imperator
583 2463 618 2528 et
635 2452 747 2526 frater
760 2461 879 2525 noster
892 2451 1049 2526 eiusdem
1069 2451 1229 2526 civitatis
1244 2451 1438 2548 Episcopus
1451 2451 1591 2525 assidue

372 2570 592 2666 profitentur.
618 2570 751 2640 Tamen
777 2565 807 2639 si
826 2565 1011 2662 quidboni
1037 2563 1095 2639 vel
1121 2563 1197 2661 ipsa
1221 2564 1279 2639 vel
1304 2565 1415 2639 altera
1441 2563 1591 2640 ecclesia

370 2681 486 2768 habet,
511 2704 579 2777 ego
604 2679 760 2753 minores
784 2702 878 2754 rueos
904 2701 991 2775 quos
1008 2677 1052 2750 ab
1074 2677 1211 2752 illicitis
1237 2677 1412 2775 prohibeo,
1436 2675 1593 2751 inbonis

370 2794 504 2867 imitari
539 2802 684 2890 par-atus
710 2817 800 2865 sum.
835 2791 995 2864 Stultum
1029 2789 1200 2888 estquod
1232 2790 1270 2862 in
1301 2814 1341 2864 eo
1373 2815 1409 2864 se
1435 2788 1591 2886 primum

369 2907 523 2997 estimat,
541 2917 582 2981 ut
603 2907 693 2980 bona
710 2930 791 3003 quae
815 2905 907 2978 uidit
933 2905 1069 2979 discere
1094 2914 1331 3002 contempnat.
1355 2903 1452 2978 Idem
1478 2903 1591 2977 eidem

369 3019 463 3093 inter
487 3029 615 3094 cetera.
640 3023 732 3092 Nam
759 3019 851 3116 quod
876 3017 1009 3115 primas
1034 3015 1221 3090 Bizeceuis
1247 3041 1284 3090 se
1311 3015 1394 3090 Sedi
1419 3014 1591 3113 Apostoli·

368 3157 419 3207 cae
444 3132 532 3207 dicit
556 3132 683 3219 subici,
708 3132 738 3205 si
765 3157 836 3229 qua
861 3131 967 3228 culpa
993 3128 1030 3204 iu
1057 3131 1240 3228 Episcopis
1265 3129 1452 3205 invenitur
1470 3127 1590 3204 nescio

370 3247 431 3344 qui
450 3247 483 3321 ei
502 3247 730 3322 subiecturus
748 3271 818 3321 non
836 3247 892 3320 sit.
912 3248 1002 3320 Cum
1021 3267 1106 3318 vero
1123 3243 1229 3342 culpa
1247 3267 1318 3318 non
1331 3243 1454 3339 exegit
1469 3265 1590 3316 omues

368 3359 564 3434 secundum
592 3359 764 3434 rationem
791 3359 1007 3434 humilitatis
1025 3357 1168 3456 equales
1193 3381 1319 3431 sumus
1336 3355 1430 3430 inter
1452 3363 1589 3430 caetera.

943 3531 1023 3669 om.

463 3815 661 3909 Gregorius
687 3819 855 3912 Martyno
872 3813 1058 3890 scolastico
1075 3813 1170 3887 inter
1195 3821 1333 3887 caetera.
1351 3811 1445 3885 Illud
1470 3821 1588 3885 tamen

366 3926 468 4000 nobis
485 3927 628 4001 omnino
641 3927 807 4024 displicet
824 3927 916 4025 quod
934 3925 1073 4024 aliquos
1090 3925 1343 4024 Episcoporum
1361 3924 1437 4000 sine
1456 3925 1589 3998 Prima·

368 4039 415 4114 tis
429 4039 486 4112 sui
504 4040 662 4136 epistolis
679 4041 723 4114 ad
741 4041 949 4115 comitatum
968 4039 1143 4138 profectos
1161 4061 1236 4116 esse
1255 4039 1313 4113 vel
1330 4047 1529 4114 conventus
1546 4037 1590 4110 si·

364 4151 518 4247 gnificas
535 4153 680 4229 illicitos
697 4153 885 4229 celebrare.
904 4154 972 4228 Sed
990 4152 1074 4250 quia
1092 4153 1187 4228 sicut
1204 4151 1342 4249 praelati
1365 4175 1490 4226 sumus
1507 4175 1589 4226 cau·

366 4291 485 4341 sarum
500 4267 603 4363 origo
616 4268 675 4342 vel
688 4267 844 4365 qualitas
857 4267 1001 4342 omnino
1013 4267 1114 4340 nobis
1132 4267 1256 4362 ignota
1273 4275 1338 4355 ost,
1357 4267 1587 4364 pronuntiare

362 4381 498 4478 aliquid
516 4381 701 4456 definitive
718 4405 787 4456 nou
807 4401 1005 4479 possumus,
1019 4405 1063 4455 nc
1077 4381 1169 4478 quod
1183 4380 1462 4478 reprehensibile
1480 4379 1588 4452 nimis

364 4504 419 4570 cst
435 4495 476 4567 dc
495 4494 601 4570 rebus
619 4517 689 4569 uon
706 4493 796 4570 bone
809 4493 967 4590 cognitis
981 4494 1196 4569 sententiam
1216 4493 1372 4591 proferre
1391 4493 1587 4567 videamur.
