3654 5302
883 417 946 434 --
969 384 1100 450 oao-

389 527 416 577 a
441 504 619 582 frumento
634 505 815 595 universa
835 501 973 582 z'izania
990 505 1150 582 humano
1170 505 1301 584 iudIcio
1325 529 1523 603 seoregare.
1549 509 1619 580 Su·

345 651 347 656 ’
390 619 502 716 parba
524 631 578 695 cst
595 621 664 695 ista
685 621 886 712 obstinatio,
908 631 943 698 ct
968 623 1147 718 sacrilega
1164 621 1404 721 praesumptio,
1420 646 1528 718 quam
1546 620 1616 694 sibi

310 773 312 780 v
394 732 493 807 furor
506 757 639 830 pravus
652 737 813 810 assumit.
827 738 873 810 Et
887 736 972 810 dum
988 736 1055 810 sibi
1069 762 1206 836 semper
1222 736 1378 834 amplius
1390 760 1498 834 quam
1516 735 1617 809 mitis

394 845 531 928 iustitia
549 847 706 944 deposcit
723 849 980 947 assumuntde
993 849 1155 926 aecclesia
1173 860 1334 948 pereunt,
1350 859 1387 924 et
1403 849 1487 924 dum
1505 873 1544 924 se
1560 849 1616 921 iu·

393 959 546 1036 solenter
559 961 734 1036 extollunt
746 962 821 1062 ipso
834 986 898 1038 suo
911 973 1048 1040 tumore
1062 964 1361 1054 cecati,veritatis
1374 963 1497 1038 lumen
1510 962 1617 1036 amit-

392 1081 484 1150 tunt.
499 1078 646 1174 Propter
663 1075 754 1173 quod
771 1085 808 1152 et
820 1099 883 1150 nos
901 1087 1225 1176 temperamentum
1242 1087 1416 1165 tenentes,
1433 1087 1470 1152 et
1486 1076 1615 1150 libram

393 1187 534 1260 Domini
548 1188 839 1286 contemplantes,
848 1200 884 1264 et
895 1190 958 1264 Dei
969 1191 1086 1266 Patris
1100 1192 1265 1289 pictatem
1276 1216 1319 1266 ac
1333 1189 1614 1264 misericordiam

375 1300 603 1396 cogitantes,
627 1301 689 1376 diu
717 1303 943 1400 multumque
967 1313 1125 1380 tractatu
1151 1305 1246 1384 inter
1271 1329 1335 1380 nos
1359 1303 1492 1392 habito,
1517 1304 1615 1377 iusta

392 1413 629 1489 moderatione
641 1415 782 1510 agenda
795 1415 977 1503 libremus,
989 1427 1031 1491 ut
1044 1417 1134 1515 lapis
1155 1418 1233 1519 (sic)
1251 1443 1318 1493 nec
1343 1442 1496 1493 censura
1521 1417 1614 1492 desit

392 1549 472 1622 quaa
484 1526 655 1626 increpet,
668 1551 736 1604 neo
749 1527 927 1602 medicina
940 1554 1020 1626 quae
1033 1541 1143 1606 sanet.
1160 1535 1249 1607 Item
1269 1532 1363 1607 idem
1380 1533 1426 1607 ad
1444 1532 1615 1606 Antonia-

390 1663 491 1714 num.
506 1639 617 1714 Nobis
633 1651 754 1716 autem
771 1641 969 1718 secundum
988 1643 1091 1720 fidem
1110 1655 1268 1719 nostram
1286 1654 1322 1720 et
1339 1644 1472 1718 diviuae
1490 1644 1615 1742 praedi-

391 1753 542 1834 cationis
550 1753 670 1832 datam
680 1755 841 1843 formam,
854 1755 1021 1854 competit
1035 1757 1125 1831 ratio
1135 1755 1309 1842 veritatis,
1318 1780 1611 1854 unumquemque

391 1865 429 1938 iu
446 1876 591 1964 peccato
603 1890 668 1944 suo
680 1868 799 1966 ipsum
813 1867 938 1958 teneri,
951 1893 1019 1944 nec
1035 1869 1191 1944 alterum
1205 1894 1267 1968 pro
1278 1869 1391 1944 altero
1405 1894 1506 1944 reum
1520 1870 1608 1958 fieri,

390 2003 473 2060 oum
491 1980 665 2054 Dominus
682 1980 788 2056 dieat.
813 1980 957 2056 Iustitia
974 1982 1062 2057 iusti
1086 2009 1194 2081 super
1218 2008 1301 2060 eum
1327 1983 1407 2073 e'rit,
1432 1991 1468 2058 ct
1493 1982 1612 2056 scelus

388 2091 553 2170 scelerati
571 2117 678 2191 su1er
695 2118 776 2170 eum
795 2095 874 2170 crit.

934 2241 1073 2324 oxvss.

606 2416 688 2470 Item
707 2416 874 2482 ciprianus
892 2418 925 2470 in
944 2429 1093 2470 sermone
1113 2416 1155 2470 de
1177 2417 1390 2471 aleatoribus.

484 2557 642 2648 Accepta
660 2551 770 2626 simul
787 2561 960 2649 potestate
977 2551 1136 2627 solvendi
1154 2561 1191 2628 et
1207 2551 1347 2647 ligandi
1365 2561 1401 2626 et
1424 2554 1609 2626 curatione

388 2673 534 2759 peccata
550 2664 764 2753 dimittendi,
779 2665 931 2738 salutari
948 2665 1109 2740 doctrina
1127 2664 1374 2752 admonemur,
1387 2689 1432 2738 ne
1450 2688 1531 2738 cum
1551 2663 1609 2738 de·

388 2776 637 2875 linquentibus
654 2779 797 2854 assidue
810 2778 1043 2874 ignoscimus
1053 2777 1121 2874 ipsi
1135 2803 1218 2852 cum
1237 2777 1288 2852 eis
1301 2778 1435 2876 pariter
1449 2789 1610 2874 torquea-

298 2884 300 2889 ’
390 2894 537 2964 mur.Et
550 2903 627 2987 post
640 2915 763 2988 pauca.
774 2893 813 2965 Si
827 2915 913 2988 ergo
926 2889 1610 2988 interdispensatoresquaeriturutquis

390 3002 506 3076 fidelis
519 3013 555 3076 ct
567 3003 685 3078 iustus
703 3004 921 3080 inveniatur.
935 3004 1035 3092 Quod
1052 3004 1083 3077 si
1096 3029 1218 3078 omues
1230 3004 1440 3102 delinquant
1451 3013 1488 3078 et
1500 3003 1611 3078 delin-

387 3116 579 3212 quentibus
589 3118 848 3215 dispensatores
861 3119 1183 3214 ignoscant,nonne
1199 3117 1266 3215 ipsi
1276 3117 1560 3216 delinquentium
1570 3141 1610 3192 se

386 3231 540 3326 pondere
549 3222 722 3306 onerant?
734 3235 823 3308 Item
837 3231 874 3306 in
888 3253 1047 3306 sermone
1057 3231 1099 3306 de
1113 3231 1232 3328 lapsis.
1242 3234 1370 3305 Pacem
1386 3239 1609 3327 putanteese,

387 3368 494 3441 quam
509 3345 653 3442 quidem
667 3345 786 3420 verbis
803 3345 993 3420 fallacibus
1011 3343 1207 3418 venditant.
1219 3347 1298 3417 Non
1313 3353 1368 3418 est
1380 3367 1449 3440 pax
1461 3342 1534 3432 illa,
1547 3342 1610 3418 sed

386 3453 1609 3556 bellumNeeaecclesioeiungitur,qniabavangelioseperstruQuid

348 3620 351 3628 -
385 3571 555 3646 iniuriam
572 3571 786 3648 beneficium
803 3576 962 3648 vocant?
989 3569 1084 3657 Quid
1108 3569 1328 3666 impietatem
1345 3567 1519 3643 vocabulo
1536 3569 1609 3666 pie-

386 3683 472 3758 tatis
497 3683 707 3780 appellant?
733 3682 827 3770 Quid
852 3683 904 3759 eis
926 3681 987 3780 qui
1006 3680 1173 3776 iungitur
1189 3680 1275 3757 flere
1292 3691 1327 3756 et
1346 3705 1473 3777 rogare
1490 3680 1610 3755 Domi-

386 3822 474 3870 num
493 3821 600 3870 suum
626 3796 754 3872 debent
779 3796 978 3894 intercepta
998 3793 1216 3894 penitentiae
1237 3793 1491 3870 lamentatione
1515 3817 1608 3869 com·

388 3909 573 3984 municare
591 3935 629 3986 se
650 3909 835 3998 simulant,
852 3910 918 3986 hoo
944 3917 1030 3983 sunt
1046 3905 1230 3994 eiusmodi¹
1244 3905 1365 4004 lapsis,
1382 3907 1445 4004 qui
1469 3905 1608 4001 grando

387 4020 567 4116 frugibus,
585 4023 677 4118 quod
695 4021 894 4120 turbydum
912 4019 1012 4096 sidus
1029 4019 1226 4108 arboribus,
1243 4020 1336 4117 quod
1361 4018 1533 4094 armentis
1550 4043 1608 4117 pe·

383 4132 513 4207 stilens
529 4134 691 4220 vastitas,
708 4135 801 4232 quod
818 4135 978 4231 navigiis
995 4158 1080 4207 sera
1105 4142 1307 4230 tempestas.
1325 4131 1505 4214 Solaeium
1530 4131 1604 4228 spei

385 4244 560 4333 adimunt,
578 4245 716 4320 radices
734 4245 961 4334 subvertunt,
979 4268 1140 4321 sermone
1159 4245 1314 4320 morbido
1330 4245 1375 4318 ad
1400 4243 1505 4318 letale
1526 4266 1608 4318 con-

385 4354 526 4454 tagium
552 4369 712 4455 serpunt,
730 4384 860 4434 navem
886 4358 1041 4456 scopulis
1059 4384 1103 4434 oe
1120 4357 1158 4431 in
1176 4367 1317 4456 portum
1336 4358 1522 4454 perveniat
1539 4357 1607 4430 illi·

387 4471 487 4554 dunt.
504 4475 582 4545 Non
610 4470 772 4554 coneedit
797 4496 920 4568 paoem
934 4470 1094 4554 ,solicitas
1110 4472 1190 4559 ista,
1212 4471 1274 4546 sed
1291 4471 1394 4546 tollit.
1410 4473 1501 4546 Item
1528 4479 1607 4566 post
