3646 5292
877 427 915 443 ·-
941 393 1007 458 220
1033 427 1074 442 -

361 510 433 583 rari
452 511 536 585 dum
554 510 651 587 circa
669 511 776 586 falsos
793 511 993 587 sacerdotes
1009 511 1084 610 ipse
1101 510 1223 586 taliter
1247 508 1375 586 extitit.
1400 509 1498 586 Idem
1523 514 1582 586 Iu-

358 625 493 698 baiano.
511 627 626 712 Quam
645 637 766 700 autern
785 625 1024 722 periculosum
1043 626 1091 702 sit
1108 627 1145 699 in
1164 626 1298 700 divinis
1316 625 1422 701 rebus
1439 635 1481 700 ut
1502 626 1583 724 quis

357 737 469 812 caedat
487 738 565 813 iure
585 762 648 812 suo
666 748 702 813 et
719 747 902 836 potestate,
923 740 1101 838 scriptura
1119 750 1244 816 sancta
1261 739 1430 829 declarat,
1443 765 1527 816 cum
1545 741 1583 813 in

355 851 504 926 Genessi
523 855 619 925 Esau
637 853 813 948 primatus
839 877 921 927 suos
947 853 1030 928 inde
1055 853 1256 952 perdiderit,
1285 877 1353 928 neo
1375 853 1531 951 recipere
1548 853 1584 927 id

355 963 576 1061 postmodum
596 965 760 1062 potuerit,
778 989 847 1064 quo
865 967 974 1042 semel
992 966 1177 1042 concessit.

941 1193 995 1274 dl.

452 1418 634 1518 Cypriane
648 1418 771 1516 Papati
787 1418 992 1516 Presbyteri
1005 1428 1040 1493 et
1054 1421 1200 1496 Diaconi
1216 1424 1333 1495 Romae
1346 1420 1582 1496 consistentes

359 1531 524 1606 salutem.
538 1535 584 1606 Et
601 1540 813 1628 postpauca.
829 1534 896 1606 Pro
908 1541 970 1606 tua
985 1532 1148 1628 ingenita
1161 1534 1340 1608 industria
1352 1533 1583 1610 consiliorum

356 1653 585 1730 tuorum,nos
595 1653 669 1718 tam
679 1643 816 1719 iudices
828 1643 975 1718 voluisti
989 1669 1095 1743 quam
1106 1647 1295 1744 participes
1309 1647 1477 1738 inveniri,
1491 1656 1532 1722 ut
1545 1648 1583 1720 in

355 1756 430 1831 tuis
444 1757 589 1853 regibus
602 1756 715 1852 gestis
729 1756 869 1832 laudem
883 1767 1001 1832 tecum
1019 1760 1104 1833 dum
1118 1760 1180 1833 illa
1199 1761 1387 1858 probemus
1404 1761 1583 1837 invenire·

360 1895 452 1958 mus,
462 1879 498 1945 et
511 1869 740 1944 consiliorum
754 1880 898 1944 tuorum
911 1871 1081 1946 bonorum
1093 1883 1166 1946 tam
1176 1873 1375 1964 coheredes,
1387 1901 1495 1974 quam
1505 1900 1585 1951 con·

357 1983 555 2057 firmatores
573 2007 650 2056 esse
667 2005 859 2079 possemus.
880 1985 979 2072 Quod
997 1985 1092 2059 enim
1120 1986 1237 2082 magis
1261 1997 1325 2062 aut
1343 1987 1380 2060 in
1398 2011 1485 2085 pace
1510 1998 1586 2063 tam

358 2105 494 2194 aptum,
503 2095 611 2170 autin
621 2095 725 2170 bellis
735 2097 1017 2193 persecutionem
1027 2107 1100 2172 tam
1110 2101 1482 2198 necessarium,quam
1491 2101 1586 2175 debi-

359 2219 435 2284 tem
449 2208 676 2284 severitatem
695 2209 809 2282 divini
823 2210 955 2306 rigoris
972 2217 1121 2287 tenere?
1138 2237 1244 2311 quam
1258 2213 1320 2311 qui
1339 2214 1519 2288 remiserit
1532 2213 1585 2287 in·

355 2323 474 2397 stabili
496 2348 615 2398 rerum
634 2347 744 2397 cursu
761 2333 857 2398 erret
869 2348 1007 2421 semper
1021 2349 1174 2400 necessa
1198 2336 1263 2415 est,
1284 2337 1320 2401 et
1333 2326 1405 2402 huc
1419 2335 1526 2424 atque
1542 2326 1585 2399 il-

356 2437 417 2510 luc
438 2436 551 2510 variis
569 2447 604 2512 et
616 2436 765 2512 incertis
782 2437 1008 2532 negotiorum
1028 2438 1299 2536 tempestatibus
1315 2439 1518 2536 dissipetur.
1537 2442 1584 2512 Et

355 2548 456 2647 quasi
466 2559 602 2624 extorto
610 2549 652 2624 de
668 2550 833 2624 manibus
847 2551 1078 2627 consiliorum
1091 2553 1348 2649 gubernacula,
1366 2579 1495 2630 navem
1515 2579 1581 2630 aec·

354 2663 701 2738 clesiasticaesalutis
711 2663 886 2739 inlidatin
901 2667 1070 2763 scopulos.
1081 2666 1238 2763 Antiqua
1251 2667 1328 2742 haec
1345 2667 1439 2764 apud
1454 2691 1517 2743 nos
1530 2691 1585 2740 se·

354 2777 501 2867 veritas,
510 2778 659 2876 antiqua
669 2779 765 2866 fides,
774 2778 922 2875 antiqua
932 2777 1249 2875 disciplina,'quam
1259 2804 1324 2854 nec
1337 2789 1456 2854 tantas
1468 2781 1511 2855 de
1522 2803 1582 2854 no-

354 2889 409 2964 bis
423 2889 546 2964 laudes
555 2889 733 2987 apostolus
745 2891 934 2991 protulisse
948 2890 1206 2978 dicendoQuia
1216 2891 1302 2964 fides
1311 2901 1431 2966 vestra
1442 2917 1583 2966 annun·

356 3003 470 3078 tiatur
480 3003 518 3076 in
532 3013 604 3079 toto
617 3003 759 3092 mundo,
773 3004 844 3077 nisi
862 3005 933 3077 iam
951 3004 1077 3079 exinde
1091 3003 1196 3100 vigor
1212 3003 1280 3078 iste
1296 3003 1432 3078 radices
1446 3005 1527 3079 fidei
1540 3005 1583 3080 de

355 3116 573 3213 temporibus
582 3117 656 3190 illis
670 3127 857 3192 mutuatus
870 3118 1006 3192 fuisset.
1020 3121 1180 3204 Quarum
1189 3117 1330 3192 laudem
1343 3117 1514 3213 etgloriae
1524 3119 1582 3194 de·

356 3253 526 3326 generem
536 3230 658 3320 luisse,
671 3232 867 3306 maximum
882 3233 1017 3306 crimen
1028 3241 1090 3306 est.
1100 3231 1389 3306 Minusestenim
1401 3231 1583 3306 dedecoris

355 3366 542 3439 nunquam
556 3344 650 3439 apud
662 3353 880 3418 conventum
894 3344 1034 3419 laudem
1048 3344 1252 3433 accessisse,
1261 3369 1369 3441 quam
1379 3344 1421 3419 de
1432 3345 1581 3442 fastigio

356 3454 472 3529 laudis
487 3455 611 3530 ruisse.
625 3456 784 3530 Etinfra.
800 3457 902 3531 Absit
920 3458 1014 3532 enim
1032 3484 1052 3531 a
1070 3461 1227 3533 Romana
1241 3457 1402 3533 aeeclesia
1419 3458 1582 3554 vigorem

357 3596 464 3644 suum
478 3580 550 3644 tam
565 3571 746 3669 prophana
759 3571 930 3646 facilitate
941 3571 1130 3660 dimittere,
1143 3581 1179 3647 et
1192 3593 1320 3644 nervos
1332 3571 1535 3646 severitatis
1548 3597 1581 3647 e-

356 3709 460 3760 versa
477 3685 558 3760 fidei
580 3685 764 3761 maiestate
777 3683 979 3773 dissolvere,
997 3694 1037 3759 ut
1050 3710 1134 3761 cum
1146 3684 1264 3760 adbuc
1284 3707 1355 3758 non
1375 3693 1517 3759 tantum
1531 3685 1580 3759 ia·

356 3809 472 3889 ceant,
485 3801 546 3874 sed
561 3800 666 3875 cadat
678 3822 882 3875 eversorum
901 3798 1054 3872 fratrum
1072 3799 1197 3888 ruinae,
1210 3807 1394 3895 properata
1408 3797 1517 3872 nimis
1531 3823 1583 3873 re·

356 3913 473 3989 media
481 3915 845 3989 communicationum
855 3913 979 4009 utique
992 3921 1062 3984 nou
1077 3911 1261 4007 profutura
1274 3920 1498 4008 praestentur.
1509 3911 1577 3988 Ubi

356 4028 451 4102 enim
466 4028 594 4125 poterit
607 4027 823 4126 paenitentiae
834 4025 1008 4101 medicina
1022 4023 1206 4120 procedere
1219 4022 1249 4095 si
1262 4023 1370 4098 etiam
1383 4023 1459 4120 ipse
1474 4024 1581 4099 medi-

355 4166 421 4216 cus
433 4140 633 4239 intercepta
651 4140 847 4238 penitentia
861 4139 1027 4234 indulget
1039 4135 1267 4233 periculum?
1281 4139 1356 4211 Hoc
1369 4159 1439 4210 non
1452 4148 1508 4212 est
1520 4163 1582 4212 cu-

356 4279 447 4342 rare,
457 4256 519 4331 sed
528 4254 645 4331 dicere
654 4279 779 4328 verum
789 4251 1185 4328 volumusocoidere.Et
1193 4251 1435 4337 infraQuales
1444 4252 1583 4328 litteras

355 4368 393 4441 in
415 4367 576 4443 Siciliam
596 4391 734 4466 quoque
758 4365 972 4454 miserimus,
987 4366 1166 4440 subiectas
1182 4365 1338 4440 habebis.
1355 4370 1582 4464 Quamquam

357 4481 458 4561 nobis
474 4481 667 4562 differendo
683 4479 793 4558 buius
811 4480 862 4558 rei
880 4479 1076 4560 necessitas
1101 4479 1212 4557 maior
1237 4480 1424 4557 incumbat
1450 4481 1583 4581 quibus
