3638 5294
900 423 941 444 ⁴-
965 397 1032 461 458
1056 427 1097 444 -·

927 549 1080 634 oxxxl.

691 728 740 779 Ex
759 727 899 792 epistola
916 728 1030 780 Domni
1046 727 1135 780 Petri
1151 726 1314 792 Episcopi.

488 865 588 938 Inter
601 871 719 938 oetera
734 862 827 936 mala
837 859 1283 961 quaenostristemporibus
1296 861 1490 937 insolenter
1503 884 1617 937 emer·

389 985 485 1074 gunt
497 985 539 1050 ut
553 975 564 1048 i
568 1001 649 1073 psas
662 999 805 1073 quoque·
813 975 992 1051 aecclesias
1005 975 1152 1050 violenti
1166 974 1327 1050 homines
1340 975 1554 1073 opprimant,
1570 1001 1616 1052 ao

389 1090 520 1190 praedia
530 1089 587 1165 vel
597 1089 763 1188 quaelibet
776 1091 865 1164 bona
879 1089 973 1165 sacri
987 1089 1077 1162 iuris
1090 1087 1275 1177 invadant,
1288 1087 1480 1163 nonnullos
1494 1097 1615 1164 movet

393 1212 515 1277 utrum
530 1202 764 1278 ecelesiarum
779 1213 933 1278 rectores
942 1212 1104 1298 expetere
1113 1201 1309 1276 vindictam
1320 1201 1482 1291 debeant,
1489 1213 1530 1275 ut
1539 1227 1613 1275 rna-

389 1315 434 1390 lis
454 1315 547 1388 mala
564 1324 683 1390 movet
700 1315 928 1391 saecularium
946 1316 1104 1390 reddant.
1116 1319 1208 1392 Nam
1228 1315 1386 1414 plerique
1404 1341 1485 1390 mox
1500 1325 1542 1390 ut
1558 1315 1612 1392 eis

389 1428 446 1502 ius
463 1428 619 1504 infertur
635 1427 779 1518 iniuria,
795 1429 840 1503 ad
857 1428 1046 1505 indicenda
1063 1427 1156 1504 bella
1173 1429 1335 1528 protinus
1360 1428 1529 1503 insiliunt
1554 1455 1610 1502 ar·

392 1551 569 1615 matorum
596 1565 753 1615 cunneos
779 1542 975 1632 instruunt,
992 1543 1114 1641 sicque
1139 1542 1257 1617 hostes
1281 1565 1364 1617 suos
1387 1543 1506 1616 arrius
1523 1543 1612 1620 torte

391 1677 498 1752 quam
509 1652 585 1727 laesi
599 1652 742 1726 fuerant
754 1653 991 1728 uloisountur.
1004 1655 1104 1742 Quod
1120 1653 1208 1728 mihi
1221 1654 1477 1754 planevidetur
1490 1655 1612 1730 absur-

390 1767 487 1856 dum,
501 1777 542 1840 ut
555 1765 624 1863 ipsi
643 1766 785 1840 Domini
802 1769 1001 1842 sacerdotes
1016 1777 1194 1842 attentent
1211 1767 1302 1865 quod
1318 1767 1430 1842 tribui
1447 1768 1609 1866 vulgari-

390 1877 457 1952 bus
475 1875 716 1974 prohibentur,
729 1888 765 1952 et
777 1878 868 1975 quod
881 1880 1000 1955 verbis
1013 1881 1241 1984 impugnant,
1258 1881 1423 1980 oporibus
1435 1894 1607 1958 asserant.

393 1991 487 2078 Quid
505 1991 601 2066 enim
623 1991 742 2086 magis
761 1989 974 2067 Christianae
999 1993 1073 2090 legi
1099 1994 1267 2092 probatur
1288 2021 1365 2070 esse
1380 1995 1612 2084 contrarium,

391 2129 498 2203 quam
517 2103 706 2178 redhibitio
722 2103 936 2179 laesionum?
958 2105 1026 2182 Ubi
1050 2129 1167 2204 quaeso
1187 2117 1242 2181 est
1262 2107 1355 2204 quod
1371 2108 1547 2182 Dominus
1562 2108 1613 2182 di-

389 2217 449 2292 cit.
468 2216 506 2290 si
532 2215 612 2313 quis
634 2216 700 2290 tibi
717 2215 809 2314 quod
827 2226 929 2290 tuum
948 2228 1002 2293 est
1019 2219 1145 2294 tulerit
1164 2243 1209 2294 ne
1237 2223 1402 2317 repetas?
1423 2219 1462 2296 Si
1487 2219 1612 2296 tulerit

392 2330 456 2406 tibi
475 2330 638 2404 tunicam
656 2330 701 2403 da
726 2329 758 2403 ei
781 2327 959 2427 pallium?
983 2332 1023 2404 Si
1048 2331 1144 2407 enirn
1170 2331 1271 2406 nobis
1291 2319 1364 2405 ¹non
1385 2331 1473 2408 licet
1488 2333 1612 2408 eadem

390 2443 467 2541 ipsa
485 2467 564 2542 quan
581 2441 682 2515 nobis
699 2452 785 2516 sunt
802 2441 918 2517 oblata
938 2457 1106 2542 repetere,
1119 2446 1290 2544 quomodo
1306 2469 1368 2544 pro
1383 2445 1442 2520 his
1458 2445 1544 2522 licet
1561 2447 1613 2520 ul·

388 2559 488 2633 toriae
514 2556 762 2633 retributionis
787 2556 923 2631 vulnus
948 2557 1109 2660 inferre?
1131 2562 1178 2633 Et
1198 2567 1276 2656 post
1300 2583 1424 2658 pauca.
1442 2559 1612 2634 Sacerdos

388 2671 509 2770 itaque
527 2668 587 2768 qui
606 2671 643 2742 in
663 2693 775 2765 regno
799 2669 966 2746 caelorum
984 2670 1067 2744 vult
1083 2695 1160 2746 esse
1178 2695 1345 2766 magnus,
1365 2671 1414 2744 sit
1431 2671 1469 2744 in
1486 2671 1613 2770 populo

389 2785 545 2882 previus
565 2792 607 2857 ut
627 2782 719 2881 quod
737 2805 822 2858 voce
850 2783 1081 2880 sequentibus
1102 2784 1226 2874 dictat,
1252 2783 1390 2882 primus
1415 2782 1491 2882 ipse
1517 2784 1613 2859 vivis

388 2897 552 2998 operibus
575 2895 731 2994 impleat.
748 2895 850 2972 Unde
876 2905 911 2971 et
927 2895 1043 2970 omnis
1060 2897 1161 2994 pravi
1180 2895 1386 2972 intellectus
1402 2897 1542 2973 occasio
1558 2906 1609 2972 to

388 3011 524 3087 leretur
541 3011 679 3108 primus
697 3009 759 3085 ille
776 3011 870 3085 inter
887 3009 1046 3086 aeoolesio
1071 3011 1270 3086 sacerdotes
1286 3035 1356 3086 non
1382 3012 1444 3086 uit.
1461 3012 1612 3088 Domine

388 3124 553 3224 quotiens
570 3123 773 3223 peccaverit
790 3123 900 3198 frater
917 3123 953 3197 in
975 3124 1135 3212 fratrem,
1161 3124 1319 3201 dimittet
1345 3126 1389 3215 ei,
1406 3126 1468 3201 sed
1492 3126 1611 3227 potius

386 3239 545 3313 omnium
560 3237 783 3313 sacerdotum
799 3260 908 3311 eausa
921 3237 959 3310 in
973 3263 1044 3311 una
1058 3237 1114 3312 sui
1132 3261 1278 3336 persona
1298 3238 1532 3330 constituens,
1545 3241 1613 3314 Do-

387 3351 483 3428 mine
501 3351 627 3451 inquid
643 3351 807 3450 quotiens
824 3355 1028 3448 peccaverit
1045 3351 1082 3424 in
1109 3375 1166 3426 me
1183 3351 1295 3426 frater
1312 3377 1414 3427 meus
1431 3351 1610 3427 dimittam

386 3465 447 3540 ei?
465 3465 630 3562 Cumque
655 3463 722 3537 sibi
742 3463 1013 3560 responderetur
1037 3489 1150 3564 usquo
1175 3465 1380 3563 septuagies
1406 3465 1536 3564 septies
1559 3467 1613 3539 in-

385 3577 620 3674 dirigendum,
641 3576 783 3650 nullum
805 3579 877 3650 iam
909 3578 1121 3652 reservando
1145 3577 1387 3654 sacerdotibus
1412 3577 1611 3653 universali

387 3693 554 3767 mandato
574 3691 739 3767 relietum
758 3691 901 3766 videtur
914 3692 1243 3788 ambiguumLuca
1256 3691 1365 3765 etiam
1374 3689 1610 3787 Evangelista

385 3815 541 3882 testante
557 3805 739 3896 docemur,
756 3803 841 3904 quia
859 3805 1008 3881 Domino
1026 3804 1251 3880 Hierusalem
1270 3813 1491 3905 properante,
1506 3803 1611 3880 disci-

388 3920 463 4019 puli
489 3920 729 4019 praecedentes
754 3919 982 3994 intraverunt
1007 3919 1130 3994 urbem
1158 3917 1463 4017 Samaritanorum
1491 3926 1532 3991 ut
1556 3916 1610 3990 illi

386 4044 565 4132 pararent.
578 4035 742 4132 Cumque
760 4033 839 4108 illos
852 4033 1039 4108 Samaritae
1056 4031 1263 4108 nullatenus
1281 4031 1509 4130 recepissent,
1518 4054 1609 4105 oom-

388 4147 473 4222 moti
489 4147 592 4224 Iacob
610 4157 646 4223 et
659 4145 763 4222 Iacob
780 4159 816 4222 et
829 4145 1004 4222 Iohannes
1021 4145 1247 4220 humanitate
1262 4143 1422 4219 dictame
1435 4141 1609 4218 dixerunt

388 4260 537 4335 Domine
556 4260 613 4334 vis
629 4260 792 4336 dioamus
809 4269 850 4334 ut
867 4259 967 4356 ignis
987 4258 1178 4338 descendet
1202 4258 1245 4333 de
1269 4256 1355 4333 caelo
1371 4265 1407 4332 et
1423 4263 1610 4331 consumat

390 4372 470 4447 illos
488 4374 583 4448 siout
597 4373 720 4448 Helias
738 4373 848 4448 fecit?
861 4377 943 4447 Mox
960 4397 1155 4449 conversus
1172 4370 1372 4470 increpavit
1385 4369 1466 4444 illos
1478 4369 1609 4444 dicens,

370 4486 543 4572 *Nescitis
560 4487 666 4564 ouius
683 4487 832 4585 spiritus
850 4487 946 4564 estis.
960 4485 1076 4562 Filius
1092 4485 1247 4561 hominis
1264 4507 1335 4559 non
1352 4481 1454 4560 venit
1469 4482 1609 4556 animas
