3646 5292
726 405 921 470 -l'l'l-

217 523 379 624 Episcopi
398 524 465 599 sui.
481 527 535 601 Ne
552 549 635 600 cum
661 523 877 625 dispensatio
900 527 978 602 sine
1003 527 1206 603 testimonio
1230 528 1350 618 fuerit,
1376 554 1433 605 res

213 635 454 713 ecclesiastice
470 638 627 736 disperse
644 638 728 730 sint,
745 640 790 716 ad
807 643 1061 718 contumeliam
1087 644 1247 742 pontifici
1272 645 1435 742 irrogan-

213 751 302 826 dam.
320 751 359 825 Si
376 777 461 828 vero
476 752 544 830 hoc
560 779 631 830 non
648 755 810 845 fecerint,
829 781 905 832 reos
922 781 981 833 eos
1006 758 1142 834 sanctis
1167 758 1351 835 subiacere
1377 784 1435 836 ca·

213 865 374 942 nonibus.

791 1027 851 1110 VI.

580 1205 629 1255 Ex
647 1204 783 1258 concilio
803 1203 920 1258 eodem
939 1217 1012 1272 cap.
1032 1207 1070 1258 x.

310 1335 348 1410 Si
366 1337 447 1434 quis
460 1337 531 1412 iam
544 1341 742 1415 translatus
754 1348 808 1415 est
820 1340 948 1416 exalia
961 1341 999 1415 in
1011 1341 1120 1416 aliam
1135 1342 1331 1418 aeclesiam
1344 1344 1436 1444 prio·

215 1449 266 1523 ris
280 1452 528 1543 aecclesiae‚vel
544 1456 786 1530 martiriorum
800 1479 879 1553 quae
892 1456 959 1532 sub
970 1480 1011 1532 ea
1024 1466 1193 1546 cuntant
1201 1457 1435 1556 ptochiorum,

213 1577 278 1641 aut
295 1569 590 1646 xenodochiorum
605 1570 711 1646 rebus
724 1570 762 1643 in
775 1569 875 1644 nullo
888 1570 1137 1646 communicet.
1151 1571 1220 1659 Qui
1234 1581 1354 1646 autem
1367 1573 1432 1646 ali·

213 1691 269 1757 ter
285 1683 363 1756 ansi
381 1683 528 1773 luerint,
545 1683 705 1759 decrevit
722 1693 847 1759 sancta
865 1683 1033 1782 Synodus
1049 1710 1070 1757 a
1088 1683 1226 1782 proprio
1247 1685 1364 1780 gradu
1383 1709 1435 1760 re·

214 1797 347 1873 cedere.
364 1801 453 1873 Item
472 1823 516 1874 ex
532 1798 653 1873 eodem
671 1822 747 1895 cap.
762 1799 898 1872 XXIII.
916 1796 1048 1872 Clerici
1066 1805 1102 1871 et
1120 1797 1285 1874 Monachi
1303 1798 1433 1897 quibus

215 1911 307 1985 nihil
323 1913 368 1988 ab
386 1914 557 2014 Episcopo
573 1937 637 1988 sno
653 1913 882 1989 commissum
908 1919 972 1998 est,
989 1909 1073 2006 quia
1099 1934 1160 2008 per
1185 1911 1434 1988 Constantino·

215 2024 320 2124 polim
338 2026 475 2101 diutins
501 2028 748 2116 immorantur,
775 2028 804 2100 si
831 2053 852 2100 a
876 2026 1057 2101 defensore
1083 2025 1242 2101 eiusdem
1264 2027 1433 2103 eecclesiae

214 2138 314 2238 prius
331 2137 536 2214 commoniti
553 2138 597 2212 ad
610 2139 750 2237 propria
765 2139 878 2215 redire
892 2140 1084 2230 noluerint,
1096 2139 1141 2216 ab
1154 2141 1274 2216 eodem
1288 2166 1332 2216 ex
1345 2142 1432 2217 urba

216 2253 405 2352 pellantur.

347 2568 396 2620 Ex
414 2568 475 2620 v11
494 2566 609 2620 sinodo
628 2568 802 2621 uniuersali
820 2567 968 2620 ecclesiae
986 2568 1118 2632 patrum
1137 2580 1210 2634 cap.
1228 2569 1297 2622 XV.

308 2706 470 2782 Clericus
484 2725 553 2778 non
575 2711 854 2782 connumeretur
874 2703 912 2776 in
934 2703 1072 2778 duabus
1086 2704 1257 2780 ecelesiis
1273 2706 1431 2802 nogotia-

212 2819 320 2894 tionis
337 2821 431 2894 enim
450 2829 504 2894 est
520 2819 587 2894 hoc
605 2829 640 2893 ot
657 2817 826 2915 temporis
850 2818 1024 2892 commodi
1041 2819 1234 2917 proprium,
1251 2828 1288 2895 et
1310 2819 1354 2894 ab
1367 2845 1433 2896 aec·

212 2933 413 3010 clesiastica
427 2932 683 3008 consuetudine
701 2929 844 3029 penitus
857 2929 1025 3004 alienum.
1040 2931 1257 3006 Audivimus
1273 2933 1369 3008 enim
1385 2958 1432 3008 ex

212 3049 287 3148 ipsa
304 3047 481 3122 dominica
498 3072 597 3135 voce,
614 3047 698 3145 quia
716 3067 820 3121 nemo
836 3051 949 3140 potest
965 3042 1102 3118 duobus
1119 3043 1271 3117 dominis
1284 3045 1432 3135 servire,

211 3174 247 3239 ct
262 3173 401 3240 caetera.
414 3166 501 3250 Quae
518 3163 614 3238 enim
632 3187 694 3260 por
711 3171 815 3260 turpe
833 3157 976 3233 lucrum
994 3157 1032 3232 in
1046 3157 1309 3235 ecclesiasticis
1323 3159 1430 3235 rebus

212 3277 427 3366 efficiuntur,
445 3275 561 3350 aliena
579 3274 780 3350 consistunt
797 3298 818 3346 a
836 3274 917 3347 Deo.
1331 3271 1335 3278 '

769 3457 867 3542 VIII.

652 3669 701 3719 Ex
720 3665 791 3719 ead.
812 3675 884 3729 cap.
903 3665 989 3718 XVI.

305 3831 431 3905 Omnis
445 3831 616 3905 iactantia
630 3838 666 3905 et
683 3837 854 3904 ornatura
870 3826 1062 3924 corporalis
1075 3827 1192 3901 aliena
1206 3835 1261 3902 est
1272 3853 1294 3901 a
1306 3838 1430 3902 sancto

210 3945 341 4020 ordine.
370 3949 439 4018 Eos
459 3968 546 4040 ergo
571 3943 760 4042 Episcopos
786 3941 844 4016 vel
870 3940 1029 4016 Oleniuos
1054 3941 1115 4038 qui
1147 3965 1184 4015 se
1214 3941 1366 4036 fulgidis
1394 3952 1431 4016 et

210 4057 316 4134 cleris
333 4057 494 4133 vestibus
510 4068 639 4132 ornant
655 4054 834 4132 emendari
856 4063 1000 4151 oportet.
1019 4055 1118 4142 Quod
1143 4054 1174 4127 si
1199 4054 1238 4128 in
1262 4054 1329 4129 hoc
1354 4079 1431 4153 per·

212 4171 408 4246 manserint
424 4171 622 4269 epythimio
639 4171 837 4244 tradantur.
850 4167 920 4256 Qui
938 4192 1023 4242 vero
1036 4168 1174 4243 inventi
1187 4167 1324 4243 fuerint
1340 4169 1431 4243 deri-

210 4286 334 4361 dentes
351 4280 409 4361 eos
427 4285 487 4384 qui
506 4285 641 4361 vilibus
654 4285 880 4362 vestimentis
893 4293 929 4358 et
942 4283 1121 4380 religiosis
1133 4283 1256 4358 amicti
1270 4292 1355 4357 sunt
1368 4307 1430 4380 per

209 4398 449 4498 epythimium
467 4399 706 4497 corrigantur.
724 4401 906 4500 Scriptum
921 4411 975 4476 est
987 4401 1093 4476 enim.
1107 4401 1176 4489 Qui
1192 4399 1358 4474 mollibus
1371 4423 1430 4474 ve-

209 4517 369 4590 stiuntur
386 4515 422 4587 in
441 4515 603 4590 domibus
620 4541 748 4613 regum
768 4527 861 4592 suut.

915 4618 923 4638 '
1216 4632 1248 4684 12
