3646 5292
908 415 1039 481 -240
1066 449 1105 478 ·-,

941 633 1077 719 (lllllll.

910 837 1102 904 Hyaidorua.

492 1001 607 1078 Cardo
624 1001 742 1077 dictus
758 1027 780 1075 a
796 999 1024 1099 potocardiarr
1037 1021 1166 1096 greco,
1183 999 1276 1075 idest
1293 997 1408 1089 corde,
1420 997 1505 1098 qnia
1522 997 1620 1073 sicut

396 1138 456 1191 cor
473 1125 587 1192 totum
604 1115 783 1191 hominem
804 1115 901 1211 regit
917 1123 953 1189 et
969 1123 1099 1205 movet,
1117 1115 1168 1189 ita
1186 1114 1292 1190 cardo
1309 1113 1427 1188 ianuae
1444 1111 1535 1188 idest
1559 1137 1620 1187 cu·

398 1255 488 1305 neus
504 1239 614 1306 totam
633 1229 778 1303 ianuam
798 1228 893 1325 regit
910 1237 946 1303 et
963 1237 1090 1304 movet.
1107 1229 1210 1304 Unde
1236 1228 1436 1304 derivative
1461 1227 1620 1302 sacerdo-

397 1351 451 1416 tes
468 1353 504 1418 et
520 1342 640 1418 levitae
664 1341 804 1417 Summi
832 1341 1016 1417 Pontificis
1041 1339 1243 1416 cardinales
1267 1341 1449 1430 dicuntur,
1469 1337 1618 1438 eoquod

396 1453 465 1552 ipsi
479 1455 580 1554 quasi
595 1455 707 1530 forma
720 1455 807 1531 lacti
822 1455 930 1552 gregi
943 1455 1055 1530 sacris
1069 1455 1378 1554 praedicationibus
1390 1464 1426 1529 et
1439 1453 1618 1552 praeclaris

397 1567 559 1665 operibus
577 1571 710 1667 Papam
727 1568 889 1665 dirigant
904 1577 1012 1667 atque
1029 1569 1215 1666 adrogant,
1233 1579 1341 1668 atque
1357 1569 1401 1644 ad
1426 1569 1530 1665 regni
1555 1591 1619 1643 aa

398 1680 499 1756 lestis
517 1681 681 1756 anditum
698 1691 866 1758 moveant
883 1692 919 1758 et
932 1682 1099 1758 invitent.
1116 1683 1220 1758 Sicut
1236 1683 1426 1759 abbasibus
1443 1692 1620 1780 quaesunt

400 1794 547 1870 fulturae
576 1794 826 1870 columnarum
855 1821 876 1868 a
901 1795 1134 1872 fundamento
1158 1806 1360 1893 surgentes,
1380 1795 1505 1871 basilei
1530 1794 1619 1869 idest

399 1934 504 2008 reges
525 1909 697 1985 dicuntur
714 1910 798 2009 quia
816 1913 948 2008 Papam
968 1919 1112 2007 regunt,
1130 1910 1233 1986 itaet
1257 1909 1466 1986 Cardinales
1490 1907 1620 1982 diriva-

398 2022 474 2098 tive
493 2023 666 2098 dicuntur
683 2048 704 2097 a
721 2023 927 2099 cardinibus
945 2023 1073 2114 ianuae,
1089 2023 1150 2122 qui
1169 2033 1242 2099 tam
1256 2032 1390 2120 regunt
1406 2031 1442 2098 et
1463 2032 1618 2111 movent,

398 2136 491 2237 quod
506 2136 642 2234 plebem
657 2137 722 2213 Dei
736 2146 778 2212 ut
790 2138 955 2236 superius
967 2137 1129 2212 diximus
1141 2136 1312 2213 doctrinis
1325 2135 1460 2212 sanctis
1471 2135 1516 2210 ad
1528 2158 1621 2211 amo·

399 2273 473 2326 rem
492 2250 556 2325 Dei
574 2259 751 2326 moveant.
769 2253 859 2326 Item
877 2250 1078 2327 cardinales
1096 2251 1220 2326 mundi
1237 2251 1307 2326 duo
1323 2260 1410 2327 sunt
1421 2251 1459 2324 in
1473 2260 1620 2351 septem·

396 2361 512 2439 trione
528 2372 565 2438 et
582 2363 740 2455 meridie,
757 2373 793 2440 et
810 2364 888 2440 ideo
904 2363 1075 2440 dicuntur
1092 2363 1256 2439 cardines
1273 2362 1358 2462 quia
1376 2362 1414 2438 in
1440 2362 1527 2462 ipsis
1547 2361 1621 2438 vol·

397 2475 498 2550 vitur
514 2474 656 2552 oaelum.

933 2669 1086 2754 Olllllll.

561 2873 610 2924 Ex
629 2871 734 2925 alnodl
751 2871 886 2926 secundi
904 2871 1062 2938 stephani
1079 2873 1181 2938 Papae
1200 2873 1232 2924 in
1250 2872 1376 2926 wdone
1395 2874 1452 2926 111.

493 3045 644 3118 Esterno
656 3042 713 3117 die
726 3041 861 3140 prolata
875 3051 929 3119 est
941 3043 1119 3118 sententia
1132 3043 1429 3143 quemadmodum
1448 3046 1621 3122 Constan-

398 3156 498 3230 tinus
512 3155 722 3254 Apostolicoe
734 3155 828 3230 sedis
841 3156 986 3232 invasor
1003 3157 1286 3257 suppaenitentiae
1303 3159 1523 3257 correptione
1540 3159 1622 3234 sub-

398 3270 524 3346 sistere
541 3268 675 3346 debeat.
692 3273 780 3344 Item
796 3269 900 3343 inira.
914 3270 1104 3368 Oportebat
1120 3281 1161 3346 ut
1172 3271 1249 3348 hoec
1263 3282 1490 3347 sacrosancta
1503 3271 1622 3347 Domi·

398 3384 480 3460 nica
498 3371 619 3459 nostra
636 3386 795 3458 Romana
812 3383 974 3458 Ecclesia
991 3383 1092 3458 iuxta
1110 3383 1201 3482 quod
1218 3409 1240 3458 a
1256 3384 1359 3460 beato
1372 3389 1477 3462 Petro
1489 3395 1526 3462 et
1543 3386 1620 3460 eius

398 3495 664 3572 successoribus
682 3496 888 3572 institutum
906 3504 962 3569 est
974 3494 1042 3570 rite
1055 3495 1290 3587 ordinaretur,
1302 3507 1338 3573 et
1352 3497 1390 3570 in
1403 3496 1619 3595 apostolatus

399 3607 559 3684 eulmine
572 3633 667 3682 unus
680 3609 723 3685 de
732 3607 974 3684 cardinalibus
983 3606 1274 3706 presbyterisaut
1285 3608 1491 3684 diaconibus
1503 3632 1623 3685 conse·

398 3729 571 3797 oraretur.
584 3723 683 3796 Item.
698 3721 815 3797 Sedet
828 3720 893 3797 boc
906 3719 973 3796 sub
986 3719 1226 3796 anathematis
1239 3720 1620 3798 interdictionibusde·

399 3833 592 3924 cernimus,
605 3845 646 3909 ut
658 3833 751 3909 nulli
766 3859 924 3934 unquam
942 3831 1115 3909 laicorum
1129 3832 1205 3908 sive
1221 3858 1265 3908 ex
1278 3858 1387 3908 manu
1400 3843 1549 3924 armata,
1563 3831 1621 3908 vel

399 3971 443 4021 ax
467 3946 550 4022 aliis
575 3947 758 4022 ordinibus
779 3956 998 4046 praesumant
1014 3945 1171 4021 inveniri
1189 3945 1228 4019 in
1246 3944 1418 4021 electione
1431 3945 1621 4022 Pontificis.

400 4060 470 4135 Sed
481 4085 502 4134 a
516 4062 659 4138 cunctis
668 4061 930 4151 Sacerdotibus,
940 4071 1048 4160 atque
1057 4057 1262 4158 proceribus
1275 4059 1436 4135 ecclesiae
1446 4071 1482 4136 et
1493 4069 1622 4136 cuncto

399 4172 495 4248 clero
511 4173 587 4271 ipsa
604 4173 819 4272 pontificalis
836 4173 962 4250 electio
979 4173 1174 4274 proveniat.
1191 4175 1239 4247 Et
1255 4181 1441 4272 postquam
1456 4171 1621 4248 Pontifex

399 4284 535 4361 electus
547 4285 667 4377 fuerit,
680 4295 715 4362 et
729 4287 767 4361 in
781 4286 1043 4385 patriarchium
1056 4285 1242 4375 deductus,
1254 4295 1343 4361 tunc
1355 4285 1544 4384 optimates
1557 4285 1622 4358 mi·

400 4397 499 4487 litiae,
512 4407 548 4474 et
562 4409 717 4475 cunctus
731 4401 923 4493 exercitus,
935 4411 971 4478 et
983 4401 1082 4478 cives
1095 4399 1247 4489 honesti,
1259 4408 1366 4498 atque
1380 4399 1549 4475 universa
1562 4422 1623 4494 ge

399 4511 571 4590 neralitas
584 4511 703 4610 populi
717 4511 827 4587 huius
840 4517 1006 4589 Romane
1020 4513 1119 4588 urbis
1130 4513 1176 4590 ad
1189 4511 1418 4588 salutandum
1427 4537 1510 4587 eum
1524 4511 1621 4585 sicut
