3642 5294
752 424 924 486 ..19-

220 540 274 612 De
290 547 462 634 potestate
479 541 713 616 sacerdotum.
731 547 816 640 Cap.
834 544 963 618 CXXI.
981 545 1022 616 In
1041 545 1073 615 I⁰
1091 544 1151 620 lib.
1168 545 1348 621 CCXIIII.

221 653 497 840 Quogvlpiaconi
516 655 672 730 ministri
692 666 778 731 sunt
795 656 1002 756 Presbyteri
1025 667 1060 733 et
1078 659 1253 756 Episcopi.
1267 661 1351 758 Cap.
1363 663 1445 736 XV.

380 769 406 839 I.

221 878 321 964 Quod
333 877 465 977 absque
482 881 651 956 Diaconis
676 882 870 981 Presbyter
895 907 1023 958 noman
1048 884 1164 976 habet,
1189 887 1346 963 officium
1371 911 1442 963 non

293 991 407 1069 habet.
425 996 509 1094 Cap.
528 997 620 1071 CXI.

221 1106 448 1182 DeDiaconis
457 1109 565 1207 quise
575 1112 770 1208 praeferunt
779 1111 1013 1210 Presbyteris.
1023 1112 1106 1210 Cap.
1117 1113 1227 1187 CVII.
1237 1123 1273 1188 ct
1283 1117 1429 1191 CXIIII.

220 1221 322 1306 Quod
329 1244 400 1295 nou
408 1232 566 1319 oporteat
578 1224 751 1300 Diaconos
761 1226 798 1298 in
809 1224 1040 1323 Presbyteuo
1053 1225 1186 1301 sedere.
1199 1227 1284 1324 Cap.
1297 1231 1442 1304 XLIIII.

222 1337 272 1408 Ut
288 1357 357 1408 non
376 1336 495 1410 sedeat
511 1338 549 1410 in
567 1339 681 1412 medio
698 1338 1004 1436 Presbyterorum.
1022 1339 1107 1436 Cap.
1123 1341 1204 1414 IIII.
1221 1341 1423 1417 CXXVIII.
1576 1333 1578 1338 ¹

222 1451 272 1522 Ut
288 1449 445 1526 iussione
464 1452 670 1550 Presbyteri
688 1452 817 1527 sedeat:
835 1452 918 1548 Cap.
936 1455 1052 1526 XIIII.
1069 1455 1150 1526 XV.

222 1565 272 1638 Ut
291 1565 470 1640 Diaconus
488 1567 525 1638 in
544 1575 724 1642 conventu
742 1565 1036 1664 Presbyterorum
1055 1568 1300 1666 iuterrogatus
1326 1569 1445 1668 loqua-

297 1687 368 1752 tur.
389 1679 472 1776 Cap.
490 1683 572 1754 XV.

221 1795 272 1866 Ut
288 1792 440 1866 cundem
457 1792 626 1868 honorem
643 1793 771 1868 habeat
787 1819 809 1867 a
826 1792 1128 1890 subsequentibus
1150 1793 1342 1869 ordinibus.
1357 1795 1441 1893 Cap.

295 1907 412 1980 XIIII.
429 1907 601 1980 XXXIII.

221 2019 271 2091 Ut
287 2026 442 2116 tompore
460 2019 646 2094 oblationis
663 2029 699 2095 ct
723 2019 886 2095 lectionis
911 2028 1052 2094 tautum
1069 2019 1150 2094 alba
1176 2029 1337 2096 utantur.
1355 2022 1441 2118 Cap.

294 2133 375 2204 XV.
1396 2182 1402 2192 -

59 2293 64 2300 -
220 2246 270 2318 Ut
287 2243 433 2319 absente
451 2246 622 2343 Episcopo
638 2245 698 2321 vel
715 2247 930 2345 Presbytero
945 2247 1110 2345 baptizet.
1128 2249 1213 2346 Cap.
1226 2252 1370 2324 XLIIII.

220 2359 270 2430 Ut
286 2357 414 2454 populo
426 2359 709 2434 communionem
727 2359 871 2436 iubente
884 2361 1098 2458 Presbytero
1115 2371 1248 2456 eroget.
1262 2361 1347 2459 Cap.
1360 2365 1441 2436 XV.

219 2471 272 2544 De
284 2471 398 2545 officio
411 2471 616 2571 Presbyteri
630 2482 665 2548 ot
678 2473 837 2548 Diaconi.
852 2476 936 2572 Cap.
951 2477 1063 2550 CVII.
1078 2475 1172 2550 CXI.
1187 2475 1296 2550 CXII.
1312 2475 1441 2551 CXVI.

220 2585 271 2658 Ile
288 2585 478 2683 utriusque
494 2585 657 2660 absentia
674 2613 695 2659 a
712 2587 788 2660 suis
806 2589 977 2664 ecclesiis.
1003 2590 1088 2686 Cap.
1106 2592 1151 2662 X.
1169 2597 1205 2664 ct
1230 2598 1272 2663 ut
1296 2588 1442 2664 saeoula·

294 2698 392 2772 ribus
409 2700 566 2796 negotiis
584 2723 654 2774 uon
673 2701 916 2798 implicentur.
934 2704 1019 2800 Cap.
1038 2702 1131 2777 CVI.

220 2812 382 2900 Qualiter
399 2815 542 2889 Praelati
560 2815 648 2913 eligi
666 2816 804 2891 debent.
822 2817 906 2913 Cap.
924 2816 1069 2889 LXVII.

219 2930 270 3004 De
287 2953 359 3003 uno
375 2931 558 3028 Episcopo,
575 2940 611 3004 et
628 2953 699 3004 uno
717 2928 1051 3028 Archipresbytero,
1067 2935 1103 3002 ot
1119 2949 1190 3002 uno
1209 2925 1438 3004 Archidioco

291 3065 337 3116 no
355 3043 463 3118 unius
481 3043 652 3119 civitatis.
670 3045 754 3141 Cap.
772 3043 938 3118 CXVIII.

220 3155 384 3241 Qualiter
414 3157 725 3256 Archipresbytcr‚
754 3167 790 3233 ot
819 3155 1103 3231 Archidiaconus
1136 3153 1329 3251 eligantur.
1354 3155 1438 3253 Cap.

220 3272 656 3471 Ιάθᾶξξιᾞὲξξέῌὲωάυε
674 3373 723 3447 sit
739 3372 1016 3471 Presbytcratus
1033 3396 1140 3469 quam
1166 3370 1440 3448 Archidiaconu-

292 3495 362 3561 tus.
380 3487 465 3586 Cap.
481 3490 628 3563 LXXII.
645 3489 793 3562 CXIIII.
810 3496 845 3561 et
861 3486 900 3559 in
917 3487 950 3559 1⁰
968 3485 1026 3560 lib.
1044 3486 1149 3560 CLX.

219 3600 1437 3698 Quifungunturvieamntificum.cap.XXX1111.XLVI.LXXV11.

289 3715 507 3789 LXXVIIII.
525 3717 601 3791 CV.
619 3716 767 3790 CXXII.

217 3827 268 3900 De
284 3828 399 3903 officio
417 3829 681 3905 Archidiaconi.
698 3830 783 3926 Cap.
801 3827 928 3900 LVIII.

217 3940 268 4015 De
297 3941 413 4017 officio
441 3942 667 4018 Vicedomini
695 3951 732 4018 at
755 3939 928 4017 electione
952 3937 1040 4016 eius.
1065 3940 1150 4036 Cap.
1167 3941 1275 4014 LIIII.
1291 3941 1436 4014 LVIIII.

215 4169 267 4241 De
284 4167 458 4245 electione
472 4167 686 4245 Oeohonomi
702 4176 738 4242 ct
754 4168 869 4244 officio
885 4167 973 4243 eius.
991 4166 1076 4264 Cap.
1094 4167 1137 4240 V.
1154 4168 1264 4240 LIIII.

216 4281 264 4353 Ut
288 4281 333 4354 ad
359 4282 526 4377 potiorem
551 4281 704 4378 gradum
731 4280 882 4380 quilibet
906 4279 1045 4353 invitus
1073 4301 1144 4352 non
1176 4287 1435 4374 promoveatur.

217 4393 1435 4602 Utigbb'abrblbelesiisquilibetoleriousnonnumeratusoapmr.
