3638 5294
743 426 783 440 -
809 396 874 458 515
899 427 940 442 -

342 519 424 600 Item
443 518 592 570 Iohannis
611 531 710 584 pape,
728 520 847 572 Basilio
866 521 965 572 Leoni
985 519 1167 572 Alexandro
1188 523 1346 585 augustis.

325 629 608 706 Unanimitatem
622 641 658 706 et
676 655 796 730 pacem
811 639 849 712 in
863 633 1014 712 eeclesia
1028 643 1148 706 vestra
1162 633 1238 706 fieri
1256 633 1452 730 cupientes,

230 765 291 838 per
307 741 538 838 apocrisarios
556 754 592 818 et
609 763 731 822 sacras
741 751 909 848 epistolas
925 757 1065 822 vestras
1081 745 1126 819 ad
1143 748 1338 820 Romanam
1356 746 1453 820 misi·

230 855 295 928 stis
313 855 510 930 aeclesiam
530 883 592 957 pro
608 872 705 937 certo
721 865 876 940 seientes
893 885 964 938 non
981 859 1219 956 neglegenter
1233 885 1311 934 eam
1333 884 1452 958 coope-

231 979 368 1042 rentem
387 969 426 1042 in
443 969 586 1060 bonum,
604 973 699 1049 sicut
715 987 751 1052 et
768 987 1009 1053 antecessores
1026 973 1136 1047 vestri
1163 973 1314 1073 piissimi
1341 973 1452 1072 impe-

232 1090 376 1168 ratores
405 1094 662 1177 cognoscentes
689 1088 832 1164 beatum
864 1094 1012 1166 Petrum
1042 1086 1157 1183 capud
1188 1111 1264 1161 esse
1292 1086 1453 1160 omnium

196 1251 200 1257 .
230 1193 719 1282 aecclesiarum,sicut0mnes
732 1203 901 1301 synodice
915 1199 1186 1276 constitutiones
1200 1209 1450 1276 etsanetorum

228 1315 369 1404 patrum
387 1305 529 1383 decreta
553 1319 741 1387 testantur.
767 1318 867 1391 Item.
894 1313 1078 1412 Scripsisti
1101 1311 1212 1402 nobis
1229 1312 1453 1388 dilectissimi

231 1417 308 1506 filii,
325 1429 367 1493 ut
384 1421 574 1516 apostolica
592 1427 845 1523 compassionis
863 1430 999 1502 viscera
1016 1425 1226 1523 aperientes,
1250 1448 1372 1500 omues
1390 1425 1452 1522 qui

230 1529 266 1602 iu
298 1529 449 1604 ecclesia
478 1556 557 1629 qum
585 1536 679 1633 apud
709 1560 772 1612 vos
788 1551 843 1614 est
867 1539 1050 1617 canonicis
1075 1536 1356 1634 correptionibus
1373 1535 1453 1610 sub·

231 1643 350 1724 iacent
380 1644 607 1743 recipiamus,
624 1650 774 1750 pacique
804 1663 840 1729 et
862 1651 1093 1728 unanimitati
1118 1651 1311 1738 studentes,
1336 1647 1454 1747 ipsum

231 1757 412 1845 domnum,
430 1757 493 1832 Ph.
512 1761 827 1862 Archiepiscopum
844 1757 1168 1842 communicantem
1186 1761 1286 1836 nobis
1299 1761 1342 1834 ad
1359 1786 1455 1834 sum·

232 1897 327 1944 mam
346 1873 533 1946 sacerdotii
552 1873 762 1970 dignitatem
782 1891 817 1954 et
829 1880 995 1955 honorem
1011 1877 1274 1976 patriarchatus
1292 1876 1456 1950 restitua-

231 2009 324 2072 mus,
340 2009 385 2058 ne
403 1983 567 2061 diutinus
584 1988 744 2064 aecclesia
761 1993 826 2066 Dei
844 1993 882 2066 in
896 1992 1062 2068 scismate
1079 2001 1115 2065 et
1128 1990 1294 2065 seandalo
1311 1999 1455 2064 contur-

230 2097 313 2172 bata
339 2099 556 2195 permaneat.
581 2104 654 2174 Nos
680 2127 764 2177 reru
788 2107 993 2202 petitionem
1018 2113 1174 2179 vestram
1193 2112 1235 2176 ut
1260 2101 1392 2176 iustam
1418 2111 1455 2177 et

232 2215 305 2286 Deo
322 2211 524 2312 placentem
539 2215 703 2312 amplexi,
716 2229 752 2292 et
764 2230 975 2316 oportunum
990 2229 1131 2314 tempus
1144 2215 1235 2314 quod
1249 2215 1310 2288 diu
1323 2215 1455 2289 deside·

233 2349 356 2398 ramus
378 2349 442 2400 nos
466 2326 647 2403 invenisse
664 2331 795 2424 gavisi,
815 2333 978 2406 misimus
994 2329 1226 2428 apocrisarios
1242 2337 1380 2402 nostros
1397 2351 1455 2402 vo·

234 2437 411 2512 luntatem
427 2451 583 2514 vestram
599 2444 785 2540 complere,
802 2445 970 2543 quamvis
987 2445 1100 2543 pietas
1118 2453 1237 2517 vestra
1251 2451 1333 2514 ante
1347 2465 1455 2538 quam

230 2551 445 2639 invenirent,
464 2551 579 2649 ipsum
600 2555 718 2628 virum
737 2557 1028 2656 preoccupaverit
1053 2556 1228 2630 violenter
1252 2553 1453 2628 restituere.

233 2664 333 2749 Quod
346 2673 465 2738 tamen
480 2675 515 2739 et
528 2690 592 2740 nos
608 2667 759 2744 libenter
778 2672 978 2769 recipimus.
992 2675 1038 2744 Et
1051 2669 1216 2768 quamvis
1230 2667 1305 2742 haec
1323 2667 1455 2741 facien-

230 2776 266 2849 di
284 2787 493 2874 potestatem
512 2779 692 2872 habentes,
708 2807 778 2856 non
793 2795 912 2859 tamen
926 2809 970 2859 ex
982 2793 1152 2883 potestate
1166 2791 1286 2856 nostra
1303 2805 1386 2855 eum
1402 2805 1454 2855 re·

231 2891 380 2966 stituere
398 2891 575 2982 volumus,
589 2895 647 2970 sed
661 2907 697 2970 et
714 2897 915 2996 apostolicis
932 2895 1084 2972 decretis
1101 2907 1137 2971 et
1150 2894 1309 2993 paternis
1326 2895 1455 2968 consti·

232 3006 430 3082 tutioribus
447 3008 650 3084 testimonia
667 3011 890 3110 proferimus,
907 3035 978 3085 non
996 3011 1096 3106 leges
1114 3009 1285 3085 aecclesiae
1297 3007 1454 3106 antiqui·
1521 3095 1526 3104 ι
1595 3025 1600 3034 ’

233 3135 292 3194 tus
309 3121 409 3195 datas
426 3122 616 3213 solventes,
633 3126 694 3200 sed
711 3124 749 3198 in
767 3125 897 3223 quibus
910 3149 1033 3198 earum
1047 3123 1236 3219 diligentia
1251 3122 1456 3198 incumver-

233 3232 384 3307 tibiliter
403 3233 608 3309 observatas
625 3236 785 3312 ecclesiae
802 3261 930 3335 corpus
947 3237 1081 3325 evellit,
1098 3246 1134 3312 et
1149 3236 1308 3334 dissipat,
1325 3236 1369 3310 ad
1387 3235 1455 3308 uti·

235 3344 374 3421 litatem
392 3347 470 3422 eius
487 3349 604 3422 omnia
623 3351 790 3426 reducere
806 3351 1000 3448 cupientes.
1018 3349 1186 3448 Synodus
1203 3349 1298 3423 enim
1318 3347 1457 3422 Nicena

231 3459 386 3534 secundo
403 3459 559 3556 capitulo
576 3461 673 3550 dicit,
686 3464 854 3560 quoniam
868 3465 1071 3561 frequenter
1085 3463 1161 3537 sive
1175 3488 1219 3536 ex
1232 3461 1455 3551 necessitate,

233 3573 309 3648 sive
323 3573 529 3671 aliquolibet
546 3577 646 3650 modo
663 3577 864 3673 transgredi
884 3576 1037 3672 contigit
1054 3575 1215 3650 homines
1232 3574 1456 3650 aecclesiasti-

233 3710 293 3760 cos
306 3711 468 3775 canones
482 3697 518 3762 et
531 3691 623 3786 Papa
638 3689 803 3764 Gelasius
816 3690 912 3764 dicit.
922 3689 1098 3776 Quoniam
1110 3687 1170 3762 ubi
1182 3687 1375 3766 necessitas
1384 3711 1456 3762 nen

234 3811 300 3890 est,
318 3799 624 3877 incumvertibilia
647 3813 817 3879 maneant
843 3813 1048 3878 sanctorum
1076 3810 1216 3898 patrum
1240 3802 1392 3877 decreta.
1410 3805 1457 3876 Et

235 3913 486 3989 sanctissimus
504 3919 599 4013 Papa
617 3920 685 3991 Leo
702 3917 739 3989 in
766 3917 884 3992 eodem
912 3915 1042 4013 spiritu
1060 3913 1220 4012 praecipit
1238 3915 1368 3990 diceus.
1385 3914 1456 3990 Ubi

235 4027 428 4102 necessitas
445 4051 515 4102 non
542 4039 606 4116 est,
633 4029 732 4104 nullo
758 4029 857 4103 modo
882 4028 1062 4102 violentur
1087 4036 1292 4102 sanctorum
1314 4037 1456 4125 patrum

234 4149 381 4214 statuta.
398 4140 467 4215 Ubi
483 4165 567 4215 vero
584 4143 779 4219 necessitas
796 4142 906 4216 luerit
922 4141 966 4214 ad
980 4141 1173 4216 utilitatem
1191 4141 1361 4229 ecclesiae,
1378 4165 1458 4239 quae

237 4263 448 4350 potestatem
465 4253 573 4330 habet
590 4281 631 4330 ea
653 4255 841 4353 dispenset.
858 4258 912 4328 Ex
929 4253 1140 4330 necessitate
1158 4254 1356 4330 secundum
1379 4278 1459 4352 apc-

235 4367 364 4442 stolum
384 4367 424 4441 lit
442 4369 592 4443 mutatio
609 4369 712 4466 legis.
738 4373 785 4444 Et
801 4367 904 4443 Felix
922 4370 1026 4466 Papa.
1044 4365 1288 4464 Contempluri
1312 4375 1459 4465 oportet,

237 4483 329 4578 quod
357 4480 416 4556 ubi
444 4483 639 4557 occurrerit
668 4481 882 4572 necessitas,
907 4505 988 4579 sepe
1016 4480 1288 4556 constitutiones
1316 4489 1458 4578 patrum
