3646 5292
730 402 925 467 -179-

794 624 854 708 III.
923 605 927 612 ⁴

514 831 551 882 In
570 841 638 882 can.
659 829 888 896 Apostolorum
907 841 978 895 cap.
998 829 1130 881 XXXII.

309 992 348 1066 Si
358 992 440 1090 quis
450 991 908 1091 Presbytereontempnens
917 991 1131 1090 Episcopum
1141 992 1435 1090 propriumextra

213 1103 393 1201 colligerit
410 1114 446 1180 et
462 1104 575 1180 altare
592 1105 691 1180 aliud
708 1107 871 1196 erexerit,
887 1107 978 1182 nihil
995 1106 1129 1182 habens
1154 1129 1223 1204 quo
1248 1107 1436 1206 repreben-

214 1217 273 1292 dat
297 1219 511 1318 Episcopum
537 1219 718 1318 proprium
736 1219 774 1292 in
799 1245 908 1295 carisa
934 1219 1087 1318 pietatis
1112 1219 1320 1320 deponatur,
1349 1221 1434 1320 quia

213 1331 436 1430 principatus
453 1342 589 1408 amator
605 1333 771 1409 existens.
790 1338 853 1408 Est
870 1335 965 1409 enim
988 1335 1155 1408 tirannus
1180 1345 1215 1411 et
1232 1335 1341 1412 ceteri
1367 1336 1437 1412 cle·

214 1445 291 1536 rici,
307 1448 513 1546 quicunque
531 1447 596 1522 tali
615 1447 854 1538 consentiunt,
870 1448 954 1524 laici
974 1472 1059 1524 vero
1076 1458 1329 1546 segregentur.
1348 1452 1435 1527 Haec

213 1569 332 1635 autem
351 1562 428 1636 fieri
446 1571 648 1660 postauam
667 1571 702 1637 et
719 1562 913 1638 secundam
931 1571 967 1636 et
987 1561 1130 1638 tertiam
1156 1561 1434 1639 obsecrationem

214 1674 374 1773 Episcopi
393 1676 622 1751 conveniunt.

784 1783 861 1869 XII.

641 1983 816 2034 Innocentii
833 1995 905 2048 cap.
925 1982 1011 2032 X111.

307 2135 500 2213 Presbiteri
513 2137 573 2235 qui
584 2136 844 2233 corregionales
857 2160 926 2212 non
940 2145 1037 2227 sunt,
1050 2135 1087 2208 in
1101 2135 1251 2212 eeclesia
1263 2145 1436 2233 praesente

212 2249 372 2348 episcopo
389 2249 447 2325 vel
464 2249 669 2347 presbiteris
686 2250 846 2324 civitatis
863 2249 986 2324 offerre
1004 2272 1074 2322 non
1092 2257 1267 2347 poterunt,
1285 2273 1351 2326 nco
1376 2274 1435 2347 pa-

213 2388 293 2438 nem
313 2363 577 2440 sanctificatum
595 2364 690 2454 dare,
702 2363 924 2462 calicemque
938 2363 1128 2461 porrigere.
1142 2363 1208 2437 His
1220 2387 1305 2438 vero
1316 2387 1436 2438 assen-
1466 2359 1468 2366 ’

214 2475 318 2566 tibus,
337 2476 366 2550 si
385 2485 558 2552 vocentur
575 2476 657 2550 dare
675 2475 812 2550 debent.

773 2673 870 2755 XIII.

550 2877 587 2926 In
605 2877 738 2930 concilio
759 2876 913 2930 Laodooii
934 2889 1006 2961 cap.
1024 2877 1084 2930 XX

307 3038 404 3126 Quod
424 3061 494 3114 non
519 3047 677 3137 oporteat
702 3040 899 3114 Diaconum
926 3063 1044 3114 coram
1069 3039 1277 3139 presbytero
1301 3041 1433 3130 sedere,

213 3151 273 3226 sed
292 3153 449 3227 iussione
470 3152 677 3250 Presbyteri
695 3153 824 3228 sedeat.
842 3152 1017 3229 Similiter
1034 3163 1155 3230 autem
1172 3153 1310 3230 diaconi
1328 3153 1434 3228 heno-

210 3291 282 3339 rem
301 3263 456 3342 babeant
476 3292 496 3339 a
522 3267 767 3364 sequentibus,
792 3267 883 3342 idest
908 3291 929 3340 a
954 3267 1182 3344 subdiaconis
1207 3279 1243 3343 ct
1267 3265 1433 3343 omnibus

209 3369 360 3474 clericis.

760 3477 876 3560 XIIII.

221 3676 257 3726 In
271 3677 406 3730 coneilio
421 3675 647 3739 cartaginensi
660 3677 712 3728 cui
724 3673 857 3741 praefuit
869 3677 933 3728 PP.
947 3677 1090 3729 zosimus
1104 3679 1312 3742 persicarios
1331 3690 1418 3731 suos.

303 3829 450 3905 Diaconi
460 3855 498 3905 se
509 3829 691 3928 Presyteri
703 3839 743 3904 ut
752 3829 915 3926 Episcopi
925 3830 1107 3904 ministros
1116 3854 1193 3905 esse
1203 3839 1430 3926 cognoscant.

207 3945 297 4017 Item
321 3943 459 4018 ibidem.
478 3946 527 4017 Ut
543 3943 714 4018 diaconus
731 3952 904 4044 praesente
927 3943 1139 4041 Presbytero
1163 3941 1430 4018 Eucharistiam

209 4058 375 4156 Corporis
389 4057 524 4133 Christi
542 4056 669 4154 populo
685 4057 716 4130 si
732 4057 927 4132 necessitas
941 4058 1049 4152 cogit,
1062 4056 1182 4131 iussus
1194 4066 1327 4152 eroget.
1340 4061 1431 4132 Item

207 4170 244 4244 in
259 4171 380 4246 eodem
394 4195 469 4268 cap.
482 4173 663 4244 XLVIIII.
680 4173 729 4245 Ut
742 4169 912 4246 diaconus
924 4171 1068 4246 iubente
1082 4171 1288 4269 presbytero
1300 4172 1431 4263 sedeat,

206 4285 363 4383 quolibet
379 4284 464 4359 Ioco.
481 4287 570 4357 Item
590 4283 628 4356 in
645 4284 764 4359 eodem
784 4309 859 4382 cap.
877 4288 913 4358 L.
930 4289 980 4361 Ut
1001 4285 1171 4360 diaconus
1196 4285 1233 4358 in
1251 4295 1429 4360 conventu

205 4397 494 4495 presbyterorum
511 4395 756 4492 interrogatus
773 4397 949 4496 loquatur.
966 4401 1056 4474 Item
1070 4399 1108 4471 in
1135 4399 1256 4476 eedem
1274 4425 1350 4498 cap.
1374 4403 1431 4475 LI:

205 4515 254 4588 Ut
271 4511 409 4586 diaconi
423 4520 579 4608 tempore
593 4519 735 4584 tanturn
750 4511 937 4586 oblationis
950 4520 987 4584 et
999 4510 1161 4585 lectionis
1174 4511 1252 4585 alba
1268 4521 1427 4586 utantur.
