3618 5316
895 341 1092 404 -310-

379 465 441 542 bct
457 459 662 563 provincias
678 459 845 550 venditae,
860 459 918 536 rel
933 460 1005 536 ullo
1016 460 1089 536 alio
1099 470 1202 560 pacto
1213 460 1367 538 alienate
1381 473 1478 550 sunt,
1489 463 1535 538 ab
1546 461 1608 538 bis

378 578 440 679 qui
454 601 639 678 perperam
649 587 757 674 atque
766 585 891 651 eontra
900 574 1069 671 legeseas
1082 575 1255 663 detinent,
1264 575 1364 649 nulla
1373 575 1608 674 longitempc·

382 692 432 766 ris
445 687 701 791 perscriptione
713 688 891 764 officiente
908 687 1073 766 iubemus
1090 691 1243 780 restitui,
1251 680 1304 765 ita
1318 700 1360 765 ut
1371 716 1439 767 nee
1451 692 1606 790 pretium

380 804 524 905 quidem
540 800 978 900 iniquisccoprratoribns
995 828 1178 903 reposcere
1194 804 1313 880 liceat.
1337 806 1430 879 Data
1455 809 1490 876 V
1515 809 1608 880 Non.

382 917 450 995 Iul.
465 913 723 992 Valentiniano
739 924 776 990 et
793 913 963 1013 Eutropio
979 922 1060 994 VV.
1078 919 1149 994 CO.
1166 917 1393 996 Consulibus.

909 1081 1081 1168 oxtllfl.

593 1239 643 1290 nx
661 1236 747 1289 libro
766 1237 968 1290 novellarum
986 1237 1156 1290 Iustiniani
1174 1239 1396 1304 Imperatoris

475 1376 671 1471 Imperator
692 1372 916 1448 Iustinianus
941 1377 1143 1468 Augustus.
1163 1372 1314 1448 Iohanni
1335 1373 1542 1450 beatissimo
1566 1400 1611 1449 ac

379 1486 606 1563 sanctissimo
623 1485 896 1584 Archiepiscopo
912 1495 949 1562 et
965 1484 1184 1560 Patriarcbae
1202 1485 1336 1561 veteris
1351 1490 1480 1562 Romae.
1497 1489 1545 1561 Et
1558 1487 1608 1562 le·

380 1625 472 1698 gum
489 1597 665 1696 originem
682 1599 863 1698 antiquior
875 1602 986 1675 Roma
999 1599 1125 1672 sortita
1138 1609 1203 1687 est,
1219 1608 1258 1673 et
1274 1599 1407 1674 summi
1423 1599 1612 1675 Pontifica-

381 1724 441 1790 tus
456 1713 594 1814 apicem
611 1713 706 1812 apud
723 1739 801 1790 eam
818 1735 897 1790 esse
913 1736 1016 1789 nemo
1032 1720 1088 1788 est
1111 1711 1173 1809 qui
1191 1711 1339 1787 dubitet.
1361 1713 1466 1790 Unde
1481 1724 1520 1789 'et
1543 1737 1610 1788 nos

383 1829 626 1905 necessarium
648 1827 817 1902 duximus
837 1828 988 1926 patriam
1010 1825 1146 1923 legum,
1163 1827 1297 1902 fontem
1313 1828 1512 1918 sacerdotii,
1532 1853 1611 1925 spe·

384 1941 467 2018 ciali
485 1941 597 2017 nostri
610 1941 772 2016 numinis
783 1941 866 2038 lege
879 1941 1072 2015 illustrare.
1085 1943 1132 2016 Et
1144 1941 1250 2039 paulo
1262 1951 1350 2038 post.
1362 1941 1517 2017 Centum
1531 1951 1611 2015 tan·

382 2055 564 2132 tummodo
579 2079 755 2130 annorum
768 2055 907 2152 lapsum
922 2052 1152 2151 temporalem
1166 2055 1408 2153 exceptionem
1422 2055 1610 2154 possessio-

384 2169 492 2246 nibus
512 2169 590 2245 eius
605 2167 731 2267 opponi
748 2168 941 2256 sancimus,
963 2178 1005 2242 ut
1029 2179 1199 2244 maneant
1223 2193 1286 2266 per
1309 2179 1423 2244 totum
1448 2170 1610 2268 supradi-

383 2291 483 2362 ctum
507 2289 648 2381 tempus
671 2279 815 2377 integra
831 2280 913 2354 iura
930 2279 1194 2370 ecclesiastica,
1210 2290 1247 2357 et
1264 2305 1335 2356 non
1351 2283 1462 2380 possit
1478 2283 1511 2358 ei
1535 2282 1611 2356 alia

385 2405 514 2498 preter
531 2394 747 2470 Oannorum
765 2393 908 2470 obviare
925 2395 1190 2493 exceptionum
1204 2397 1270 2472 hoo
1287 2406 1430 2494 tempus
1446 2394 1531 2470 vitre
1547 2395 1612 2470 ho·

386 2510 524 2586 minum
543 2507 751 2607 plerumque
769 2508 851 2582 finis
872 2534 948 2586 esse
969 2509 1177 2588 dinoscitur.
1195 2515 1241 2586 Et
1264 2511 1369 2585 iufra.
1395 2510 1609 2585 Huiusmodi

384 2623 480 2721 legis
504 2621 777 2721 prerogativam
803 2621 899 2698 sicut
916 2647 1024 2721 supra
1040 2623 1178 2699 dictum
1192 2633 1256 2714 est,
1269 2647 1339 2698 non
1353 2623 1467 2698 solum
1485 2623 1523 2697 iu
1540 2624 1612 2700 oei-

386 2735 590 2815 dentalibus
598 2734 759 2834 partibus
768 2737 934 2810 Romans
947 2735 1108 2812 ecclesie
1120 2737 1372 2826 condonamus,
1380 2736 1441 2812 sed
1449 2737 1556 2811 etiam
1570 2736 1611 2810 iu

387 2849 631 2939 orientalibus,
648 2848 685 2922 in
703 2847 834 2947 quibus
847 2849 1016 2925 ecclesie
1029 2850 1129 2926 urbis
1143 2855 1271 2941 llomae,
1284 2851 1501 2950 possessione
1513 2861 1610 2941 sunt,

385 2963 445 3040 vel
462 2971 582 3062 postea
599 2961 746 3050 fuerint,
762 2961 902 3038 scilicet
918 2965 1083 3040 omuibus
1100 2965 1280 3041 iudicibus
1297 2965 1358 3064 qui
1372 2965 1560 3042 christiani
1573 2975 1611 3041 ct

386 3074 567 3156 orthodoxi
585 3085 671 3150 sunt
686 3074 781 3149 bono
798 3085 955 3150 nostram
973 3079 1264 3156 constitutionem
1285 3080 1523 3156 servantibus.
1547 3081 1610 3154 Ni-

388 3189 605 3270 chilominus
626 3189 829 3264 huiusmodi
846 3189 940 3286 legis
953 3193 1225 3269 temeratoribus
1238 3201 1315 3291 post
1327 3192 1477 3268 celestes
1489 3217 1610 3292 penas,

388 3304 498 3382 etiam
511 3301 716 3400 legitimum
731 3327 870 3400 semper
883 3303 1046 3400 vigorem
1064 3307 1410 3404 pertimescentibus,
1423 3316 1459 3382 et
1471 3331 1608 3405 paenam

389 3417 599 3496 Llibrarum
612 3415 691 3491 euri
704 3416 987 3494 formidantibus.
996 3419 1178 3496 Sanctitas
1190 3421 1311 3519 itaque
1324 3429 1387 3494 tua
1400 3429 1610 3518 praesentem

390 3541 519 3609 nostre
544 3529 831 3607 mansuetudinis
852 3531 969 3628 legem
987 3533 1169 3632 pissimom
1196 3534 1273 3609 sive
1297 3542 1561 3608 sacrosanctam
1578 3557 1612 3608 o·

390 3645 582 3724 blationem
599 3669 706 3744 quam
721 3645 794 3721 Deo
809 3644 1016 3722 dedicamus
1033 3645 1226 3745 accipiens,
1250 3645 1345 3722 inter
1370 3645 1611 3722 sacratissima

392 3786 479 3836 vasa
496 3768 650 3860 reponat.

394 3939 491 4016 HOO
506 3941 824 4016 PRIVILEGIVM
838 3941 1050 4032 Coucsssvu
1066 3965 1125 4015 ssu
1138 3960 1291 4014 ouurnvs
1305 3941 1519 4014 Occrnnurrs
1532 3944 1614 4014 AEc·

445 4076 575 4152 cussus
592 4055 734 4128 Gsurru
751 4056 915 4129 Rouuun
932 4055 1361 4128 AEccmmmsnnrosrnu
1379 4079 1425 4126 nu
1442 4077 1615 4143 excursu,

443 4191 596 4245 ouuruvs
615 4193 779 4244 snnsrvu
799 4193 860 4242 nsr
885 4192 958 4242 nnc
983 4191 1258 4240 consurvuouu
1284 4191 1437 4238 nrvsnnu
1459 4165 1615 4240 Comere.

490 4333 686 4430 Imperator
708 4331 931 4407 Iustinianus
955 4335 1155 4428 Augustus,
1171 4328 1346 4404 Theodoto
1370 4329 1465 4404 inter
1488 4339 1618 4406 cetera.

399 4445 672 4528 venerabilibus
688 4445 851 4526 ecclesiis
867 4455 903 4524 et
920 4444 1161 4535 monasteriis..
1173 4455 1212 4522 ct
1228 4441 1467 4534 xenodochiis,
1483 4452 1520 4522 et
1534 4441 1618 4520 aliis
