3618 5316
905 396 1102 462 -284-
1174 391 1175 396 ’

396 519 500 594 Hanc
517 540 603 616 ergo
627 516 843 616 scriptorum
867 525 1070 594 nostrorum
1096 515 1394 616 paginam'omni
1423 515 1460 591 in
1490 517 1613 593 futuro

392 640 549 730 tempore
565 631 610 706 ab
627 631 791 706 omnibus
811 630 985 730 episeopis
998 632 1138 706 firmam
1152 629 1346 705 statuimus
1363 628 1611 728 illibatamque

394 742 542 833 servari,
559 752 595 818 et
608 753 649 819 ut
661 769 737 818 suae
753 742 923 820 acclesiae
944 744 1093 820 iuvante
1111 745 1259 818 Domino
1274 743 1521 818 tantummodo
1538 744 1612 819 sint

393 855 470 930 iure
496 856 663 931 contenti.
681 860 728 932 Et
745 858 961 931 monasteria
982 856 1246 933 aecclesiasticis
1263 855 1531 932 condicionibus
1548 881 1613 932 seu

392 970 566 1066 angariis,
574 969 634 1044 vel
642 969 861 1067 quibuslibet
877 970 1056 1070 obsequiis
1069 969 1303 1049 sacularibus
1316 970 1518 1048 nullomodo
1528 972 1611 1048 sub-

394 1083 548 1174 iaceant,
564 1083 676 1158 nullis
698 1083 894 1158 canonibus
908 1083 1048 1161 iuribus
1066 1085 1281 1178 deserviant,
1298 1085 1359 1161 sed
1385 1085 1532 1162 remotis
1556 1110 1617 1162 ve

393 1197 596 1274 xationibus
611 1205 655 1274 ac
671 1197 814 1273 cunctis
830 1199 1116 1293 gravaminibus
1133 1199 1297 1274 divinum
1310 1224 1399 1298 opus
1415 1224 1500 1275 cum
1517 1224 1614 1272 sum·

393 1336 451 1384 ma
464 1311 577 1385 animi
589 1310 774 1386 devotione
786 1311 1161 1408 perficiantUniversi
1178 1311 1332 1411 episcopi
1347 1311 1615 1412 responderunt,

392 1423 551 1498 libertati
570 1423 821 1498 monachorum
846 1423 1058 1520 gaudemus
1076 1434 1113 1500 et
1137 1449 1218 1522 qum
1234 1449 1332 1500 nuno
1349 1423 1392 1499 do
1409 1423 1468 1498 his
1484 1424 1615 1498 statuit

395 1535 573 1612 beatitudo
589 1545 711 1612 vestra
736 1537 933 1611 firmamus.
951 1541 1029 1634 Ego
1046 1538 1246 1634 Gregorius
1271 1537 1457 1636 episcopus
1479 1547 1615 1611 sanotae

393 1647 578 1724 catholicae
603 1658 639 1725 et
658 1649 867 1747 Apostolicae
884 1653 1052 1726 Romanae
1077 1650 1249 1740 ecclesiae,
1273 1649 1360 1724 huic
1381 1648 1574 1724 constituto
1589 1675 1614 1723 a

396 1761 496 1836 nobis
510 1762 736 1861 promulgato
749 1762 955 1860 subscripsi.
966 1763 1141 1840 Similiter
1156 1761 1335 1859 Agnellus
1344 1761 1540 1859 Episcopus
1549 1764 1615 1836 Fe-

392 1875 569 1950 rentinas.
582 1878 630 1950 Et
646 1875 819 1950 lohannes
836 1876 1032 1974 Episcopus
1049 1875 1320 1963 Veliternensis
1338 1884 1374 1951 et
1394 1875 1515 1950 caeteri
1533 1874 1615 1973 Epi-

395 1990 491 2088 scopi
508 2015 606 2064 num.
624 1993 698 2064 XX
713 1999 749 2065 et
774 1991 975 2090 presbytori
993 1994 1029 2065 X
1045 1999 1082 2066 et
1098 1992 1198 2079 VIII,
1215 1998 1251 2064 et
1276 1988 1414 2063 diaconi
1433 1991 1486 2063 III
1502 1986 1616 2062 Nonis

394 2103 530 2202 Aprilis
548 2102 743 2179 indictione
760 2106 804 2177 ΙΙ.
821 2104 920 2178 Idem
938 2102 1139 2178 Mariniano
1165 2101 1328 2199 episcopo
1353 2100 1447 2175 inter
1472 2108 1612 2175 caetera.

394 2219 434 2292 Si
452 2217 571 2292 Abbas
596 2217 704 2292 habet
728 2217 918 2292 monachos
935 2217 1156 2293 sufficienter
1173 2225 1208 2291 et
1225 2216 1308 2291 dare
1325 2215 1482 2291 noluerit
1497 2213 1542 2288 ad
1558 2239 1613 2286 sa-

392 2353 471 2406 cros
499 2329 650 2410 ordines.
667 2329 705 2402 in
731 2330 836 2404 cuius
864 2330 1087 2428 parrochiam
1113 2329 1277 2404 sollerter
1296 2329 1400 2403 tollat
1416 2330 1459 2404 do
1476 2328 1533 2403 his
1549 2327 1612 2426 qui

393 2443 646 2540 superfuerint.
655 2443 826 2541 Quisquis
839 2452 959 2518 autem
977 2469 1022 2519 ex
1039 2441 1252 2517 monasterio
1268 2441 1314 2514 ad
1326 2440 1611 2516 ecclesiasticum

392 2555 551 2630 ordinem
570 2555 784 2654 pervenerit,
808 2555 962 2632 ulterius
984 2555 1060 2632 illic
1077 2553 1260 2631 licentiam
1281 2577 1352 2629 non
1369 2553 1499 2630 habeat
1515 2553 1614 2627 habi-

393 2667 502 2744 tandi.

958 2803 1045 2887 1101.

494 3003 694 3101 Gregorius
719 3002 937 3080 Oostentinae
965 2999 1195 3098 imperatrici.
1212 3003 1312 3076 Inter
1340 3009 1478 3077 catera.
1500 3003 1612 3077 Suda-

392 3118 488 3192 rium
521 3117 617 3191 beati
647 3115 751 3190 Pauli
781 3114 928 3215 apostoli
956 3140 1040 3190 oum
1069 3137 1212 3211 corpore
1238 3114 1317 3188 eius
1341 3123 1404 3188 est.
1433 3115 1540 3206 Quod¹
1559 3115 1611 3189 ita

396 3229 502 3327 tangi
530 3253 599 3304 non
617 3239 742 3327 potest,
763 3230 858 3304 sicut
874 3253 941 3304 nec
962 3229 1006 3302 ad
1023 3253 1151 3326 eorpus
1168 3227 1267 3302 illius
1284 3228 1417 3303 accedi.
1442 3229 1510 3304 Sed
1527 3229 1613 3327 quie

395 3342 621 3419 serenissime
639 3343 870 3417 dominatam
889 3341 1098 3438 religiosum
1118 3342 1334 3418 desiderium
1351 3360 1428 3417 esse
1454 3367 1611 3418 vacuum

398 3479 468 3530 non
488 3455 601 3546 debet,
618 3456 660 3531 de
678 3455 816 3533 catenis
832 3479 921 3553 quas
939 3456 1013 3556 ipse
1038 3464 1184 3532 sanctus
1202 3456 1340 3531 Paulus
1352 3455 1391 3529 in
1416 3456 1505 3532 collo
1521 3466 1558 3532 ot
1574 3458 1613 3531 in

395 3569 564 3644 manibus
591 3569 761 3666 gestavit,
779 3593 822 3643 ex
851 3568 982 3665 quibus
1012 3569 1127 3642 multa
1158 3568 1334 3643 miracula
1358 3568 1397 3640 in
1416 3569 1542 3666 populo
1558 3570 1613 3645 de·

397 3690 654 3770 monstrantur,
672 3691 809 3776 partem
828 3680 929 3755 vobis
945 3679 1105 3778 aliquam
1123 3681 1369 3755 transmittere
1386 3679 1571 3770 festinabo,
1582 3681 1615 3755 si

395 3805 516 3870 tamen
533 3794 628 3870 hanc
644 3794 768 3869 tollere
785 3793 943 3868 limando
964 3795 1121 3883 voluer0,
1137 3793 1222 3890 quia
1247 3793 1332 3867 dum
1350 3791 1614 3891 frequentarer

395 3908 534 3985 catenis
551 3907 708 3984 eiusdem
735 3907 842 3982 multi
864 3907 1017 3983 veniunt
1045 3916 1081 3982 et
1110 3905 1392 3982 benedictionem
1418 3915 1556 4003 petunt,
1571 3916 1614 3981 ut

394 4047 521 4121 parum
539 4021 624 4120 quid
642 4043 686 4098 ex
702 4022 872 4097 limatura
899 4020 1108 4120 percipiant,
1125 4019 1262 4095 assistit
1279 4023 1452 4096 Sacerdos
1469 4046 1552 4096 cum
1568 4019 1610 4094 11-

395 4162 466 4228 ma,
478 4146 515 4212 et
531 4137 710 4235 aliquibus
727 4137 932 4235 petentibus
949 4137 999 4210 ita
1017 4134 1154 4210 concite
1171 4133 1309 4232 aliquid
1325 4134 1367 4208 de
1384 4135 1523 4210 catenis
1535 4135 1611 4210 eius

395 4252 591 4342 excutitur,
608 4260 649 4326 ut
674 4275 771 4327 mora
793 4252 894 4325 nulla
912 4251 969 4326 sit.
987 4248 1205 4337 Quibusdam
1232 4272 1317 4323 vero
1333 4248 1536 4348 petentibus
1552 4248 1613 4322 diu

393 4391 456 4465 per
473 4375 619 4442 catenas
636 4365 731 4463 ipsas
744 4364 831 4438 lima
844 4365 1000 4454 ducitur,
1012 4374 1048 4439 et
1064 4373 1184 4438 tamen
1201 4363 1239 4436 in
1255 4363 1398 4461 aliquod
1414 4363 1497 4438 inde
1513 4371 1613 4438 exeat

395 4503 465 4560 uon
496 4479 686 4559 obtinetur.
704 4479 802 4556 Idem
825 4477 976 4578 Eulogio
992 4478 1153 4579 episcopo
1171 4477 1421 4554 Alexandrino.
1438 4481 1614 4554 Praeterea
