3582 5288
892 387 1066 450 ..92-

369 505 609 604 anathematis
625 505 773 582 vinculo
789 519 826 582 et
851 529 1075 582 successores
1099 531 1221 582 corum
1242 506 1535 583 constrinxerunt
1558 507 1589 582 si

369 648 528 721 unquam
547 620 683 720 aliquid
701 631 826 698 contra
842 645 902 697 eos
919 621 1241 720 presumpsissent.
1259 627 1334 697 Aut
1354 631 1479 697 contra
1500 627 1592 721 Apo

368 735 531 812 stolicam
551 733 610 810 vel
628 734 728 809 illius
744 734 894 810 alterius
911 734 1078 832 Episcopi
1095 734 1226 824 sedem,
1238 736 1431 833 quicquam
1448 735 1590 810 adversi

368 873 437 947 quo
454 849 555 925 modo
572 860 693 952 essent¹
712 848 836 923 moliti.
854 847 990 924 Idcirco
1010 872 1069 924 eos
1085 871 1156 923 non
1181 873 1259 924 esse
1283 874 1428 926 necesse
1452 873 1590 924 excom·

369 963 554 1040 manicare
571 973 635 1038 aut
652 962 966 1052 anathematizare,
984 963 1068 1060 quia
1082 963 1169 1060 ipsis
1186 962 1426 1038 anathematis
1442 963 1589 1039 vinculo

367 1077 518 1175 propriis
536 1076 703 1150 manibus
720 1075 954 1174 professiones
975 1101 1059 1150 suas
1076 1101 1211 1174 suaque
1236 1077 1369 1174 scnpta
1395 1077 1589 1151 roboranda

366 1190 669 1266 constrinxerunt.
680 1190 779 1266 Sciat
791 1201 913 1265 tamen
922 1189 1042 1287 etipse
1051 1188 1306 1263 Iohannesnisi
1316 1212 1472 1263 errorem
1482 1215 1587 1264 suum

365 1303 437 1378 cito
454 1304 658 1392 correxerit,
671 1304 771 1378 ocius
784 1329 822 1379 se
835 1301 1217 1378 excommunicandum
1231 1303 1315 1392 fore,
1327 1313 1364 1378 et
1377 1303 1589 1401 Apostolicee

366 1417 459 1492 sedis
476 1428 583 1515 atque
609 1417 769 1492 omnium
792 1417 1045 1515 Episcoporum
1070 1415 1320 1492 communione
1345 1441 1477 1492 carere.
1503 1417 1590 1492 Uni-

366 1529 518 1604 ve1·salis
534 1553 673 1629 quoque
690 1555 817 1606 nomen
834 1531 927 1630 quod
953 1529 1020 1604 sibi
1043 1529 1170 1604 illicite
1191 1531 1382 1628 usurpavit
1403 1531 1512 1606 nolite
1537 1541 1590 1605 at-

366 1643 520 1719 tendere.
536 1648 613 1721 Nec
630 1646 852 1721 vocationem
870 1645 1010 1721 eiusad
1028 1645 1191 1720 sinodum
1216 1644 1350 1742 absque
1375 1643 1589 1719 anctoritate

366 1757 466 1831 Sedis
484 1757 695 1856 Apostolicae
712 1784 871 1857 unquam
890 1758 1024 1846 venire,
1041 1758 1072 1831 si
1090 1758 1301 1856 Apostolicae
1323 1757 1426 1832 Sedis
1443 1767 1480 1832 et
1496 1766 1589 1832 cete·

366 1892 486 1944 rorum
505 1871 758 1970 Episcoporum
777 1873 1027 1948 communione
1045 1871 1158 1945 vultis
1176 1869 1259 1944 frui.

927 2099 1048 2184 oxvl.

460 2328 658 2423 Gregorius
668 2327 819 2403 Eusebio
832 2325 1028 2415 Thesalico,
1042 2324 1174 2401 Urbico
1187 2324 1424 2424 Dyrrachino,
1434 2323 1587 2399 Andreae

363 2439 620 2540 Nicopolitana
629 2441 778 2517 Iohanni
789 2440 1067 2528 Corinthiorum,
1076 2438 1226 2534 Iohanni
1235 2437 1586 2537 primaelustinianae‚

364 2552 513 2628 Iohanni
527 2555 727 2644 Crethensi‚
740 2555 892 2632 Iohanni
903 2553 1063 2628 Larisseo
1076 2563 1112 2628 et
1125 2553 1363 2629 Excodritano
1379 2552 1475 2626 inter
1487 2563 1588 2627 caete·

364 2691 413 2741 ra.
427 2667 630 2764 Cognoscat
642 2669 851 2745 fraternitas
860 2679 980 2744 vestra
990 2666 1183 2742 Iohannem
1194 2665 1370 2764 quondam
1384 2664 1587 2741 Constanti·

362 2780 573 2878 nopolitanae
583 2781 744 2858 civitatis
759 2782 1106 2857 Antistitemcontra
1116 2785 1231 2855 Deum
1246 2791 1369 2856 contra
1382 2803 1507 2878 pacem
1522 2781 1587 2854 Ec-

362 2894 480 2970 clesiae
498 2896 536 2970 in
553 2897 713 2972 omnium
730 2898 900 2995 despectu
916 2908 952 2972 et
969 2894 1148 2969 iniustitia
1158 2894 1390 2970 sacerdotum
1408 2893 1447 2966 in
1465 2891 1586 2967 sinodo

363 3009 556 3105 superbum
573 3009 820 3086 ichomenicon
838 3012 904 3086 hoc
921 3020 976 3085 est
1002 3009 1209 3085 universale
1235 3009 1303 3083 sibi
1329 3033 1457 3084 nomen
1482 3033 1586 3082 usur·

363 3145 475 3219 passo.
494 3123 593 3209 Quod
612 3123 783 3220 Pelagius
800 3125 962 3200 decessor
979 3133 1099 3198 noster
1115 3147 1327 3220 agnoscens
1351 3120 1472 3197 omnia
1493 3120 1585 3195 eius-

360 3235 441 3309 dem
460 3237 596 3334 Synodi
613 3249 718 3334 gesta
735 3239 903 3314 cassavit.
921 3239 1017 3313 Adeo
1042 3247 1083 3312 ut
1108 3264 1214 3312 suum
1238 3237 1292 3310 illi
1310 3236 1498 3311 diaconum
1513 3233 1583 3308 nisi

360 3359 504 3424 tanturn
535 3352 636 3425 nefas
660 3353 866 3428 emendaret
884 3351 1071 3451 procedere
1090 3351 1301 3449 prohiberet.
1315 3353 1362 3424 Et
1378 3349 1483 3423 infra.
1496 3350 1582 3422 Hor·

360 3473 415 3536 tor
433 3463 553 3562 itaque
570 3475 611 3540 ut
629 3466 753 3542 nullus
775 3478 937 3543 vestrum
963 3467 1030 3542 hoc
1056 3490 1183 3542 nomen
1208 3466 1399 3564 aliquando
1424 3463 1583 3561 recipiat,

360 3576 484 3652 nullus
501 3579 711 3670 consentiat,
728 3580 852 3655 nullus
874 3582 1018 3670 scribat,
1035 3581 1159 3655 nullus
1184 3581 1244 3655 nbi
1271 3579 1382 3655 fuerit
1407 3577 1581 3674 scriptum

359 3689 537 3780 admittat,
555 3691 613 3767 vel
630 3693 929 3791 subscriptionem
947 3721 1049 3770 suam
1066 3695 1222 3772 adiiciat.
1240 3699 1287 3770 Et
1303 3705 1433 3770 cetera.

902 3867 1040 3952 oxvss.

455 4027 619 4103 Presenti
628 4029 768 4104 decreto
781 4030 960 4105 constituo
973 4040 1015 4104 ut
1027 4031 1172 4128 quidam
1187 4058 1232 4108 ex
1243 4033 1385 4110 clericis
1397 4033 1457 4108 vel
1471 4036 1580 4110 etiam

356 4165 401 4214 ex
417 4141 601 4216 monachis
618 4142 742 4217 electis
758 4143 957 4218 ministerio
974 4144 1133 4222 cubiculi
1152 4147 1365 4244 pontificalis
1387 4149 1580 4246 obsequan-

356 4264 428 4342 tur,
447 4265 487 4328 ut
504 4253 535 4328 is
552 4254 614 4353 qui
632 4254 670 4328 in
692 4255 767 4331 loco
792 4267 847 4332 est
872 4257 1063 4354 regiminis
1084 4259 1213 4334 habeat
1233 4269 1343 4335 testes
1361 4261 1422 4359 qui
1444 4262 1524 4336 eius
1541 4262 1579 4336 in

356 4379 493 4444 secreto
510 4369 814 4446 conversationem
833 4371 989 4461 videant,
1006 4372 1067 4470 qui
1085 4397 1129 4449 ex
1156 4373 1291 4448 visione
1312 4375 1446 4464 sedula,
1464 4400 1580 4452 exem·

357 4481 455 4580 plum
475 4482 654 4582 profectus
672 4494 827 4560 sumant.
