3654 5302
749 439 791 456 -
816 405 882 468 eoo
906 433 947 454 -

795 558 887 642 XOI.

702 735 785 788 Item
802 737 835 788 tn
854 733 981 789 eadem.

328 869 507 945 Caeterum
526 879 568 944 ut
592 870 772 947 calamum
789 871 834 946 ad
852 870 1259 970 Constantinopolitanos
1284 875 1455 972 praesules

230 981 435 1079 specialiter
448 983 691 1074 extendamus,
703 993 768 1060 aut
780 1008 966 1082 nunquam
979 987 1132 1076 omnino,
1145 996 1209 1061 aut
1222 996 1318 1062 certe
1331 987 1456 1064 vineo·

230 1120 311 1169 rum
329 1094 461 1194 aliquis
478 1094 556 1170 sine
568 1119 743 1172 consensu
756 1098 905 1172 Romani
920 1085 1103 1174 Pontificis
1117 1098 1293 1198 reperitur
1309 1099 1456 1190 eiectus,

229 1208 292 1306 qui
309 1215 430 1282 tamen
447 1219 598 1284 actenus
614 1209 709 1286 inter
725 1210 898 1309 depositos
916 1223 1185 1299 annumeretur,
1202 1226 1238 1290 et
1250 1236 1321 1288 non
1335 1213 1381 1289 ab
1394 1212 1454 1289 he·

231 1320 355 1396 reticis
372 1321 431 1398 rel
455 1323 624 1422 tyrannis
648 1323 773 1422 pulsus
797 1334 861 1400 aut
884 1325 1122 1425 interemptus
1143 1335 1452 1403 commemoretur.

230 1435 393 1535 Denique
401 1447 443 1511 ut
451 1461 496 1512 ex
508 1436 565 1513 his
577 1461 708 1536 paucos
721 1460 1036 1531 commoneremus,
1049 1440 1354 1516 nonneMaximus
1363 1451 1455 1542 post

229 1575 338 1648 quarn
362 1549 518 1626 multum
535 1576 558 1625 a
574 1553 727 1628 Damaso
744 1556 841 1651 Papa
858 1552 954 1628 sicut
977 1553 1056 1629 aius
1080 1555 1124 1629 ad
1149 1555 1307 1630 diversos
1327 1554 1455 1653 episto·

228 1664 273 1738 la
290 1665 408 1740 missa
424 1664 587 1742 indicant
603 1666 801 1742 laboratum
819 1676 886 1756 est,
904 1667 1208 1766 Constantinopoli
1226 1667 1352 1765 pulsus
1373 1671 1455 1742 est?

228 1801 346 1854 nonne
361 1779 560 1870 Nestorius,
577 1802 693 1856 noune
712 1781 914 1856 Acathius‘?
930 1803 1047 1856 nonne
1066 1779 1268 1871 Athemius,
1293 1781 1455 1878 Sergius,

230 1889 409 1990 Pyrhrns,
425 1891 573 1982 Paulus,
590 1892 687 1967 Petri
705 1893 806 1968 Sedis
829 1893 1040 1991 Apostolicae
1065 1894 1350 1971 discurrentibus
1374 1917 1456 1971 oon·

231 2002 486 2080 saltationibus
503 2031 547 2082 ac
564 2007 716 2082 decretis
734 2005 839 2083 eiecti
856 2013 969 2083 sunt?
986 2009 1079 2084 Cum
1097 2031 1186 2105 ergo
1203 2008 1254 2083 ita
1266 2009 1325 2099 sit,
1338 2033 1404 2086 eur
1415 2009 1455 2083 in

230 2118 303 2193 solo
319 2119 462 2214 Ignatio
478 2119 574 2196 beati
593 2122 689 2197 Patri
707 2121 913 2196 memoriam
931 2121 1112 2218 despicere
1129 2145 1172 2197 ac
1189 2121 1360 2196 oblivioni
1384 2131 1455 2197 tra-

229 2232 311 2309 dere
324 2234 544 2310 studuistis?
557 2236 628 2309 nisi
646 2235 730 2334 quia
748 2259 809 2334 pro
826 2242 907 2310 voto
919 2245 1050 2310 cuneta
1064 2235 1182 2311 facere
1195 2235 1362 2310 voluistis
1375 2259 1456 2312 con·

228 2346 420 2422 stituentes
433 2349 609 2446 synodum
625 2347 811 2449 Ephesinae
824 2348 989 2425 secundae
1001 2348 1206 2424 crudelitati
1219 2349 1452 2425 consimilem.

176 2503 179 2508 ·
229 2463 277 2536 Et
294 2471 512 2561 postpauca.
530 2465 576 2536 Et
591 2462 635 2536 ad
653 2472 776 2538 votum
795 2462 1023 2538 saecolariurn
1050 2473 1092 2536 ut
1116 2487 1199 2537 curn
1222 2487 1309 2561 pace
1333 2476 1455 2538 vestra

228 2575 402 2664 dicamus,
418 2575 461 2651 de
477 2575 563 2651 solio
580 2576 756 2675 imperiali
774 2576 1041 2664 descendentes,
1058 2575 1261 2651 cathedram
1287 2577 1455 2674 praesula-

229 2712 305 2764 rem
322 2698 364 2762 ut
381 2688 432 2762 ita
449 2689 626 2765 fateamur
643 2689 866 2780 ascendistis
882 2699 918 2764 et
935 2713 998 2787 pro
1021 2689 1194 2765 desiderio
1218 2691 1350 2766 ostium
1375 2691 1455 2766 eius

230 2801 491 2898 Augustalium
508 2803 608 2878 obliti
634 2814 855 2903 sceptrorum
880 2803 1068 2901 quemdam
1095 2827 1217 2899 regem
1243 2804 1355 2879 Israel
1375 2804 1455 2878 irni-

232 2924 350 2991 tantes
369 2917 543 2992 adversus
564 2917 668 2991 illum
689 2915 918 2994 sacerdotalis
939 2916 1131 2992 ministerii
1152 2917 1356 3018 arripuistis
1381 2919 1454 2992 offi-

231 3028 339 3103 cium.
357 3030 557 3106 Praesertim
576 3055 660 3107 cum
677 3030 868 3130 imperium
887 3043 1046 3108 vestrum
1065 3031 1141 3106 suis
1159 3031 1311 3132 publicae
1329 3033 1380 3109 rei
1397 3057 1453 3108 oo-

227 3143 374 3220 tidiauis
390 3145 759 3222 administrationibus
775 3133 900 3222 debeat
912 3171 989 3222 esse
1002 3155 1210 3223 contentum
1224 3169 1291 3222 nec
1304 3169 1453 3244 usurpa·

229 3281 268 3332 ro
285 3281 353 3356 que
371 3257 485 3333 solum
503 3259 744 3335 sacerdotibus
768 3260 910 3336 Domini
935 3259 1164 3335 conveniunt.
1190 3259 1307 3336 Dicite
1332 3283 1452 3358 quaeso

230 3371 376 3447 ubinam
394 3371 534 3469 legistis
551 3373 781 3472 imperatores
801 3383 1042 3450 antecessores
1063 3373 1256 3449 vestraein
1275 3373 1454 3472 synodali-

229 3485 296 3560 bus
313 3486 548 3562 conventibus
565 3487 771 3564 interfuisse
787 3487 859 3562 nisi
875 3485 1025 3562 forsitan
1043 3485 1081 3562 in
1100 3487 1231 3585 quibus
1247 3487 1290 3562 de
1304 3487 1370 3564 fide
1382 3497 1453 3563 tra·

229 3609 368 3676 etatum
386 3610 451 3690 est,
468 3625 548 3700 quaa
564 3601 782 3678 universalis
798 3611 863 3691 est,
879 3625 958 3700 quar
982 3601 1142 3676 omnium
1160 3604 1361 3678 communis
1386 3613 1452 3692 est,

229 3739 309 3813 quae
325 3740 396 3790 non
412 3717 527 3792 solum
540 3717 585 3793 ad
597 3717 758 3809 clericos,
770 3741 898 3794 verum
911 3716 1018 3793 etiam
1032 3717 1076 3792 ad
1090 3717 1211 3808 laicos,
1223 3726 1260 3793 et
1273 3717 1319 3792 ad
1331 3741 1453 3793 omnes

228 3823 372 3906 omnino
387 3831 543 3930 pertinet
563 3831 785 3908 christianos.
801 3835 875 3906 Vos
891 3840 1012 3907 autem
1029 3853 1100 3906 non
1118 3830 1233 3906 solum
1258 3831 1297 3906 in
1317 3831 1453 3930 syuodo

229 3943 386 4020 incausa
395 3944 588 4022 sacerdotis
601 3943 750 4022 collecta
762 3944 990 4038 interfuistis,
1002 3966 1129 4021 verum
1142 3944 1251 4021 etiam
1264 3967 1453 4020 numerosa

228 4057 465 4132 saecularium
480 4055 579 4132 milia
599 4057 743 4135 videndi
765 4060 844 4136 eius
864 4058 1089 4158 opprobrium
1103 4057 1347 4157 aggregastis,
1368 4081 1452 4133 curn

227 4171 346 4266 magis
370 4171 573 4248 debueratis
598 4173 636 4246 in
658 4173 725 4249 hoc
750 4172 886 4248 imitari
914 4173 1190 4248 Constantinum
1208 4172 1308 4271 pium
1326 4176 1453 4267 Augu·

228 4284 388 4374 stum,de
402 4308 471 4383 quo
483 4286 657 4384 scripturn
672 4297 727 4362 est
738 4287 831 4386 quod
840 4285 970 4362 dixerit
983 4287 1067 4385 quia
1076 4287 1107 4360 si
1116 4286 1286 4362 vidissem
1296 4285 1451 4383 aliquem

226 4419 348 4472 eorum
362 4397 424 4496 qui
442 4398 609 4496 religioso
625 4399 887 4476 circumamicti
901 4411 987 4476 sunt
999 4401 1100 4476 abitu
1113 4399 1377 4500 turpitudinem
1390 4398 1453 4474 ali-

227 4529 333 4610 quam
344 4511 769 4616 operantom,clanrpdem
779 4537 894 4590 meam
904 4513 1136 4618 explicassem
1145 4523 1183 4591 ot
1190 4513 1449 4620 cooperuissent
