<?xml version="1.0" encoding="UTF-8"?>
<!DOCTYPE html PUBLIC "-//W3C//DTD XHTML 1.0 Transitional//EN"
    "http://www.w3.org/TR/xhtml1/DTD/xhtml1-transitional.dtd">
<html xmlns="http://www.w3.org/1999/xhtml" xml:lang="en" lang="en">
 <head>
  <title>
</title>
<meta http-equiv="Content-Type" content="text/html;charset=utf-8" />
  <meta name='ocr-system' content='tesseract 3.04.00' />
  <meta name='ocr-capabilities' content='ocr_page ocr_carea ocr_par ocr_line ocrx_word'/>
</head>
<body>
  <div class='ocr_page' id='page_1' title='image "./deusdeditpresby00martgoog_0437.png"; bbox 0 0 3654 5302; ppageno 0'>
   <div class='ocr_carea' id='block_1_1' title="bbox 912 385 1112 450">
    <p class='ocr_par' dir='ltr' id='par_1_1' title="bbox 912 385 1112 450">
     <span class='ocr_line' id='line_1_1' title="bbox 912 385 1112 450; baseline 0.005 -2"><span class='ocrx_word' id='word_1_1' title='bbox 912 385 1112 450; x_wconf 75' lang='lat'>-412—</span> 
     </span>
    </p>
   </div>
   <div class='ocr_carea' id='block_1_2' title="bbox 396 501 1623 1061">
    <p class='ocr_par' dir='ltr' id='par_1_2' title="bbox 396 501 1623 1061">
     <span class='ocr_line' id='line_1_2' title="bbox 398 501 1623 608; baseline -0.005 -24"><span class='ocrx_word' id='word_1_2' title='bbox 398 507 566 608; x_wconf 91' lang='lat' dir='ltr'>deposcit,</span> <span class='ocrx_word' id='word_1_3' title='bbox 574 505 734 582; x_wconf 85' lang='lat' dir='ltr'>adhibita</span> <span class='ocrx_word' id='word_1_4' title='bbox 746 501 1026 582; x_wconf 80' lang='lat' dir='ltr'>consideratione</span> <span class='ocrx_word' id='word_1_5' title='bbox 1038 503 1218 601; x_wconf 84' lang='lat' dir='ltr'>diligenti,</span> <span class='ocrx_word' id='word_1_6' title='bbox 1226 513 1402 601; x_wconf 91' lang='lat' dir='ltr'>quantum</span> <span class='ocrx_word' id='word_1_7' title='bbox 1415 512 1530 600; x_wconf 88' lang='lat' dir='ltr'>potest</span> <span class='ocrx_word' id='word_1_8' title='bbox 1541 504 1623 578; x_wconf 87' lang='lat' dir='ltr'>ficri</span> 
     </span>
     <span class='ocr_line' id='line_1_3' title="bbox 396 616 1622 720; baseline -0.007 -21"><span class='ocrx_word' id='word_1_9' title='bbox 396 631 645 720; x_wconf 78' lang='lat' dir='ltr'>temperemus,</span> <span class='ocrx_word' id='word_1_10' title='bbox 663 626 710 696; x_wconf 86' lang='lat' dir='ltr'>Et</span> <span class='ocrx_word' id='word_1_11' title='bbox 726 621 893 720; x_wconf 88' lang='lat' dir='ltr'>quoniam</span> <span class='ocrx_word' id='word_1_12' title='bbox 911 620 954 694; x_wconf 92' lang='lat' dir='ltr'>de</span> <span class='ocrx_word' id='word_1_13' title='bbox 971 640 1119 717; x_wconf 87' lang='lat' dir='ltr'>persona</span> <span class='ocrx_word' id='word_1_14' title='bbox 1137 616 1274 713; x_wconf 88' lang='lat' dir='ltr'>Ignatii</span> <span class='ocrx_word' id='word_1_15' title='bbox 1299 626 1406 715; x_wconf 75' lang='lat' dir='ltr'>utque</span> <span class='ocrx_word' id='word_1_16' title='bbox 1424 616 1541 692; x_wconf 91' lang='lat' dir='ltr'>Photii</span> <span class='ocrx_word' id='word_1_17' title='bbox 1566 617 1622 690; x_wconf 91' lang='lat' dir='ltr'>ni·</span> 
     </span>
     <span class='ocr_line' id='line_1_4' title="bbox 396 731 1621 833; baseline -0.007 -21"><span class='ocrx_word' id='word_1_18' title='bbox 396 735 470 812; x_wconf 91' lang='lat' dir='ltr'>chil</span> <span class='ocrx_word' id='word_1_19' title='bbox 487 736 678 812; x_wconf 89' lang='lat' dir='ltr'>discretius</span> <span class='ocrx_word' id='word_1_20' title='bbox 694 745 803 833; x_wconf 90' lang='lat' dir='ltr'>atque</span> <span class='ocrx_word' id='word_1_21' title='bbox 820 733 957 821; x_wconf 90' lang='lat' dir='ltr'>mitius,</span> <span class='ocrx_word' id='word_1_22' title='bbox 969 755 1107 808; x_wconf 82' lang='lat' dir='ltr'>necnon</span> <span class='ocrx_word' id='word_1_23' title='bbox 1126 743 1162 808; x_wconf 92' lang='lat' dir='ltr'>et</span> <span class='ocrx_word' id='word_1_24' title='bbox 1178 731 1373 807; x_wconf 89' lang='lat' dir='ltr'>salutarius</span> <span class='ocrx_word' id='word_1_25' title='bbox 1390 731 1621 822; x_wconf 85' lang='lat' dir='ltr'>arbitramur,</span> 
     </span>
     <span class='ocr_line' id='line_1_5' title="bbox 396 844 1621 948; baseline -0.003 -24"><span class='ocrx_word' id='word_1_26' title='bbox 396 873 504 948; x_wconf 93' lang='lat' dir='ltr'>quam</span> <span class='ocrx_word' id='word_1_27' title='bbox 530 857 680 947; x_wconf 91' lang='lat' dir='ltr'>uterque</span> <span class='ocrx_word' id='word_1_28' title='bbox 698 851 846 923; x_wconf 84' lang='lat' dir='ltr'>Romam</span> <span class='ocrx_word' id='word_1_29' title='bbox 875 847 921 922; x_wconf 90' lang='lat' dir='ltr'>ad</span> <span class='ocrx_word' id='word_1_30' title='bbox 950 845 1195 922; x_wconf 88' lang='lat' dir='ltr'>renovandum</span> <span class='ocrx_word' id='word_1_31' title='bbox 1224 870 1375 920; x_wconf 83' lang='lat' dir='ltr'>examen</span> <span class='ocrx_word' id='word_1_32' title='bbox 1404 844 1621 934; x_wconf 75' lang='lat' dir='ltr'>veniathoc</span> 
     </span>
     <span class='ocr_line' id='line_1_6' title="bbox 396 959 1621 1061; baseline -0.002 -25"><span class='ocrx_word' id='word_1_33' title='bbox 396 986 612 1061; x_wconf 85' lang='lat' dir='ltr'>magnopere</span> <span class='ocrx_word' id='word_1_34' title='bbox 630 962 795 1037; x_wconf 91' lang='lat' dir='ltr'>volumus</span> <span class='ocrx_word' id='word_1_35' title='bbox 812 969 848 1037; x_wconf 92' lang='lat' dir='ltr'>et</span> <span class='ocrx_word' id='word_1_36' title='bbox 864 970 906 1036; x_wconf 91' lang='lat' dir='ltr'>ut</span> <span class='ocrx_word' id='word_1_37' title='bbox 918 983 981 1035; x_wconf 88' lang='lat' dir='ltr'>vos</span> <span class='ocrx_word' id='word_1_38' title='bbox 993 960 1164 1035; x_wconf 89' lang='lat' dir='ltr'>annuatis</span> <span class='ocrx_word' id='word_1_39' title='bbox 1175 959 1367 1036; x_wconf 78' lang='lat' dir='ltr'>salubriter</span> <span class='ocrx_word' id='word_1_40' title='bbox 1379 960 1621 1035; x_wconf 78' lang='lat' dir='ltr'>admonemus</span> 
     </span>
    </p>
   </div>
   <div class='ocr_carea' id='block_1_3' title="bbox 962 1162 1065 1246">
    <p class='ocr_par' dir='ltr' id='par_1_3' title="bbox 962 1162 1065 1246">
     <span class='ocr_line' id='line_1_7' title="bbox 962 1162 1065 1246; baseline -0.019 0"><span class='ocrx_word' id='word_1_41' title='bbox 962 1162 1065 1246; x_wconf 82' lang='lat' dir='ltr'>XOV.</span> 
     </span>
    </p>
   </div>
   <div class='ocr_carea' id='block_1_4' title="bbox 915 1363 1097 1418">
    <p class='ocr_par' dir='ltr' id='par_1_4' title="bbox 915 1363 1097 1418">
     <span class='ocr_line' id='line_1_8' title="bbox 915 1363 1097 1418; baseline -0.005 -3"><span class='ocrx_word' id='word_1_42' title='bbox 915 1367 952 1416; x_wconf 86' lang='lat' dir='ltr'>In</span> <span class='ocrx_word' id='word_1_43' title='bbox 970 1363 1097 1418; x_wconf 85' lang='lat' dir='ltr'>eedem.</span> 
     </span>
    </p>
   </div>
   <div class='ocr_carea' id='block_1_5' title="bbox 393 1525 1621 3792">
    <p class='ocr_par' dir='ltr' id='par_1_5' title="bbox 393 1525 1621 3792">
     <span class='ocr_line' id='line_1_9' title="bbox 490 1525 1619 1628; baseline -0.005 -24"><span class='ocrx_word' id='word_1_44' title='bbox 490 1529 595 1604; x_wconf 88' lang='lat' dir='ltr'>Patet</span> <span class='ocrx_word' id='word_1_45' title='bbox 611 1526 767 1628; x_wconf 89' lang='lat' dir='ltr'>profecto</span> <span class='ocrx_word' id='word_1_46' title='bbox 792 1527 893 1603; x_wconf 89' lang='lat' dir='ltr'>Sedis</span> <span class='ocrx_word' id='word_1_47' title='bbox 911 1525 1111 1628; x_wconf 89' lang='lat' dir='ltr'>Apostolioc</span> <span class='ocrx_word' id='word_1_48' title='bbox 1136 1525 1242 1602; x_wconf 91' lang='lat' dir='ltr'>ouius</span> <span class='ocrx_word' id='word_1_49' title='bbox 1266 1525 1480 1601; x_wconf 87' lang='lat' dir='ltr'>auctoritate</span> <span class='ocrx_word' id='word_1_50' title='bbox 1507 1525 1619 1599; x_wconf 86' lang='lat' dir='ltr'>maior</span> 
     </span>
     <span class='ocr_line' id='line_1_10' title="bbox 395 1639 1621 1739; baseline -0.004 -21"><span class='ocrx_word' id='word_1_51' title='bbox 395 1667 465 1718; x_wconf 86' lang='lat' dir='ltr'>non</span> <span class='ocrx_word' id='word_1_52' title='bbox 492 1653 557 1732; x_wconf 91' lang='lat' dir='ltr'>est,</span> <span class='ocrx_word' id='word_1_53' title='bbox 577 1641 792 1718; x_wconf 91' lang='lat' dir='ltr'>iudiciuma</span> <span class='ocrx_word' id='word_1_54' title='bbox 817 1641 961 1716; x_wconf 91' lang='lat' dir='ltr'>nemine</span> <span class='ocrx_word' id='word_1_55' title='bbox 985 1641 1075 1716; x_wconf 85' lang='lat' dir='ltr'>forte</span> <span class='ocrx_word' id='word_1_56' title='bbox 1100 1640 1379 1727; x_wconf 87' lang='lat' dir='ltr'>retractandum,</span> <span class='ocrx_word' id='word_1_57' title='bbox 1403 1663 1519 1739; x_wconf 90' lang='lat' dir='ltr'>neque</span> <span class='ocrx_word' id='word_1_58' title='bbox 1544 1639 1621 1714; x_wconf 92' lang='lat' dir='ltr'>cui·</span> 
     </span>
     <span class='ocr_line' id='line_1_11' title="bbox 394 1753 1619 1855; baseline -0.004 -24"><span class='ocrx_word' id='word_1_59' title='bbox 394 1782 503 1855; x_wconf 90' lang='lat' dir='ltr'>quam</span> <span class='ocrx_word' id='word_1_60' title='bbox 521 1755 660 1832; x_wconf 89' lang='lat' dir='ltr'>deeius</span> <span class='ocrx_word' id='word_1_61' title='bbox 685 1755 794 1831; x_wconf 88' lang='lat' dir='ltr'>liceat</span> <span class='ocrx_word' id='word_1_62' title='bbox 818 1755 978 1831; x_wconf 91' lang='lat' dir='ltr'>iudicare</span> <span class='ocrx_word' id='word_1_63' title='bbox 1003 1753 1144 1829; x_wconf 89' lang='lat' dir='ltr'>iudicio.</span> <span class='ocrx_word' id='word_1_64' title='bbox 1168 1757 1273 1828; x_wconf 84' lang='lat' dir='ltr'>quta</span> <span class='ocrx_word' id='word_1_65' title='bbox 1299 1753 1392 1850; x_wconf 91' lang='lat' dir='ltr'>quod</span> <span class='ocrx_word' id='word_1_66' title='bbox 1415 1753 1619 1829; x_wconf 85' lang='lat' dir='ltr'>Bonifatius</span> 
     </span>
     <span class='ocr_line' id='line_1_12' title="bbox 395 1865 1618 1969; baseline -0.006 -24"><span class='ocrx_word' id='word_1_67' title='bbox 395 1874 491 1969; x_wconf 87' lang='lat' dir='ltr'>Papa</span> <span class='ocrx_word' id='word_1_68' title='bbox 510 1869 602 1944; x_wconf 88' lang='lat' dir='ltr'>Rufo</span> <span class='ocrx_word' id='word_1_69' title='bbox 614 1879 650 1944; x_wconf 90' lang='lat' dir='ltr'>et</span> <span class='ocrx_word' id='word_1_70' title='bbox 663 1868 792 1944; x_wconf 89' lang='lat' dir='ltr'>ceteris</span> <span class='ocrx_word' id='word_1_71' title='bbox 806 1867 988 1967; x_wconf 82' lang='lat' dir='ltr'>Episcopis</span> <span class='ocrx_word' id='word_1_72' title='bbox 1003 1892 1065 1965; x_wconf 88' lang='lat' dir='ltr'>per</span> <span class='ocrx_word' id='word_1_73' title='bbox 1078 1866 1300 1941; x_wconf 86' lang='lat' dir='ltr'>Thessaliam</span> <span class='ocrx_word' id='word_1_74' title='bbox 1314 1865 1519 1941; x_wconf 88' lang='lat' dir='ltr'>constitutis</span> <span class='ocrx_word' id='word_1_75' title='bbox 1531 1865 1618 1940; x_wconf 87' lang='lat' dir='ltr'>scri·</span> 
     </span>
     <span class='ocr_line' id='line_1_13' title="bbox 394 1978 1619 2080; baseline -0.005 -20"><span class='ocrx_word' id='word_1_76' title='bbox 394 1983 491 2060; x_wconf 91' lang='lat' dir='ltr'>bens.</span> <span class='ocrx_word' id='word_1_77' title='bbox 508 1987 621 2059; x_wconf 88' lang='lat' dir='ltr'>Nemo</span> <span class='ocrx_word' id='word_1_78' title='bbox 639 1982 690 2056; x_wconf 93' lang='lat' dir='ltr'>ait</span> <span class='ocrx_word' id='word_1_79' title='bbox 707 2007 866 2080; x_wconf 87' lang='lat' dir='ltr'>unquam</span> <span class='ocrx_word' id='word_1_80' title='bbox 886 1981 1087 2080; x_wconf 87' lang='lat' dir='ltr'>Apostolico</span> <span class='ocrx_word' id='word_1_81' title='bbox 1112 1979 1263 2055; x_wconf 82' lang='lat' dir='ltr'>culmini</span> <span class='ocrx_word' id='word_1_82' title='bbox 1288 1979 1331 2054; x_wconf 88' lang='lat' dir='ltr'>de</span> <span class='ocrx_word' id='word_1_83' title='bbox 1356 1979 1462 2054; x_wconf 90' lang='lat' dir='ltr'>cuins</span> <span class='ocrx_word' id='word_1_84' title='bbox 1486 1978 1619 2054; x_wconf 87' lang='lat' dir='ltr'>iudicio</span> 
     </span>
     <span class='ocr_line' id='line_1_14' title="bbox 394 2091 1617 2182; baseline -0.007 -10"><span class='ocrx_word' id='word_1_85' title='bbox 394 2122 464 2173; x_wconf 92' lang='lat' dir='ltr'>non</span> <span class='ocrx_word' id='word_1_86' title='bbox 482 2097 567 2172; x_wconf 91' lang='lat' dir='ltr'>licet</span> <span class='ocrx_word' id='word_1_87' title='bbox 585 2097 784 2182; x_wconf 86' lang='lat' dir='ltr'>retractari,</span> <span class='ocrx_word' id='word_1_88' title='bbox 802 2122 932 2170; x_wconf 86' lang='lat' dir='ltr'>manus</span> <span class='ocrx_word' id='word_1_89' title='bbox 953 2094 1075 2170; x_wconf 89' lang='lat' dir='ltr'>obvias</span> <span class='ocrx_word' id='word_1_90' title='bbox 1100 2093 1271 2168; x_wconf 88' lang='lat' dir='ltr'>audacter</span> <span class='ocrx_word' id='word_1_91' title='bbox 1296 2091 1432 2180; x_wconf 91' lang='lat' dir='ltr'>intulit,</span> <span class='ocrx_word' id='word_1_92' title='bbox 1449 2114 1552 2166; x_wconf 92' lang='lat' dir='ltr'>nemo</span> <span class='ocrx_word' id='word_1_93' title='bbox 1577 2091 1617 2164; x_wconf 94' lang='lat' dir='ltr'>in</span> 
     </span>
     <span class='ocr_line' id='line_1_15' title="bbox 394 2205 1619 2307; baseline -0.005 -22"><span class='ocrx_word' id='word_1_94' title='bbox 394 2211 461 2286; x_wconf 89' lang='lat' dir='ltr'>hoo</span> <span class='ocrx_word' id='word_1_95' title='bbox 479 2209 621 2284; x_wconf 88' lang='lat' dir='ltr'>rebellis</span> <span class='ocrx_word' id='word_1_96' title='bbox 638 2209 767 2297; x_wconf 83' lang='lat' dir='ltr'>extitit,</span> <span class='ocrx_word' id='word_1_97' title='bbox 784 2209 853 2284; x_wconf 89' lang='lat' dir='ltr'>nisi</span> <span class='ocrx_word' id='word_1_98' title='bbox 870 2209 932 2307; x_wconf 94' lang='lat' dir='ltr'>qui</span> <span class='ocrx_word' id='word_1_99' title='bbox 945 2209 988 2284; x_wconf 92' lang='lat' dir='ltr'>de</span> <span class='ocrx_word' id='word_1_100' title='bbox 1001 2235 1038 2284; x_wconf 93' lang='lat' dir='ltr'>se</span> <span class='ocrx_word' id='word_1_101' title='bbox 1051 2207 1167 2282; x_wconf 85' lang='lat' dir='ltr'>voluit</span> <span class='ocrx_word' id='word_1_102' title='bbox 1180 2206 1342 2282; x_wconf 88' lang='lat' dir='ltr'>iudicari.</span> <span class='ocrx_word' id='word_1_103' title='bbox 1356 2209 1403 2280; x_wconf 85' lang='lat' dir='ltr'>Et</span> <span class='ocrx_word' id='word_1_104' title='bbox 1414 2205 1539 2282; x_wconf 88' lang='lat' dir='ltr'>beatus</span> <span class='ocrx_word' id='word_1_105' title='bbox 1553 2209 1619 2279; x_wconf 92' lang='lat' dir='ltr'>Pa-</span> 
     </span>
     <span class='ocr_line' id='line_1_16' title="bbox 394 2319 1618 2419; baseline -0.006 -22"><span class='ocrx_word' id='word_1_106' title='bbox 394 2349 439 2419; x_wconf 87' lang='lat' dir='ltr'>pa</span> <span class='ocrx_word' id='word_1_107' title='bbox 456 2323 632 2400; x_wconf 87' lang='lat' dir='ltr'>Gelasius.</span> <span class='ocrx_word' id='word_1_108' title='bbox 649 2327 725 2398; x_wconf 90' lang='lat' dir='ltr'>Nec</span> <span class='ocrx_word' id='word_1_109' title='bbox 742 2323 785 2397; x_wconf 93' lang='lat' dir='ltr'>de</span> <span class='ocrx_word' id='word_1_110' title='bbox 802 2324 881 2397; x_wconf 91' lang='lat' dir='ltr'>eius</span> <span class='ocrx_word' id='word_1_111' title='bbox 905 2323 972 2399; x_wconf 88' lang='lat' dir='ltr'>hoc</span> <span class='ocrx_word' id='word_1_112' title='bbox 996 2331 1051 2396; x_wconf 91' lang='lat' dir='ltr'>est</span> <span class='ocrx_word' id='word_1_113' title='bbox 1076 2325 1242 2396; x_wconf 72' lang='lat' dir='ltr'>Romana</span> <span class='ocrx_word' id='word_1_114' title='bbox 1267 2319 1439 2394; x_wconf 84' lang='lat' dir='ltr'>Ecclesiae</span> <span class='ocrx_word' id='word_1_115' title='bbox 1463 2342 1618 2394; x_wconf 87' lang='lat' dir='ltr'>canones</span> 
     </span>
     <span class='ocr_line' id='line_1_17' title="bbox 393 2431 1618 2536; baseline -0.004 -26"><span class='ocrx_word' id='word_1_116' title='bbox 393 2461 554 2536; x_wconf 89' lang='lat' dir='ltr'>unquam</span> <span class='ocrx_word' id='word_1_117' title='bbox 584 2446 830 2534; x_wconf 82' lang='lat' dir='ltr'>praeoeperunt</span> <span class='ocrx_word' id='word_1_118' title='bbox 855 2436 1007 2512; x_wconf 87' lang='lat' dir='ltr'>indicari</span> <span class='ocrx_word' id='word_1_119' title='bbox 1030 2434 1173 2524; x_wconf 88' lang='lat' dir='ltr'>iudicio,</span> <span class='ocrx_word' id='word_1_120' title='bbox 1202 2433 1489 2530; x_wconf 85' lang='lat' dir='ltr'>sententiamque</span> <span class='ocrx_word' id='word_1_121' title='bbox 1516 2431 1618 2506; x_wconf 91' lang='lat' dir='ltr'>illius</span> 
     </span>
     <span class='ocr_line' id='line_1_18' title="bbox 393 2546 1620 2648; baseline -0.005 -22"><span class='ocrx_word' id='word_1_122' title='bbox 393 2550 659 2626; x_wconf 90' lang='lat' dir='ltr'>constituerunt</span> <span class='ocrx_word' id='word_1_123' title='bbox 674 2573 745 2624; x_wconf 91' lang='lat' dir='ltr'>non</span> <span class='ocrx_word' id='word_1_124' title='bbox 763 2561 921 2648; x_wconf 86' lang='lat' dir='ltr'>oportere</span> <span class='ocrx_word' id='word_1_125' title='bbox 938 2550 1076 2639; x_wconf 88' lang='lat' dir='ltr'>disolvi,</span> <span class='ocrx_word' id='word_1_126' title='bbox 1094 2549 1200 2624; x_wconf 88' lang='lat' dir='ltr'>euius</span> <span class='ocrx_word' id='word_1_127' title='bbox 1217 2547 1334 2645; x_wconf 89' lang='lat' dir='ltr'>potius</span> <span class='ocrx_word' id='word_1_128' title='bbox 1357 2547 1535 2644; x_wconf 89' lang='lat' dir='ltr'>sequenda</span> <span class='ocrx_word' id='word_1_129' title='bbox 1560 2546 1620 2620; x_wconf 91' lang='lat' dir='ltr'>de·</span> 
     </span>
     <span class='ocr_line' id='line_1_19' title="bbox 394 2661 1616 2759; baseline -0.007 -19"><span class='ocrx_word' id='word_1_130' title='bbox 394 2673 492 2740; x_wconf 83' lang='lat' dir='ltr'>creta</span> <span class='ocrx_word' id='word_1_131' title='bbox 510 2663 736 2737; x_wconf 88' lang='lat' dir='ltr'>mandarunt.</span> <span class='ocrx_word' id='word_1_132' title='bbox 754 2666 850 2759; x_wconf 83' lang='lat' dir='ltr'>Ergo</span> <span class='ocrx_word' id='word_1_133' title='bbox 867 2664 910 2738; x_wconf 89' lang='lat' dir='ltr'>de</span> <span class='ocrx_word' id='word_1_134' title='bbox 926 2663 1059 2740; x_wconf 90' lang='lat' dir='ltr'>iudicio</span> <span class='ocrx_word' id='word_1_135' title='bbox 1076 2662 1225 2737; x_wconf 88' lang='lat' dir='ltr'>Romani</span> <span class='ocrx_word' id='word_1_136' title='bbox 1244 2661 1406 2759; x_wconf 82' lang='lat' dir='ltr'>praesulis</span> <span class='ocrx_word' id='word_1_137' title='bbox 1419 2684 1490 2734; x_wconf 90' lang='lat' dir='ltr'>non</span> <span class='ocrx_word' id='word_1_138' title='bbox 1504 2667 1616 2734; x_wconf 88' lang='lat' dir='ltr'>retra·</span> 
     </span>
     <span class='ocr_line' id='line_1_20' title="bbox 394 2775 1618 2874; baseline -0.005 -22"><span class='ocrx_word' id='word_1_139' title='bbox 394 2776 532 2866; x_wconf 89' lang='lat' dir='ltr'>ctandu,</span> <span class='ocrx_word' id='word_1_140' title='bbox 549 2776 634 2874; x_wconf 88' lang='lat' dir='ltr'>quia</span> <span class='ocrx_word' id='word_1_141' title='bbox 650 2801 717 2852; x_wconf 87' lang='lat' dir='ltr'>neo</span> <span class='ocrx_word' id='word_1_142' title='bbox 740 2799 827 2865; x_wconf 88' lang='lat' dir='ltr'>mos,</span> <span class='ocrx_word' id='word_1_143' title='bbox 852 2776 968 2872; x_wconf 82' lang='lat' dir='ltr'>exigit</span> <span class='ocrx_word' id='word_1_144' title='bbox 988 2777 1080 2874; x_wconf 89' lang='lat' dir='ltr'>quod</span> <span class='ocrx_word' id='word_1_145' title='bbox 1106 2776 1262 2850; x_wconf 85' lang='lat' dir='ltr'>diximus</span> <span class='ocrx_word' id='word_1_146' title='bbox 1287 2775 1521 2872; x_wconf 79' lang='lat' dir='ltr'>comprobato,</span> <span class='ocrx_word' id='word_1_147' title='bbox 1545 2797 1618 2848; x_wconf 90' lang='lat' dir='ltr'>non</span> 
     </span>
     <span class='ocr_line' id='line_1_21' title="bbox 394 2888 1618 2990; baseline -0.005 -23"><span class='ocrx_word' id='word_1_148' title='bbox 394 2915 573 2989; x_wconf 87' lang='lat' dir='ltr'>negamus</span> <span class='ocrx_word' id='word_1_149' title='bbox 589 2891 746 2968; x_wconf 89' lang='lat' dir='ltr'>eiusdem</span> <span class='ocrx_word' id='word_1_150' title='bbox 762 2890 856 2966; x_wconf 89' lang='lat' dir='ltr'>sedis</span> <span class='ocrx_word' id='word_1_151' title='bbox 870 2892 1084 2966; x_wconf 85' lang='lat' dir='ltr'>sententiam</span> <span class='ocrx_word' id='word_1_152' title='bbox 1098 2890 1248 2990; x_wconf 90' lang='lat' dir='ltr'>possein</span> <span class='ocrx_word' id='word_1_153' title='bbox 1263 2889 1390 2964; x_wconf 89' lang='lat' dir='ltr'>melius</span> <span class='ocrx_word' id='word_1_154' title='bbox 1403 2888 1618 2964; x_wconf 89' lang='lat' dir='ltr'>commutari</span> 
     </span>
     <span class='ocr_line' id='line_1_22' title="bbox 394 3001 1620 3104; baseline -0.003 -23"><span class='ocrx_word' id='word_1_155' title='bbox 394 3032 478 3082; x_wconf 90' lang='lat' dir='ltr'>oum</span> <span class='ocrx_word' id='word_1_156' title='bbox 495 3014 559 3078; x_wconf 91' lang='lat' dir='ltr'>aut</span> <span class='ocrx_word' id='word_1_157' title='bbox 575 3005 643 3078; x_wconf 90' lang='lat' dir='ltr'>sibi</span> <span class='ocrx_word' id='word_1_158' title='bbox 666 3014 873 3104; x_wconf 86' lang='lat' dir='ltr'>surreptum</span> <span class='ocrx_word' id='word_1_159' title='bbox 890 3003 1026 3101; x_wconf 89' lang='lat' dir='ltr'>aliquid</span> <span class='ocrx_word' id='word_1_160' title='bbox 1039 3005 1161 3094; x_wconf 86' lang='lat' dir='ltr'>fuerit,</span> <span class='ocrx_word' id='word_1_161' title='bbox 1173 3013 1236 3078; x_wconf 90' lang='lat' dir='ltr'>aut</span> <span class='ocrx_word' id='word_1_162' title='bbox 1249 3004 1325 3102; x_wconf 90' lang='lat' dir='ltr'>ipsa</span> <span class='ocrx_word' id='word_1_163' title='bbox 1338 3001 1620 3078; x_wconf 85' lang='lat' dir='ltr'>consideratione</span> 
     </span>
     <span class='ocr_line' id='line_1_23' title="bbox 395 3115 1620 3215; baseline -0.006 -20"><span class='ocrx_word' id='word_1_164' title='bbox 395 3128 543 3195; x_wconf 80' lang='lat' dir='ltr'>aetatum</span> <span class='ocrx_word' id='word_1_165' title='bbox 560 3118 619 3192; x_wconf 87' lang='lat' dir='ltr'>vel</span> <span class='ocrx_word' id='word_1_166' title='bbox 636 3127 849 3215; x_wconf 91' lang='lat' dir='ltr'>temporum,</span> <span class='ocrx_word' id='word_1_167' title='bbox 863 3139 925 3192; x_wconf 86' lang='lat' dir='ltr'>seu</span> <span class='ocrx_word' id='word_1_168' title='bbox 944 3117 1114 3213; x_wconf 88' lang='lat' dir='ltr'>gravium</span> <span class='ocrx_word' id='word_1_169' title='bbox 1129 3115 1381 3192; x_wconf 86' lang='lat' dir='ltr'>necessitatum</span> <span class='ocrx_word' id='word_1_170' title='bbox 1403 3116 1620 3214; x_wconf 87' lang='lat' dir='ltr'>dispensato-</span> 
     </span>
     <span class='ocr_line' id='line_1_24' title="bbox 396 3228 1618 3332; baseline -0.005 -24"><span class='ocrx_word' id='word_1_171' title='bbox 396 3233 448 3308; x_wconf 92' lang='lat' dir='ltr'>rie</span> <span class='ocrx_word' id='word_1_172' title='bbox 466 3232 635 3332; x_wconf 89' lang='lat' dir='ltr'>quiddam</span> <span class='ocrx_word' id='word_1_173' title='bbox 652 3255 777 3307; x_wconf 89' lang='lat' dir='ltr'>ornare</span> <span class='ocrx_word' id='word_1_174' title='bbox 795 3231 1004 3308; x_wconf 88' lang='lat' dir='ltr'>decreverit.</span> <span class='ocrx_word' id='word_1_175' title='bbox 1021 3231 1197 3320; x_wconf 87' lang='lat' dir='ltr'>Quoniam</span> <span class='ocrx_word' id='word_1_176' title='bbox 1215 3239 1251 3306; x_wconf 93' lang='lat' dir='ltr'>et</span> <span class='ocrx_word' id='word_1_177' title='bbox 1267 3228 1459 3325; x_wconf 85' lang='lat' dir='ltr'>egregium</span> <span class='ocrx_word' id='word_1_178' title='bbox 1482 3237 1618 3326; x_wconf 88' lang='lat' dir='ltr'>aposto-</span> 
     </span>
     <span class='ocr_line' id='line_1_25' title="bbox 396 3343 1620 3444; baseline -0.006 -22"><span class='ocrx_word' id='word_1_179' title='bbox 396 3347 474 3422; x_wconf 90' lang='lat' dir='ltr'>lum</span> <span class='ocrx_word' id='word_1_180' title='bbox 494 3345 649 3420; x_wconf 88' lang='lat' dir='ltr'>Paulum</span> <span class='ocrx_word' id='word_1_181' title='bbox 667 3345 829 3444; x_wconf 84' lang='lat' dir='ltr'>quaedam</span> <span class='ocrx_word' id='word_1_182' title='bbox 847 3344 974 3420; x_wconf 87' lang='lat' dir='ltr'>fecisse</span> <span class='ocrx_word' id='word_1_183' title='bbox 995 3343 1249 3443; x_wconf 88' lang='lat' dir='ltr'>dispensatorie</span> <span class='ocrx_word' id='word_1_184' title='bbox 1274 3343 1432 3440; x_wconf 88' lang='lat' dir='ltr'>legimus</span> <span class='ocrx_word' id='word_1_185' title='bbox 1457 3365 1537 3440; x_wconf 83' lang='lat' dir='ltr'>quae</span> <span class='ocrx_word' id='word_1_186' title='bbox 1562 3363 1620 3438; x_wconf 90' lang='lat' dir='ltr'>po·</span> 
     </span>
     <span class='ocr_line' id='line_1_26' title="bbox 395 3453 1620 3559; baseline -0.008 -21"><span class='ocrx_word' id='word_1_187' title='bbox 395 3472 473 3538; x_wconf 86' lang='lat' dir='ltr'>stea</span> <span class='ocrx_word' id='word_1_188' title='bbox 498 3484 657 3559; x_wconf 86' lang='lat' dir='ltr'>repressa</span> <span class='ocrx_word' id='word_1_189' title='bbox 678 3458 886 3534; x_wconf 90' lang='lat' dir='ltr'>dinoscitur.</span> <span class='ocrx_word' id='word_1_190' title='bbox 904 3458 1080 3546; x_wconf 82' lang='lat' dir='ltr'>Quoniam</span> <span class='ocrx_word' id='word_1_191' title='bbox 1097 3470 1218 3533; x_wconf 86' lang='lat' dir='ltr'>tamen</span> <span class='ocrx_word' id='word_1_192' title='bbox 1234 3457 1298 3532; x_wconf 93' lang='lat' dir='ltr'>illa</span> <span class='ocrx_word' id='word_1_193' title='bbox 1318 3461 1478 3539; x_wconf 82' lang='lat' dir='ltr'>¹Romana</span> <span class='ocrx_word' id='word_1_194' title='bbox 1496 3453 1620 3530; x_wconf 88' lang='lat' dir='ltr'>videli-</span> 
     </span>
     <span class='ocr_line' id='line_1_27' title="bbox 396 3568 1619 3666; baseline -0.011 -12"><span class='ocrx_word' id='word_1_195' title='bbox 396 3587 454 3654; x_wconf 86' lang='lat' dir='ltr'>eet</span> <span class='ocrx_word' id='word_1_196' title='bbox 470 3576 622 3653; x_wconf 89' lang='lat' dir='ltr'>eeclesia</span> <span class='ocrx_word' id='word_1_197' title='bbox 638 3573 897 3651; x_wconf 87' lang='lat' dir='ltr'>discretissima</span> <span class='ocrx_word' id='word_1_198' title='bbox 919 3571 1199 3649; x_wconf 87' lang='lat' dir='ltr'>consideratione</span> <span class='ocrx_word' id='word_1_199' title='bbox 1225 3569 1303 3646; x_wconf 88' lang='lat' dir='ltr'>fieri</span> <span class='ocrx_word' id='word_1_200' title='bbox 1325 3568 1510 3666; x_wconf 86' lang='lat' dir='ltr'>delegerit,</span> <span class='ocrx_word' id='word_1_201' title='bbox 1526 3593 1619 3642; x_wconf 92' lang='lat' dir='ltr'>nun-</span> 
     </span>
     <span class='ocr_line' id='line_1_28' title="bbox 395 3681 1505 3792; baseline -0.008 -25"><span class='ocrx_word' id='word_1_202' title='bbox 395 3717 504 3792; x_wconf 90' lang='lat' dir='ltr'>quam</span> <span class='ocrx_word' id='word_1_203' title='bbox 522 3689 600 3788; x_wconf 88' lang='lat' dir='ltr'>ipsa</span> <span class='ocrx_word' id='word_1_204' title='bbox 616 3713 697 3788; x_wconf 83' lang='lat' dir='ltr'>quae</span> <span class='ocrx_word' id='word_1_205' title='bbox 713 3687 803 3766; x_wconf 88' lang='lat' dir='ltr'>bene</span> <span class='ocrx_word' id='word_1_206' title='bbox 820 3697 908 3764; x_wconf 88' lang='lat' dir='ltr'>sunt</span> <span class='ocrx_word' id='word_1_207' title='bbox 925 3685 1079 3763; x_wconf 90' lang='lat' dir='ltr'>diffinita</span> <span class='ocrx_word' id='word_1_208' title='bbox 1097 3692 1292 3761; x_wconf 87' lang='lat' dir='ltr'>retractare</span> <span class='ocrx_word' id='word_1_209' title='bbox 1309 3681 1505 3758; x_wconf 86' lang='lat' dir='ltr'>rennuerit</span> 
     </span>
    </p>
   </div>
   <div class='ocr_carea' id='block_1_6' title="bbox 950 3887 1072 3974">
    <p class='ocr_par' dir='ltr' id='par_1_6' title="bbox 950 3887 1072 3974">
     <span class='ocr_line' id='line_1_29' title="bbox 950 3887 1072 3974; baseline -0.025 0"><span class='ocrx_word' id='word_1_210' title='bbox 950 3887 1072 3974; x_wconf 80' lang='lat' dir='ltr'>xovl.</span> 
     </span>
    </p>
   </div>
   <div class='ocr_carea' id='block_1_7' title="bbox 868 4089 1148 4146">
    <p class='ocr_par' dir='ltr' id='par_1_7' title="bbox 868 4089 1148 4146">
     <span class='ocr_line' id='line_1_30' title="bbox 868 4089 1148 4146; baseline -0.018 0"><span class='ocrx_word' id='word_1_211' title='bbox 868 4095 952 4146; x_wconf 82' lang='lat' dir='ltr'>Item</span> <span class='ocrx_word' id='word_1_212' title='bbox 969 4093 1002 4144; x_wconf 86' lang='lat' dir='ltr'>in</span> <span class='ocrx_word' id='word_1_213' title='bbox 1021 4089 1148 4144; x_wconf 85' lang='lat' dir='ltr'>eadem.</span> 
     </span>
    </p>
   </div>
   <div class='ocr_carea' id='block_1_8' title="bbox 398 4247 1622 4584">
    <p class='ocr_par' dir='ltr' id='par_1_8' title="bbox 398 4247 1622 4584">
     <span class='ocr_line' id='line_1_31' title="bbox 492 4247 1621 4356; baseline -0.012 -20"><span class='ocrx_word' id='word_1_214' title='bbox 492 4263 547 4336; x_wconf 89' lang='lat' dir='ltr'>Ne</span> <span class='ocrx_word' id='word_1_215' title='bbox 575 4282 662 4356; x_wconf 91' lang='lat' dir='ltr'>ergo</span> <span class='ocrx_word' id='word_1_216' title='bbox 685 4257 813 4334; x_wconf 86' lang='lat' dir='ltr'>dicatis</span> <span class='ocrx_word' id='word_1_217' title='bbox 838 4281 902 4332; x_wconf 89' lang='lat' dir='ltr'>nos</span> <span class='ocrx_word' id='word_1_218' title='bbox 926 4263 1054 4355; x_wconf 87' lang='lat' dir='ltr'>praeter</span> <span class='ocrx_word' id='word_1_219' title='bbox 1079 4252 1251 4329; x_wconf 84' lang='lat' dir='ltr'>aecolesiae</span> <span class='ocrx_word' id='word_1_220' title='bbox 1276 4251 1394 4348; x_wconf 89' lang='lat' dir='ltr'>legem</span> <span class='ocrx_word' id='word_1_221' title='bbox 1421 4247 1621 4348; x_wconf 85' lang='lat' dir='ltr'>praephatos</span> 
     </span>
     <span class='ocr_line' id='line_1_32' title="bbox 398 4366 1621 4466; baseline -0.011 -16"><span class='ocrx_word' id='word_1_222' title='bbox 398 4377 546 4450; x_wconf 89' lang='lat' dir='ltr'>Romam</span> <span class='ocrx_word' id='word_1_223' title='bbox 572 4373 696 4450; x_wconf 89' lang='lat' dir='ltr'>venire</span> <span class='ocrx_word' id='word_1_224' title='bbox 728 4372 901 4458; x_wconf 85' lang='lat' dir='ltr'>sanxisse,</span> <span class='ocrx_word' id='word_1_225' title='bbox 931 4371 1056 4444; x_wconf 86' lang='lat' dir='ltr'>beatus</span> <span class='ocrx_word' id='word_1_226' title='bbox 1086 4371 1182 4466; x_wconf 87' lang='lat' dir='ltr'>Papa</span> <span class='ocrx_word' id='word_1_227' title='bbox 1208 4366 1323 4441; x_wconf 88' lang='lat' dir='ltr'>lulius</span> <span class='ocrx_word' id='word_1_228' title='bbox 1347 4375 1384 4442; x_wconf 89' lang='lat' dir='ltr'>et</span> <span class='ocrx_word' id='word_1_229' title='bbox 1407 4373 1621 4440; x_wconf 87' lang='lat' dir='ltr'>accusatum</span> 
     </span>
     <span class='ocr_line' id='line_1_33' title="bbox 398 4475 1622 4584; baseline -0.016 -14"><span class='ocrx_word' id='word_1_230' title='bbox 398 4498 435 4570; x_wconf 84' lang='lat' dir='ltr'>et</span> <span class='ocrx_word' id='word_1_231' title='bbox 450 4497 677 4568; x_wconf 86' lang='lat' dir='ltr'>accusatores</span> <span class='ocrx_word' id='word_1_232' title='bbox 695 4490 843 4566; x_wconf 85' lang='lat' dir='ltr'>Romam</span> <span class='ocrx_word' id='word_1_233' title='bbox 860 4485 984 4564; x_wconf 87' lang='lat' dir='ltr'>venire</span> <span class='ocrx_word' id='word_1_234' title='bbox 1001 4482 1180 4584; x_wconf 80' lang='lat' dir='ltr'>praecepit,</span> <span class='ocrx_word' id='word_1_235' title='bbox 1196 4491 1234 4560; x_wconf 87' lang='lat' dir='ltr'>et</span> <span class='ocrx_word' id='word_1_236' title='bbox 1250 4478 1489 4558; x_wconf 87' lang='lat' dir='ltr'>venerabilem</span> <span class='ocrx_word' id='word_1_237' title='bbox 1508 4475 1622 4552; x_wconf 86' lang='lat' dir='ltr'>Atha-</span> 
     </span>
    </p>
   </div>
   <div class='ocr_carea' id='block_1_9' title="bbox 0 0 1832 5301">
    <p class='ocr_par' dir='ltr' id='par_1_9' title="bbox 0 0 1832 5301">
     <span class='ocr_line' id='line_1_34' title="bbox 0 0 1832 5301; baseline 0 0"><span class='ocrx_word' id='word_1_238' title='bbox 0 0 1832 5301; x_wconf 95' lang='lat' dir='ltr'> </span> 
     </span>
    </p>
   </div>
  </div>
 </body>
</html>
