3582 5288
684 385 879 448 -151-

173 513 270 579 metu
289 503 424 600 pericli.
443 506 521 591 Qua
537 504 658 600 gratia
674 504 927 603 praeparandus
944 514 999 578 est
1019 504 1174 592 animus,
1196 505 1392 581 exercenda

175 639 286 704 mens,
304 614 515 689 stabilienda
532 607 841 704 ad'constantiam
853 626 895 691 ut
908 617 1019 692 nullis
1031 615 1230 716 perturbari
1248 616 1392 690 animus

172 727 283 826 possit
301 727 495 820 terroribus
511 727 623 801 nullis
636 727 758 824 frangi
772 729 956 820 molestiis,
969 729 1079 805 nullis
1093 728 1278 828 suppliciis
1294 729 1394 804 cede-

171 867 218 930 re,
230 865 311 938 quae
328 840 471 916 difficile
489 841 632 939 quidem
647 842 884 928 sustinentur,
902 843 961 917 sed
980 843 1064 941 quia
1081 843 1199 918 omnia
1217 841 1392 943 supplicia

171 956 380 1050 graviorum
400 955 656 1056 suppliciorum
674 955 873 1031 vincuntur
890 955 1090 1044 formidine,
1108 955 1185 1030 ideo
1203 954 1232 1028 si
1246 953 1393 1029 consilio

171 1069 292 1143 firmes
309 1069 471 1142 animum
488 1079 604 1158 tunm,
617 1094 683 1144 neo
696 1095 717 1142 a
732 1069 867 1144 ratione
885 1069 1138 1144 discedendum
1152 1078 1256 1168 putes
1268 1079 1304 1143 et
1317 1091 1393 1169 pro·

170 1203 278 1280 ponas
295 1182 411 1255 divini
428 1182 552 1257 iudicii
570 1193 705 1257 metum
723 1183 883 1283 perpetui
903 1181 1068 1283 supplicii
1089 1192 1277 1271 tormenta,
1294 1192 1392 1279 potes

171 1294 281 1367 animi
301 1295 420 1370 subire
437 1296 676 1386 tolerantiam,
693 1297 760 1372 hoc
778 1298 895 1394 igitur
908 1296 1105 1393 diligentiae
1117 1305 1181 1386 est,
1194 1305 1235 1370 ut
1247 1295 1328 1394 quis
1341 1296 1391 1371 ita

177 1431 211 1482 se
224 1419 416 1508 comparet,
430 1409 519 1484 illud
533 1410 727 1507 ingenii,sl
746 1411 826 1508 quis
842 1421 958 1511 potest
973 1410 1101 1507 vigore
1118 1410 1249 1484 mentis
1266 1410 1392 1509 praevi·

171 1521 250 1596 dere
264 1545 346 1618 quae
359 1523 482 1597 futura
496 1535 591 1614 sunt,
604 1534 641 1598 et
653 1533 836 1622 tamquam
850 1534 934 1598 ante
952 1521 1072 1599 oeulos
1084 1523 1200 1597 locare
1217 1521 1302 1619 quid
1317 1545 1393 1620 pos·

170 1635 215 1708 sit
228 1636 403 1725 accidere,
421 1647 457 1712 et
474 1637 560 1736 quid
577 1662 687 1733 agere
703 1637 828 1712 debeat
845 1635 876 1709 si
898 1635 948 1709 ita
969 1634 1140 1709 acciderit
1156 1633 1319 1709 diffinire.
1335 1637 1393 1708 In·

168 1749 310 1823 tardum
324 1750 393 1824 duo
409 1759 446 1824 et
461 1751 533 1825 tria
550 1751 658 1824 simul
676 1751 820 1826 volvere
833 1750 953 1822 animo
966 1773 1045 1846 quae
1058 1748 1228 1838 coniceat,
1240 1758 1304 1823 aut
1320 1748 1392 1824 siu-

168 1863 267 1958 gula‚
284 1874 348 1938 aut
365 1863 556 1939 coniuncta
574 1864 734 1940 accidere
754 1874 831 1962 post
848 1889 897 1952 se,
914 1872 1031 1938 etant
1048 1861 1214 1958 singulis,
1231 1873 1295 1937 aut
1311 1886 1392 1936 oon-

168 1977 305 2054 iuuctis
322 1977 507 2076 disponere
523 1987 628 2052 actus
645 1999 732 2074 quos
750 1976 938 2071 intellegat
958 1976 1172 2073 profuturos,
1188 1975 1291 2049 fortis
1304 1999 1390 2071 ergo
1424 2071 1427 2078 .

168 2102 222 2167 est
238 2091 322 2177 viri,
337 2115 405 2166 non
424 2091 651 2166 dissimulare
668 2117 752 2166 oum
766 2090 903 2189 aliquid
916 2089 1113 2180 immineat,
1127 2089 1187 2164 sed
1200 2091 1391 2188 pretende·

168 2228 216 2294 re,
233 2213 269 2279 et
286 2214 471 2302 tamquam
489 2203 669 2300 explorare
684 2204 726 2278 de
740 2205 884 2304 specula
902 2204 1055 2302 quadam
1073 2203 1205 2278 mentis
1221 2213 1257 2278 et
1273 2203 1402 2278 obvia--

166 2317 435 2412 recogitatione
449 2319 595 2416 provida
609 2319 714 2393 rebus
731 2318 877 2408 futuris
891 2318 1039 2392 neforto
1058 2317 1155 2392 dicat
1171 2327 1301 2417 postea,
1314 2317 1391 2392 ideo

167 2432 235 2507 ista
259 2433 371 2508 incidi
397 2433 576 2530 quianon
602 2433 802 2508 arbitrabar
827 2456 928 2532 posse
953 2431 1107 2507 evenire.
1133 2430 1294 2529 Denique
1319 2431 1390 2504 nisi

167 2547 395 2647 explorentur
412 2546 561 2621 adversa
575 2547 646 2622 cito
658 2556 847 2644 occupant,
860 2555 902 2621 ut
915 2546 953 2619 in
965 2544 1056 2620 bello
1069 2545 1267 2643 impervius
1280 2544 1391 2620 hostis

168 2661 230 2733 vix
242 2661 450 2734 sustinetur.
460 2662 508 2734 Et
517 2659 548 2732 si
562 2660 754 2760 imparatos
767 2659 940 2751 inveniat,
950 2660 1056 2736 facile
1069 2659 1246 2758 opprimit,
1256 2659 1301 2734 ita
1315 2659 1389 2733 ani·

168 2799 267 2846 mum
287 2771 511 2863 excellentia,
528 2782 569 2846 ut
586 2773 743 2873 primum
760 2776 905 2849 animus
924 2784 1012 2849 tuus
1023 2773 1124 2849 bonis
1140 2775 1319 2850 exercitus
1335 2798 1390 2851 co

165 2887 414 2983 gitationibus‚
430 2889 563 2962 mundo
580 2889 683 2964 corde
695 2889 787 2986 quod
800 2913 927 2963 verum
941 2897 977 2963 et
989 2888 1178 2964 honestum
1192 2898 1247 2962 est
1259 2887 1389 2962 videat.

169 3000 272 3075 Beati
290 3001 386 3075 enim
405 3001 536 3075 mundo
554 3002 657 3079 corde
674 3001 841 3100 quoniam
859 3003 927 3101 ipsi
945 3005 1060 3078 Deum
1073 3003 1255 3077 videbunt.
1269 3006 1388 3100 Atque

168 3113 204 3188 id
217 3114 311 3212 quod
324 3113 512 3189 honestum
530 3125 585 3189 est
603 3115 717 3189 solum
734 3116 866 3190 bonum
879 3117 1023 3191 iudicet.
1036 3116 1170 3190 Deinde
1183 3116 1296 3189 nullis
1309 3140 1386 3213 per-

166 3229 332 3303 turbetur
348 3228 653 3327 occupationibus
671 3229 781 3302 nullis
802 3229 1060 3329 cupiditatibus
1084 3227 1244 3304 fluctuet.
1262 3232 1387 3327 Neque

166 3365 252 3416 vero
269 3341 306 3415 id
323 3340 428 3416 facile
446 3343 634 3439 quisquam
661 3341 758 3416 facit.
776 3344 869 3432 Quid
895 3345 991 3419 euim
1008 3353 1083 3418 tam
1095 3341 1257 3434 difficile,
1278 3368 1386 3441 quam

168 3455 352 3556 despicere
380 3465 565 3552 tamquam
590 3479 635 3530 ex
659 3480 740 3530 arce
765 3455 892 3554 aliqua
912 3455 1105 3556 sapientie,
1129 3479 1222 3557 opes
1246 3455 1388 3554 aliaque

166 3570 297 3658 omnia,
314 3593 393 3665 quae
410 3567 588 3666 plerisque
605 3568 774 3643 videntur
787 3593 920 3666 magna
938 3579 974 3644 et
990 3569 1187 3669 praecelsa?
1200 3567 1333 3643 Deinde
1347 3577 1389 3642 ut

165 3682 341 3756 iudicium
358 3690 462 3755 tuum
486 3681 605 3755 stabili
632 3681 767 3757 ratione
793 3685 992 3772 confirmes,
1013 3693 1049 3758 et
1065 3708 1145 3781 quae
1169 3681 1388 3757 indicaveris

167 3793 272 3884 levia,
290 3802 461 3892 tanquam
479 3793 571 3867 nihil
588 3795 776 3894 profutura
793 3806 1035 3894 contempnas.
1053 3795 1189 3870 Deinde
1211 3803 1253 3868 ut
1269 3792 1387 3892 siquid

166 3907 339 3984 acciderit
355 3907 509 3989 adversi,
522 3908 628 4006 idque
640 3933 755 4005 grave
767 3919 803 3985 et
820 3910 989 3986 acerbum
1003 3917 1150 4008 putetur
1162 3909 1214 3984 ita
1227 3907 1332 3997 feras,
1345 3916 1387 3982 ut

166 4023 257 4097 nihil
274 4033 402 4123 preter
418 4035 587 4099 naturam
604 4025 779 4100 accidisse
797 4034 912 4123 putes,
925 4049 1009 4100 cum
1022 4023 1157 4121 legeris
1169 4022 1288 4097 nudus
1305 4045 1386 4095 sum

166 4147 273 4212 natus
290 4137 390 4212 exibo
406 4148 443 4214 et
460 4148 599 4213 caetera.
616 4139 714 4213 Idem
732 4137 768 4211 in
787 4139 918 4214 eodem.
931 4139 970 4212 Si
983 4139 1064 4237 quis
1076 4138 1191 4236 igitur
1206 4134 1387 4235 aequabili·

168 4263 276 4328 tatem
302 4253 483 4328 universae
506 4253 591 4328 vitae
616 4264 652 4329 et
677 4252 905 4350 singularum
930 4253 1113 4328 actionum
1134 4251 1235 4326 modo
1255 4257 1385 4340 servet,

168 4366 327 4442 ordinem
352 4390 490 4465 quoque
508 4376 545 4441 et
561 4365 799 4442 constantiam
824 4367 1000 4442 dictorum
1025 4377 1132 4465 atque
1149 4389 1296 4464 operum
1314 4387 1385 4438 mo-

167 4479 456 4580 derationemque
478 4481 667 4568 custodiat,
685 4482 722 4554 in
744 4486 822 4557 eius
843 4480 918 4556 vita
940 4480 1107 4556 decorum
1129 4478 1219 4553 illud
1240 4476 1385 4554 excellit
