3638 5294
733 416 782 444 -·
798 383 863 456 461'
887 426 930 439 —

217 513 277 590 vel
294 513 499 591 exsertantia
512 513 616 593 debet
633 512 771 612 prodire
789 513 1009 612 pontificum,
1029 511 1069 586 in
1096 515 1257 586 nostrum
1276 517 1441 588 vertatur

217 629 441 728 opprobrium
459 629 711 725 congressione
728 627 912 702 bellorum.

746 781 916 914 osuiu.

329 1035 412 1086 Item
431 1036 583 1116 exempla
601 1033 772 1087 cuiusdam
790 1043 832 1084 ex
851 1033 955 1085 sacris
975 995 1141 1096 scripturis
1160 1015 1332 1084 deflorata.

312 1197 416 1271 Sicut
432 1196 601 1272 indecens
618 1206 672 1272 ast
688 1192 917 1293 transpositio
933 1191 1066 1266 infulas
1083 1191 1242 1290 pedibus,
1259 1201 1295 1267 et
1311 1192 1440 1268 calcia-

219 1318 338 1382 menta
355 1333 527 1408 usurpare
546 1308 733 1406 capitibus,
750 1307 801 1382 ita
819 1331 890 1381 non
906 1307 1025 1380 omnia
1037 1307 1201 1381 omuibus
1214 1307 1274 1381 sed
1289 1306 1437 1402 singula

216 1420 374 1517 singulis
391 1432 476 1496 sunt
493 1421 648 1519 ascripta
665 1421 833 1518 personis.
850 1422 1001 1519 Ideoque
1019 1421 1139 1496 clerici
1157 1421 1330 1496 terminos
1355 1443 1439 1495 suos

217 1557 286 1608 nou
303 1544 489 1610 transeant
505 1543 542 1608 et
557 1533 714 1608 limitum
731 1545 1016 1632 transgressores
1032 1534 1150 1608 aliena
1168 1557 1238 1608 non
1255 1534 1438 1608 invadant

215 1650 306 1722 Nam
327 1649 399 1722 Oza
411 1673 494 1723 cum
509 1673 602 1723 arcae
619 1647 761 1720 Domini
779 1649 1028 1734 succurrisset,
1046 1647 1129 1722 ilico
1141 1647 1290 1723 cedidit:
1304 1657 1340 1722 et
1353 1647 1450 1745 quia·

216 1757 372 1832 alienum
391 1759 546 1834 officium
568 1759 732 1856 arripuit,
757 1762 969 1838 temerarius
994 1760 1184 1860 expiravit·
1209 1760 1313 1835 Hinc·
1328 1761 1436 1835 etiam
1547 1778 1551 1786 '

218 1871 305 1945 Saul
316 1871 443 1969 spiritu
457 1862 806 1970 inmundo'arreptus
819 1883 885 1964 est,
897 1873 982 1972 quia
995 1872 1211 1948 sacrificium
1222 1881 1263 1946 ut
1275 1873 1438 1947 sacerdos

215 1985 354 2082 optulit
371 1985 466 2060 Hinc
482 1985 598 2060 tribus
616 1985 731 2061 Chore
749 1986 866 2083 periit,
882 1995 919 2062 et
936 1987 1041 2062 Ozias
1060 2011 1122 2061 rex
1138 1985 1235 2084 lepra
1248 2009 1441 2085 percussus

215 2108 282 2187 est,
307 2099 392 2196 quia
415 2100 573 2176 officium
589 2099 795 2175 turificaudi
812 2100 1016 2200 assumpsit.
1034 2099 1129 2176 Hinc
1145 2109 1199 2174 est
1216 2099 1309 2196 quod
1322 2098 1440 2173 Domi-

216 2236 288 2286 nus
304 2236 388 2286 cum
405 2213 599 2312 discipulos
615 2237 658 2289 ac
674 2213 799 2289 turbas
815 2215 952 2290 emulos
968 2213 1144 2313 patientes
1160 2213 1299 2289 esse'ad
1319 2213 1440 2287 omnia

217 2323 423 2416 instrueret,
440 2327 613 2403 ultionem
629 2327 682 2402 eis
698 2326 879 2427 prohibuit
895 2351 1003 2425 quam
1020 2325 1244 2402 secularibus
1261 2325 1440 2402 indicibus
1480 2340 1483 2346 '

216 2459 286 2510 non
299 2438 460 2534 negavit
473 2443 552 2513 Non
567 2452 715 2515 venerat
731 2440 849 2537 legem
868 2439 1016 2527 solvere,
1033 2437 1094 2513 sed
1110 2437 1315 2535 adimplere.
1337 2438 1440 2514 Unde

121 2584 124 2592 ¹
205 2553 408 2649 'Apostolus
425 2553 627 2630 deterrens
643 2555 762 2630 iudice
779 2554 839 2626 ait.
855 2555 936 2626 Non
954 2553 1031 2627 sina
1048 2576 1157 2627 eausa
1174 2551 1337 2648 gladium
1365 2575 1441 2649 por·

109 2653 111 2660 ’
133 2761 137 2766 ¹
217 2673 281 2738 tat.
295 2665 359 2740 Dei
374 2665 536 2742 minister
550 2677 614 2756 est,
627 2667 758 2758 vindex
770 2666 808 2740 in
821 2668 876 2739 ira
889 2665 920 2742 ei
935 2666 995 2764 qui
1006 2667 1096 2740 mele
1113 2667 1201 2762 agit.
1215 2667 1377 2764 Cumque
1390 2669 1442 2740 Ic

216 2778 355 2855 hannes
371 2781 532 2877 Baptista
542 2789 844 2878 percontaretura
862 2777 1037 2854 militibus
1046 2779 1130 2876 quid
1144 2779 1195 2853 eis
1208 2778 1325 2853 facere
1339 2802 1439 2874 expe-

216 2892 320 2981 diret,
333 2887 533 2972 calumnias
546 2903 582 2967 et
594 2893 746 2968 iniurias
755 2892 944 2992 prohibuit,
957 2891 1019 2966 sed
1028 2889 1215 2988 stipendiis
1229 2899 1439 2988 compaeten·

219 3005 316 3078 tibus
332 3005 377 3080 ad
394 3005 613 3080 imitationes
631 3005 803 3080 malorum
824 3005 979 3080 militare
996 3005 1181 3080 concessit.
1198 3008 1336 3080 Verum
1355 3011 1441 3077 sunt

217 3119 362 3215 quidam
383 3120 444 3217 qui
464 3120 517 3195 sic
537 3119 649 3217 impia
665 3119 724 3216 pii,
741 3128 783 3193 ut
799 3119 921 3193 dicant
937 3116 1079 3190 nullum
1097 3115 1217 3211 gladio
1233 3116 1360 3190 debere
1378 3139 1442 3212 pu-

219 3231 302 3319 niri,
315 3255 384 3306 nec
396 3257 533 3330 paenam
549 3231 674 3306 mortis
687 3229 901 3305 criminibus
913 3228 1083 3304 adhiberi.
1095 3227 1239 3304 Similes
1251 3228 1309 3302 his
1322 3228 1383 3326 qui
1400 3225 1444 3300 ob

217 3343 444 3440 virginitatis
461 3343 695 3442 privilegium
718 3343 863 3442 nuptias
882 3341 1153 3442 reprehendunt.
1171 3339 1318 3416 Etcum
1336 3341 1438 3414 iuxta

219 3457 427 3554 Apostolum
442 3479 518 3530 non
531 3456 586 3530 sit·
592 3465 747 3556 potestas
760 3455 829 3528 nisi
843 3480 865 3528 a
878 3457 961 3543 Dec,
975 3457 1047 3528 Deo
1060 3453 1288 3528 convincitur
1301 3453 1442 3528 resiste·

165 3637 169 3644 .
220 3593 269 3657 re,
282 3569 344 3667 qui
357 3568 440 3642 vult
453 3577 665 3666 potestatum
682 3567 826 3663 legibus
839 3559 992 3642 obviare.
1008 3565 1217 3640 Ambrosius
1229 3590 1338 3663 supra
1351 3565 1444 3663 psal-

220 3707 319 3754 mum
336 3682 438 3756 Beati
456 3679 679 3756 immaculati
697 3680 876 3755 clamante
893 3679 977 3752 dum
1005 3677 1066 3751 ait.
1082 3682 1210 3754 Nonne
1235 3678 1443 3753 innocentes

188 3789 190 3792 ’
219 3795 332 3870 tradis
349 3795 467 3884 exitio,
476 3796 537 3893 qui
551 3794 683 3870 liberas
699 3794 743 3868 ab
761 3791 910 3868 interitu
928 3815 1030 3866 reum
1048 3791 1243 3865 multorum
1261 3790 1370 3865 exitia
1387 3813 1444 3886 co

223 3908 427 4002 gitantem?
442 3908 537 3981 Hinc
550 3905 783 4003 Augustinus
800 3931 906 4004 super
919 3905 1123 3980 Iohannem.
1137 3905 1174 3978 Si
1193 3914 1341 4002 possunt
1357 3903 1444 3978 mali

220 4019 501 4115 persecutionem
513 4019 630 4093 facere
638 4017 751 4105 bouis,
761 4027 900 4116 propter
910 4041 1040 4094 nomen
1052 4017 1199 4107 Christi,
1209 4042 1275 4092 our
1288 4039 1357 4092 non
1369 4040 1444 4113 pos

216 4141 305 4206 sunt
321 4131 601 4229 persecutionem
621 4130 695 4226 pati
712 4153 733 4200 a
750 4128 850 4203 honis
868 4143 1010 4231 propter
1027 4155 1156 4221 nomen
1170 4130 1331 4206 Christi?
1346 4131 1441 4204 Hinc
1524 4145 1527 4152 ’

219 4243 473 4342 Hieronymus,
482 4242 722 4318 homicidaset
731 4241 925 4338 sacrilegos
938 4244 1077 4340 punire,
1088 4265 1156 4317 nou
1167 4253 1221 4317 est
1230 4241 1355 4316 effirsio
1364 4266 1442 4315 san-

224 4355 359 4452 guinis.
368 4359 459 4432 Item
467 4355 699 4432 Innocentius
710 4357 916 4453 PapaDnm
934 4355 1058 4451 legum
1076 4355 1245 4429 atrocitas
1262 4355 1299 4428 in
1317 4353 1444 4451 impios

216 4481 419 4558 exercetur,
430 4470 501 4545 erit
517 4470 669 4545 dictator
686 4467 870 4542 immunis.
886 4473 933 4540 At
949 4467 1014 4541 alii
1029 4467 1165 4543 idumei
1182 4477 1219 4540 et
1232 4465 1444 4540 Damasceni
