3638 5294
729 413 924 477 -493-

217 534 370 636 episcopi
388 533 556 630 regulare
573 533 755 609 iudicium.
775 533 830 610 Ab
847 531 1028 608 universis
1044 534 1218 633 episeopis
1235 533 1382 610 dictum.
1398 534 1442 607 Ο-

221 649 365 724 mnibus
381 647 506 746 plaeet.
521 651 577 720 Ex
591 657 684 722 tomo
697 647 902 745 pontificali.
914 647 1105 722 Nastasius
1117 649 1260 722 natione
1273 663 1442 722 romanus

219 765 310 839 sedit
326 786 438 836 annos
459 765 484 835 Ι.
508 785 647 836 menses
664 764 726 834 XI.
751 761 826 836 dies
844 763 996 837 XXIIII.
1015 763 1061 834 Et
1085 759 1189 833 multi
1208 758 1393 857 presbiteri
1406 767 1444 832 et

218 875 340 952 cleriei
353 883 548 970 eregerunt
560 899 598 948 se
611 898 631 946 a
645 873 894 948 communione
907 871 1032 971 ipsius,
1045 897 1083 949 eo
1096 873 1188 971 quod
1201 872 1278 947 sine
1292 872 1441 948 consilio

220 1011 342 1064 eorum
360 988 660 1080 communicasset
676 985 823 1062 diacono
839 986 1147 1074 thessalonicensi,
1165 987 1228 1085 qui
1242 986 1444 1062 eommunis

220 1110 297 1175 erat
313 1098 473 1188 Acathio,
487 1109 523 1174 et
536 1098 619 1196 quia
633 1098 773 1174 occulte
789 1099 904 1174 voluit
921 1122 1087 1174 revocare
1106 1100 1299 1175 Acathium
1321 1111 1357 1176 et
1374 1125 1444 1175 non

220 1213 346 1312 potuit,
363 1212 447 1311 quia
463 1221 555 1288 nutu
573 1213 696 1286 divino
712 1237 905 1311 percussus
921 1221 977 1286 est
995 1210 1179 1287 Acathius.

748 1413 918 1499 Chl'llll.

419 1615 470 1668 Ad
488 1591 821 1682 presbiteroscontro
839 1619 1012 1672 concilium
1030 1617 1241 1672 Ariminense.

318 1776 463 1850 Arriani
482 1779 685 1872 graviorem
703 1779 959 1879 blasphemiam
979 1803 1086 1876 quam
1105 1778 1214 1854 ceteri
1230 1777 1441 1852 intulerunt.

223 1890 293 1966 Sed
319 1889 403 1988 quia
419 1914 440 1961 a
458 1889 583 1964 multis
599 1891 666 1966 hoc
682 1903 826 1989 gestum
844 1903 908 1981 est,
925 1902 1073 1991 putatur
1089 1893 1179 1968 bene
1200 1891 1442 1967 commissum.

220 2004 331 2092 Quasi
345 2005 630 2080 veromultitudo
643 2006 780 2080 crimen
790 2016 947 2096 excuset,
956 2016 1020 2081 aut
1029 2030 1102 2110 ¹non
1117 2006 1285 2082 maiorem
1300 2005 1444 2079 ruinam

221 2117 331 2192 faeiat
347 2118 707 2216 turha-peccantium.
725 2119 886 2218 Denique
903 2129 939 2195 et
956 2121 993 2194 in
1012 2119 1219 2195 cataclismo
1232 2145 1313 2194 oum
1328 2127 1443 2192 totum

220 2229 339 2306 orbem
366 2231 464 2306 vitiis
490 2255 695 2329 oppressum
722 2231 929 2328 pluviarum
957 2233 1062 2307 ruina
1079 2233 1243 2322 dilueret,
1260 2241 1333 2306 tota
1358 2256 1442 2306 cum

219 2343 320 2418 domo
336 2369 403 2419 sua
419 2349 493 2420 Noe
511 2343 607 2420 solus
624 2345 857 2444 pereuntibus
882 2348 1012 2423 ceteris
1038 2349 1169 2424 meruit
1191 2347 1341 2422 evadere
1359 2347 1443 2442 quia

220 2456 316 2530 solus
334 2459 449 2532 Deum
472 2457 561 2532 bene
579 2457 734 2532 vivendo
751 2459 886 2534 fecerat
902 2461 1013 2558 pium,
1031 2485 1135 2558 quem
1157 2459 1379 2537 contrarium
1404 2483 1447 2533 ao

221 2570 352 2644 mundo
377 2571 510 2645 iratum
536 2581 791 2670 provocaverat
814 2573 1010 2650 inmanitas
1031 2573 1252 2648 delictorum.
1272 2572 1332 2648 Sic
1349 2581 1385 2646 et
1406 2571 1444 2644 in

223 2685 382 2760 Sodomis
394 2712 476 2761 eum
490 2687 588 2760 omni
600 2685 748 2760 libidine
762 2695 982 2760 monstruoso
991 2687 1028 2759 in
1038 2696 1165 2762 nature
1179 2686 1332 2761 dedecus
1346 2683 1446 2759 ebul·

101 2799 105 2806 ’
223 2797 452 2887 lissent,cum
470 2799 650 2873 inmutata
672 2800 866 2876 secundum
882 2797 961 2873 illos
974 2799 1054 2874 vice
1067 2799 1260 2888 caeli,sicut
1272 2799 1326 2872 illi
1338 2824 1444 2872 usum

220 2923 348 2988 nature
368 2920 608 3002 mutaverant,
623 2937 746 3010 ygneo
760 2913 889 3011 ymbre
903 2905 1067 3008 e'xtingui
1083 2921 1301 2986 meruerunt.
1313 2911 1448 2999 Quiin·

220 3025 387 3099 cendium
403 3024 492 3100 Loth
510 3051 593 3101 eum
611 3026 712 3100 domo
729 3051 793 3100 sua
808 3025 891 3124 quia
904 3024 1001 3099 solus
1019 3025 1192 3099 immunis
1208 3025 1327 3100 fuerat
1343 3050 1364 3097 a
1378 3026 1447 3102 cri·

222 3109 438 3228 dinamius
457 3139 587 3214 meruit
600 3139 762 3214 evadere.
773 3141 849 3214 Neo
863 3138 992 3213 terruit
1005 3164 1087 3214 eum
1101 3148 1284 3213 tantarum
1298 3137 1443 3212 urbium

221 3253 444 3350 magnitudo,
463 3279 530 3329 neo
547 3254 754 3354 populorum
770 3250 971 3341 multitudo,
984 3252 1045 3326 sed
1058 3276 1167 3326 causa
1180 3250 1369 3348 permovit.
1384 3251 1444 3326 Sic

221 3375 257 3440 et
274 3366 367 3440 inter
385 3366 478 3442 CCC
490 3365 621 3463 pseudo
638 3365 826 3464 prophetas
838 3363 900 3461 qui
913 3363 955 3438 de
974 3387 1096 3437 mensa
1110 3364 1208 3458 regis
1221 3361 1349 3439 cotidie
1364 3387 1444 3437 cru-

220 3475 390 3566 ditabant,
407 3476 497 3550 falsa
515 3477 733 3574 proferentes
750 3488 850 3552 iuras
867 3475 962 3549 solus
980 3475 1140 3551 Micheas
1158 3476 1218 3573 qui
1238 3500 1300 3573 per
1312 3475 1444 3549 verita·

219 3597 290 3663 tem
308 3598 446 3664 teneret
459 3589 630 3665 inventus
647 3600 712 3679 est,
721 3591 845 3664 Helias
858 3610 997 3686 quoque
1011 3597 1088 3686 post
1101 3587 1216 3662 multa
1230 3587 1444 3686 persecutio-

219 3725 301 3774 nem
319 3700 417 3796 regis
434 3709 470 3775 et
488 3702 625 3797 regine,
642 3701 795 3777 DCCCL
813 3699 914 3774 falsis
931 3701 1174 3776 sacerdotibus
1191 3700 1321 3777 occisis
1338 3723 1446 3799 popu-

220 3812 295 3886 lum
313 3812 357 3887 de
373 3835 491 3888 errore
509 3814 751 3904 revocavisse
767 3822 910 3888 tantum
929 3813 1071 3904 meruit,
1085 3824 1126 3889 ut
1143 3839 1255 3890 curru
1268 3813 1377 3911 igneo
1391 3837 1446 3886 ra-

222 3934 375 4021 peretur.

786 4021 882 4106 CLX.

252 4163 413 4217 Iudicium
432 4163 637 4231 quorundam
657 4166 844 4230 graviorum
861 4166 1028 4218 criminum
1047 4167 1138 4220 euius
1159 4165 1417 4221 consideratione

502 4253 631 4306 adverti
649 4253 761 4319 potest
779 4253 934 4308 iudicium
953 4257 1156 4308 caeterorum.

317 4377 368 4450 De
381 4374 439 4449 his
452 4375 514 4474 qui
527 4385 655 4476 praeter
668 4376 918 4450 necessitatem
932 4374 1157 4474 praevaricati
1172 4383 1268 4463 sunt,
1282 4383 1347 4449 aut
1360 4399 1446 4473 prm-

222 4501 278 4564 ter
294 4487 507 4564 oblationem
529 4489 758 4578 facultatum,
774 4498 839 4564 aut
859 4498 986 4586 praeter
1004 4487 1207 4586 periculum
1225 4487 1284 4563 vel
1311 4488 1447 4586 aliquid
