3642 5294
739 411 912 478 ..27-

209 535 303 608 Item
319 533 363 607 de
381 533 582 609 reverentia
600 557 727 630 regum
747 533 959 629 Anglorum.
976 535 1060 631 Cap.
1078 534 1279 610 CXXXIII.

207 649 300 721 Item
330 647 373 721 de
402 657 567 723 reverent
553 651 604 721 tia
635 658 827 743 regumt
791 647 901 721 etiam
931 655 1007 722 eret
992 647 1156 723 t.icorum
1182 649 1266 745 Cap.
1287 649 1433 724 XLVII.

284 761 498 835 CXXXVII
482 765 545 835 Ι.ΙΙ
562 763 666 836 CXL.

211 874 314 961 Quod
330 877 484 971 Imperat
486 899 525 949 or
470 878 742 948 tRomanum
761 878 851 949 Pont
836 875 967 950 tificem
993 898 1119 970 rogare
1137 897 1207 948 non
1232 874 1352 950 iubere
1377 875 1434 950 de·

281 987 372 1061 beat.
348 988 470 1084 t.Cap
488 990 742 1062 LXXXVIIII.

213 1103 265 1175 De
289 1100 455 1286 sanerbia
472 1105 728 1198 Imperatorum
748 1097 930 1175 Anastain
955 1108 991 1173 et
976 1098 1231 1174 tMichahelis.
1250 1099 1334 1198 Cap.
1358 1099 1431 1174 CII.

211 1328 264 1400 De
281 1324 465 1399 Vitaliano
481 1325 621 1414 comite,
638 1325 700 1423 qui
718 1349 828 1401 causa
846 1324 926 1399 fidei
945 1326 1125 1422 pugnavit
1141 1335 1265 1401 contra
1284 1331 1435 1400 Anasta-

282 1435 386 1509 sium.
404 1437 488 1534 Cap.
506 1438 664 1512 CXLIII.

211 1551 264 1622 De
280 1548 479 1623 differentia
498 1550 682 1627 Pontificis
699 1558 735 1625 et
753 1551 874 1646 Regis.
900 1551 984 1649 Cap.
1003 1554 1094 1626 XLI.
1111 1553 1259 1629 XCVII.

210 1662 311 1748 Quod
336 1671 413 1758 post
438 1661 573 1737 Christi
591 1664 787 1738 adventum
812 1689 880 1739 nec
905 1665 1069 1739 Pontifex
1092 1690 1221 1740 nomen
1243 1670 1434 1764 Imperato

282 1773 343 1862 ris,
360 1799 426 1850 nec
443 1779 639 1873 Imperator
655 1777 713 1850 ius
730 1779 916 1853 Pontificis
933 1779 1131 1875 usurpavit.
1150 1781 1236 1876 Cap.
1261 1781 1411 1855 XCVII.

210 1887 312 1974 Quod
333 1889 516 1964 Pontifieis
541 1888 707 1964 electioni
732 1891 791 1965 vel
817 1892 1026 1988 promotioni
1052 1891 1192 1967 laicalis
1217 1901 1371 1988 potestas
1396 1919 1434 1968 se

281 2003 493 2078 interserere
506 2026 576 2076 non
590 2003 701 2078 debet.
715 2005 799 2101 Cep.
817 2007 915 2078 XVI.
929 2003 1131 2078 CXXXVI.
1145 2005 1303 2080 CXLVI.
1316 2004 1354 2077 in
1365 2007 1433 2079 111⁰

282 2115 343 2190 lib.
363 2117 465 2192 CLII.
483 2125 519 2190 et
538 2117 658 2191 CLIII.

213 2231 317 2317 Quod
333 2229 459 2304 electio
476 2229 641 2326 Episcopi
658 2227 718 2304 vel
735 2231 953 2328 Presbyteri,
970 2230 1029 2305 vel
1045 2231 1193 2306 Diaooni
1212 2230 1249 2303 in
1267 2229 1435 2327 principi·

284 2343 353 2417 bus
369 2343 465 2418 facta
482 2343 584 2417 irrita
602 2343 662 2417 sit.
679 2344 763 2440 Cep.
780 2347 843 2418 XI.

211 2459 313 2546 Quod
328 2458 479 2556 populus
496 2457 593 2533 solus
607 2481 676 2532 non
695 2458 798 2533 debet
816 2458 1022 2532 Sacerdotes
1040 2455 1185 2554 eIIgere.
1203 2458 1287 2555 Cap.
1300 2459 1434 2532 XVIII.

283 2572 374 2646 etin
392 2573 424 2646 1⁰
442 2570 501 2645 lib.
520 2571 681 2646 CXCVI.

67 2649 70 2655 .
212 2685 314 2772 Quod
339 2685 490 2783 populus
514 2685 692 2759 docendus
717 2684 765 2758 sit
793 2707 863 2758 non
888 2684 1100 2780 sequendus.
1131 2684 1216 2782 Cap.
1245 2685 1434 2759 XXXVII.

283 2801 508 2873 XXXVIIII.

212 2912 313 2998 Quod
332 2912 495 3010 Episcopi
513 2912 664 2986 Romani
683 2915 774 2986 Pont
775 2909 913 2985 ificis
885 2916 967 2982 sint.
985 2909 1069 3007 Cap.
1086 2911 1160 2984 LX.

210 3025 338 3100 Dahis
355 3027 417 3124 qui
435 3027 625 3102 coniurent
610 3027 814 3100 tadversus
831 3026 922 3097 Pont
923 3022 1030 3097 ifices.
1047 3023 1130 3120 Cap.
1151 3025 1232 3096 XV.

211 3137 313 3226 Quod
330 3139 537 3265 Imperatori
554 3103 751 3214 nonIiceat
768 3138 958 3212 Pontifices
971 3136 1140 3212 iudicare.
1158 3136 1243 3232 Cap.
1256 3137 1436 3210 XLIII.et

283 3250 326 3324 de
342 3251 458 3378 prima
476 3252 568 3326 sede.
586 3254 740 3326 XXXV.

214 3367 306 3438 Item
320 3364 455 3462 quod
423 3390 457 3439 er
471 3389 540 3438 non
558 3365 665 3440 liceat
650 3363 1423 3462 teosasuispelleresedibus.CapXXXIII
1426 3418 1433 3434 .

284 3479 472 3552 XXXIIII.
489 3481 599 3552 XLe
600 3479 793 3552 tCCVIII.
811 3477 847 3552 in
867 3481 899 3552 Ιο
917 3477 976 3552 lib.
994 3480 1219 3553 XXXVIIII.

216 3591 317 3678 Quod
337 3592 498 3666 sacerdot
484 3599 538 3666 tes
554 3591 599 3666 ab
616 3594 772 3688 Imperat
773 3613 831 3665 ore
848 3591 1044 3666 honorandi
1070 3600 1156 3665 sunt
1181 3613 1250 3664 non
1274 3589 1435 3664 iudican-

283 3705 329 3778 di.
347 3705 431 3802 Cap
450 3708 577 3780 LVII.

213 3820 315 3907 Quod
327 3819 550 3894 sacerdotes
540 3845 578 3892 m
588 3843 688 3894 sacro
701 3797 838 3918 eloquio
851 3817 900 3892 dii
913 3829 950 3893 et
961 3840 1036 3914 en
1011 3817 1083 3893 elr
1094 3825 1280 3892 nomman
1282 3841 1334 3890 ur.
1349 3817 1433 3912 Cap.

283 3934 356 4007 eod.

213 4045 313 4132 Quod
328 4070 395 4121 nec
412 4045 522 4141 ligari
539 4071 606 4122 nec
623 4047 714 4121 solvi
732 4054 885 4144 possunt
896 4070 917 4119 a
935 4068 1031 4148 rege.
1050 4047 1137 4143 Cep.
1154 4044 1320 4119 XCVIII.

211 4159 311 4246 Quod
345 4159 466 4234 clerici
500 4184 572 4234 non
605 4172 691 4236 sunt
721 4159 905 4236 iudicandi
932 4185 953 4232 a
980 4159 1161 4236 iudicibus
1190 4157 1323 4233 saeculi.
1348 4157 1434 4254 Cep.

285 4273 458 4347 CXLIIII.
477 4273 544 4347 CL.
641 4275 644 4280 ’

213 4385 263 4458 De
280 4383 444 4460 libertate
461 4386 676 4476 eorumdem,
691 4395 727 4462 et
743 4411 815 4486 qua
831 4411 922 4486 pena
941 4387 1161 4464 mulctentur
1174 4393 1378 4462 crassantes
1395 4383 1432 4456 in

283 4519 350 4572 eos.
368 4497 453 4596 Cap.
470 4498 538 4574 CL.
557 4499 695 4573 CLIIII.
