3654 5302
923 365 1125 432 -384-

413 487 565 564 rationis·
580 487 747 584 regulam
761 487 907 565 omnino
923 488 1037 564 nichil
1054 488 1173 563 saciat.
1191 485 1296 562 Absit
1312 509 1397 562 vero
1414 497 1455 562 ut
1471 485 1639 563 ecclesia
1779 483 1780 496 ’

413 627 497 678 cum
516 613 712 697 augmento
729 603 879 700 recipiat
895 604 987 701 quod
1004 603 1047 678 do
1064 602 1218 678 terrenis
1231 601 1337 676 rebus
1349 589 1493 677 videtur
1505 601 1639 676 admit-

411 727 487 790 tere
504 724 541 790 et
559 717 662 790 incra
680 717 723 790 de
741 717 846 790 vanis
862 742 1020 815 querere.
1040 720 1085 790 Et
1098 715 1203 789 infra.
1216 716 1309 791 Cum
1323 725 1476 811 cognata
1489 737 1635 813 quoque

412 828 554 904 misceri
573 828 792 926 prohibitum
810 839 873 904 est.
891 833 960 904 Pro
985 854 1056 928 qua
1081 854 1119 904 re
1144 829 1256 926 etiam„
1279 821 1454 904 Iohannes
1471 829 1641 926 Baptista

411 941 528 1039 capite
547 950 739 1018 truncatus
763 951 828 1032 est,
853 953 889 1018 et
914 955 1037 1019 sancto
1062 943 1239 1040 martyrio
1262 950 1543 1018 consummatus.
1570 941 1642 1017 Cui

410 1079 482 1129 non
495 1063 550 1130 est
562 1055 698 1130 dietum
716 1064 757 1129 nt
774 1054 961 1131 Christum
975 1065 1137 1152 negaret,
1150 1064 1319 1166 ettamen
1332 1078 1394 1154 pro
1407 1054 1543 1131 Christi
1559 1077 1643 1129 con·

411 1168 564 1244 sessione
576 1169 726 1244 occisus,
740 1169 807 1244 Sed
822 1168 906 1266 quia
919 1168 1012 1243 idem
1027 1169 1200 1244 Dominus
1213 1179 1333 1245 noster
1345 1170 1451 1245 Ihesu
1465 1169 1639 1246 Christus

411 1282 560 1372 dixerat,
578 1305 646 1378 ego
659 1309 739 1357 sum
757 1283 903 1372 veritas,
920 1283 1005 1381 quia
1029 1304 1091 1378 pro
1115 1280 1268 1356 veritate
1293 1281 1469 1358 Iohannes
1493 1280 1641 1358 occisus

414 1405 480 1485 est,
497 1419 560 1494 pro
578 1395 724 1472 Christo
740 1395 956 1491 sanguinem
971 1396 1076 1484 fudit,
1089 1404 1125 1470 et
1137 1395 1242 1469 infra.
1256 1398 1298 1470 In
1311 1395 1376 1469 hoc
1389 1405 1546 1494 tempore
1560 1419 1643 1468 san·

413 1518 472 1583 ota
484 1507 647 1586 aecclesia
663 1509 825 1607 quaedam
838 1533 901 1606 per
918 1509 1093 1584 fervorem
1110 1509 1271 1604 corrigit,
1284 1509 1445 1607 quiedam
1459 1533 1523 1608 per
1537 1533 1640 1582 man-

412 1623 640 1698 suetudinem
658 1623 797 1712 tolerat,
819 1624 980 1722 quaedam
999 1647 1062 1721 per
1086 1622 1403 1698 considerationem
1420 1621 1640 1710 dissimulat,

412 1745 454 1810 ut
479 1760 561 1834 sepe
585 1735 722 1810 malum
752 1737 844 1834 quod
872 1736 1096 1824 adversatur,
1121 1735 1292 1834 portando
1316 1747 1352 1810 et
1376 1734 1639 1810 dissimulando

415 1865 627 1950 compescat.

971 1994 1074 2080 LXV.

507 2191 705 2288 Gregorius
714 2191 914 2270 Theoctiste
923 2193 1082 2291 patriciae
1091 2193 1186 2270 inter
1195 2203 1323 2269 cetera.
1334 2192 1372 2267 Si
1382 2191 1443 2291 qui
1453 2215 1540 2267 vero
1550 2201 1639 2268 sunt

412 2305 473 2403 qui
491 2304 613 2380 dicant
629 2304 714 2402 quia
731 2307 936 2404 compulsus
953 2306 1130 2405 quispiam
1148 2308 1361 2382 necessitate
1380 2307 1410 2380 si
1427 2307 1636 2382 anathema·

410 2417 590 2507 tizaverit,
599 2427 794 2494 autcontra
807 2444 848 2494 ea
857 2444 936 2518 quae
949 2419 1016 2494 sub
1029 2421 1254 2496 anathemate
1267 2419 1443 2519 prohibita
1452 2431 1636 2520 suntprm

410 2532 612 2630 sumpserit,
629 2531 869 2610 anathematis
893 2533 1039 2610 vinculo
1055 2558 1126 2608 non
1143 2542 1298 2623 tenetur,
1322 2531 1409 2630 ipsis
1426 2533 1493 2610 sibi
1521 2543 1636 2610 testes

410 2653 496 2719 sunt
508 2645 592 2742 quia
606 2645 802 2721 Christiani
816 2669 886 2720 non
900 2657 995 2737 sunt,
1008 2648 1091 2746 quia
1104 2647 1301 2743 ligamenta
1314 2656 1448 2722 sanctae
1461 2647 1636 2722 ecclesie

411 2758 515 2831 vanis
532 2783 570 2834 se
586 2758 755 2833 estimant
771 2759 957 2834 conatibus
974 2759 1121 2849 solvere,
1138 2761 1206 2835 hac
1222 2785 1285 2859 per
1309 2759 1376 2835 hoc
1400 2784 1467 2834 neo
1489 2759 1634 2834 ahsolu-

410 2871 541 2945 tionem
556 2880 689 2946 sanetse
702 2872 882 2964 aeeolesioe,
900 2897 1006 2972 quam
1022 2881 1166 2969 praestat
1179 2872 1341 2947 fidelibus
1354 2896 1478 2947 veram
1493 2881 1633 2968 putant,

410 2981 441 3056 si
459 2982 637 3079 ligaturas
654 2983 732 3059 eius
749 2983 870 3060 volere
886 3009 957 3060 non
974 2986 1153 3061 estimant.
1171 2986 1301 3061 Contra
1320 3009 1408 3083 quos
1425 2983 1564 3058 diutius
1581 2983 1632 3058 di·

411 3097 630 3194 sputandum
647 3119 718 3171 non
735 3107 801 3188 est,
819 3099 903 3196 quia
920 3123 982 3196 per
998 3097 1117 3173 omnia
1133 3097 1352 3194 despiciendi
1369 3121 1412 3172 ac
1430 3096 1636 3171 anathema·

410 3208 546 3283 tizandi
564 3217 658 3284 sunt.
676 3212 723 3284 Et
736 3209 880 3286 undose
893 3209 1016 3286 fallere
1030 3211 1218 3286 veritatem
1231 3210 1393 3298 credunt,
1406 3208 1488 3284 inde
1501 3207 1540 3282 in
1554 3233 1634 3307 peo-

409 3321 501 3398 oatis
517 3320 593 3396 suis
610 3321 786 3398 veraciter
803 3321 976 3418 ligantur.
1001 3322 1039 3396 Si
1061 3321 1143 3422 quis
1167 3321 1283 3419 igitur
1308 3320 1370 3420 qui
1395 3319 1463 3395 sub
1488 3322 1634 3396 nomine

409 3433 604 3508 christiano
620 3432 687 3508 hoc
703 3443 768 3508 aut
785 3435 978 3532 predicare
994 3435 1159 3525 audeant,
1175 3444 1239 3509 aut
1255 3433 1358 3510 taciti
1380 3433 1474 3531 apud
1499 3433 1634 3532 seipsos

409 3556 530 3622 tenere
547 3545 777 3644 proculdubio
793 3546 858 3621 hos
874 3547 1232 3636 anathematizamus,
1249 3555 1285 3620 et
1297 3568 1376 3640 ego,
1389 3555 1425 3620 et
1437 3567 1561 3619 omnes
1573 3570 1630 3620 ea·

409 3657 534 3734 tholici
551 3658 705 3757 episcopi
721 3684 765 3735 ac
790 3661 961 3736 universa
980 3658 1143 3736 ecclesia
1160 3658 1245 3757 quia
1267 3657 1422 3732 veritate
1447 3659 1628 3732 contraria

411 3771 575 3846 sentiunt
591 3781 627 3848 et
643 3771 797 3848 veritate
813 3772 993 3848 contraria
1010 3773 1187 3848 locuntur.

961 3937 1083 4021 LXVI.

504 4109 703 4206 Gregorius
716 4109 927 4186 Theootistae
940 4105 1106 4182 Patriciae
1119 4107 1213 4184 inter
1226 4109 1630 4206 cetera.Suntquaedam

407 4224 575 4298 seandala
600 4247 680 4322 quae
704 4222 848 4297 omnino
871 4221 1096 4320 despicienda
1123 4230 1218 4297 sunt.
1241 4221 1411 4310 Quaedam
1437 4245 1522 4297 vero
1547 4247 1631 4298 cum

407 4336 518 4410 vitari
535 4336 613 4412 sine
630 4335 736 4436 culpa
753 4359 823 4410 non
841 4335 977 4433 possint
993 4333 1219 4434 despicienda
1235 4359 1304 4410 non
1323 4347 1419 4426 sunt,
1436 4360 1503 4412 nee
1526 4337 1633 4433 eulpa

407 4459 607 4528 serventur.
624 4450 723 4538 Quod
741 4451 779 4523 in
800 4473 901 4525 sacro
926 4449 1127 4544 Evangelio
1153 4447 1357 4546 predicante
1382 4448 1632 4546 cognovimus,
