3654 5302
930 413 972 431 -
996 381 1061 444 aro
1086 415 1127 431 -

964 553 1099 646 Lxxr.

510 732 718 831 Gregorius.
734 736 882 810 InXIII
899 734 1100 810 moralium.
1116 738 1252 831 Magna
1273 742 1350 809 arte
1374 733 1642 834 praedicationis

414 847 597 945 agendum
610 855 719 922 estut
731 847 794 945 qui
807 871 853 922 cx
865 857 988 946 aperta
1001 848 1220 946 correptione
1233 848 1424 924 deteriores
1439 848 1541 932 fiunt,
1556 871 1643 945 quo

415 961 498 1036 dam
514 969 792 1058 temperamento
809 961 1040 1059 correptionis
1052 963 1098 1036 ad
1110 961 1264 1037 salutem
1279 962 1434 1038 redeant.
1448 962 1553 1037 Sicut
1566 963 1640 1036 ino

414 1083 517 1151 nesta
534 1073 693 1151 membra
704 1073 742 1146 in
755 1096 909 1172 corpore,
923 1074 974 1150 ita
987 1084 1029 1150 ut
1042 1074 1187 1173 qnidam
1201 1075 1338 1149 suntin
1352 1073 1502 1151 ecclesia
1517 1086 1642 1173 poten·

416 1196 471 1263 tes
487 1195 523 1263 et
538 1187 706 1284 protervi,
719 1185 780 1284 qui
798 1187 884 1260 dum
898 1196 1022 1286 aperta
1039 1187 1305 1288 proinvectione
1323 1187 1425 1263 feriri
1443 1198 1642 1286 nequeunt,

416 1301 518 1400 quasi
536 1301 703 1377 honorem
721 1301 894 1399 tegminis
912 1301 1088 1398 velantur.
1106 1301 1175 1376 Sed
1190 1302 1257 1377 hoc
1274 1301 1317 1377 de
1342 1302 1494 1378 occultis
1518 1312 1643 1400 poten·
1776 1299 1777 1358 I

417 1425 496 1490 tum
513 1413 654 1490 delictis
670 1414 860 1514 loquimur.
878 1418 971 1490 Nam
990 1439 1059 1514 quo
1076 1423 1112 1490 et
1128 1415 1211 1490 aliis
1236 1417 1536 1513 cognoscentibus
1561 1442 1642 1515 pec·

365 1553 369 1561 ·
417 1537 513 1618 cant,
529 1528 610 1602 aliis
627 1529 736 1604 etiam
754 1529 1053 1626 cognoscentibus
1070 1527 1277 1628 increpandi
1292 1539 1388 1618 sunt,
1406 1529 1497 1604 nesi
1515 1531 1642 1628 praedi·

280 1643 281 1648 ’
418 1653 518 1719 cator
538 1651 656 1719 taceat
672 1644 815 1742 culpam
832 1643 1043 1742 approbasse
1061 1641 1236 1732 videatur,
1256 1651 1363 1740 atque
1389 1641 1450 1754 hic
1475 1667 1642 1718 crescens

418 1755 458 1828 in
474 1755 676 1853 exemplum
694 1757 827 1846 veniat,
844 1780 951 1854 quam
969 1757 1121 1855 pastoris
1138 1757 1266 1854 lingua
1283 1780 1354 1832 non
1367 1766 1474 1833 secat.

809 2045 818 2054 .
936 1949 1076 2069 nixu.

517 2201 715 2297 Gregorius
732 2201 771 2275 in
783 2205 909 2277 XVIII
926 2202 1115 2278 moralium
1133 2203 1232 2278 libro.
1246 2189 1439 2280 Sciendum
1453 2213 1508 2278 est
1521 2227 1643 2301 pecca-

420 2326 537 2392 torum
552 2315 725 2406 remissio,
732 2315 805 2407 ubi,
814 2317 872 2392 vel
886 2317 1025 2416 quando
1039 2315 1098 2391 vel
1111 2315 1278 2413 qualibus
1292 2316 1404 2391 detur.
1417 2315 1487 2390 Ubi
1500 2316 1642 2414 quippe,

419 2429 491 2504 nisi
501 2429 539 2502 in
552 2429 736 2505 catholicae
746 2431 872 2506 matris
885 2430 1082 2518 sinu‘IQuo
1095 2430 1164 2504 nisi
1174 2440 1258 2506 ante
1268 2431 1382 2506 veteri
1395 2431 1643 2507 exitusdiem‘?

421 2543 515 2631 Quia
533 2567 616 2619 ecce
633 2561 732 2620 nunc
748 2553 890 2642 tempus
907 2542 1125 2643 acceptabile
1143 2568 1226 2619 ecce
1243 2569 1342 2619 nunc
1359 2544 1433 2619 dies
1450 2544 1590 2619 salutis.
1614 2547 1644 2617 I·

421 2657 502 2731 dem
520 2655 557 2728 in
575 2656 706 2731 eodem.
724 2655 893 2743 Qualibet
909 2657 1015 2732 datur
1032 2665 1257 2754 peccatorum
1283 2657 1445 2732 remissio
1468 2657 1538 2731 nisi
1564 2681 1644 2731 con·

421 2769 563 2846 versis?
580 2769 641 2868 qui
658 2769 704 2844 ad
721 2771 952 2868 parvulorum
974 2770 1211 2846 imitationem
1237 2771 1413 2868 magistra
1437 2771 1642 2846 bumilitate

422 2883 633 2973 formantur,
650 2881 780 2980 quibus
797 2883 940 2972 dicitur,
958 2884 1028 2957 uisi
1046 2885 1209 2960 conversi
1228 2885 1370 2960 fueritis
1383 2895 1419 2961 et
1435 2884 1642 2960 efficiamini

426 2995 522 3072 sicut
539 2997 709 3094 parvuli?
726 3007 763 3072 et
779 3007 907 3073 cetera.
924 3001 971 3072 Et
987 2998 1095 3075 sinite
1113 2999 1281 3098 parvulos
1297 2999 1421 3075 venire
1437 3001 1482 3074 ad
1500 3003 1583 3074 me?
1607 3008 1643 3074 et

424 3121 551 3188 cetera.
560 3111 658 3187 Idem
672 3113 710 3186 in
723 3115 841 3188 XXII.
853 3116 947 3188 Nam
961 3113 1046 3211 quia
1059 3114 1234 3213 scriptum
1248 3124 1312 3189 cst.
1322 3116 1444 3190 Iustus
1458 3113 1496 3186 in
1510 3113 1641 3212 princi-

424 3226 482 3326 pio
498 3235 685 3302 accusator
701 3237 756 3302 est
779 3227 846 3318 sui,
864 3251 934 3302 nou
953 3227 1070 3322 magis
1087 3237 1325 3325 peccatorum,
1346 3227 1378 3301 si
1395 3227 1513 3302 iustus
1526 3223 1642 3300 'videri

424 3340 570 3438 appetii,
587 3365 671 3416 cum
689 3351 909 3439 peccatorem
928 3365 965 3416 se
979 3341 1130 3439 quisque
1144 3339 1242 3414 nullo
1256 3349 1432 3436 arguente
1445 3340 1644 3426 confitetur,
1776 3373 1777 3438 q

425 3455 494 3547 Sed
510 3455 743 3531 consessionis
754 3456 943 3531 veritatem
958 3455 1092 3556 probat,
1106 3477 1190 3529 cum
1203 3453 1295 3528 alter·
1308 3452 1443 3527 malum
1457 3454 1550 3551 quod
1562 3452 1644 3529 feci·

425 3593 507 3642 mus
524 3567 694 3666 increpat.
712 3569 812 3655 Quod
829 3569 859 3642 si
877 3569 1028 3666 superbe
1044 3567 1280 3658 defendimus,
1297 3567 1409 3665 liquet
1426 3569 1511 3665 quia
1524 3591 1645 3666 pecca·

425 3689 529 3772 tores,
545 3704 610 3755 nos
626 3705 671 3756 ex
686 3680 787 3756 nobis
804 3681 886 3757 ficte
910 3681 1125 3757 dicebamus.
1142 3680 1244 3757 Unde
1268 3697 1493 3780 summopere
1518 3705 1644 3755 ceven-

427 3795 513 3870 dum
526 3801 591 3885 est,
603 3803 645 3869 ut
661 3793 755 3868 mala
772 3819 852 3894 quae
868 3793 1020 3870 fecimus
1037 3803 1074 3869 et
1091 3803 1213 3891 sponte
1230 3793 1408 3868 fateamur
1430 3802 1466 3868 et
1481 3793 1549 3870 hoc
1565 3793 1643 3866 aliis

420 3907 663 4004 arguentibus
671 3926 742 3982 non
750 3931 936 4005 negemus.
950 3907 1132 4006 Superbiae
1145 3906 1275 4006 quippe
1288 3906 1419 3982 vitium
1429 3916 1494 3997 est,
1503 3917 1545 3981 ut
1554 3905 1645 4006 quod

427 4021 470 4096 de
487 4045 524 4097 se
541 4020 690 4118 quisque
707 4020 812 4095 fateri
829 4019 932 4118 quasi
946 4043 1012 4094 sua
1025 4031 1148 4119 sponte
1160 4021 1344 4116 dignatur,
1356 4021 1423 4097 hoc
1436 4021 1504 4096 sibi
1517 4021 1589 4096 dici
1602 4021 1644 4096 ab

427 4133 509 4208 aliis
529 4134 754 4230 dedignetur.
772 4137 818 4208 Et
834 4135 939 4212 infra.
957 4137 1026 4210 Per
1050 4135 1272 4210 infirmitatis
1297 4135 1550 4210 verecundiam
1576 4134 1645 4232 ple-

428 4273 580 4348 rumque
604 4249 784 4346 gravioris
808 4257 863 4324 est
887 4249 1094 4323 certaminis
1119 4249 1307 4324 commissa
1332 4257 1477 4346 peccate
1501 4248 1645 4346 prodere

428 4389 534 4463 quam
552 4387 623 4439 non
641 4363 797 4438 admissa
814 4363 940 4438 vitare.
957 4367 1004 4437 Et
1021 4365 1299 4463 unumquodque
1326 4363 1460 4437 malum
1477 4363 1645 4459 quamvis

430 4476 608 4554 robustius
625 4477 771 4571 vitetur,
787 4485 876 4554 tuuc
892 4475 1068 4554 humilius
1085 4477 1256 4578 proditur.
1273 4479 1363 4555 Item
1382 4477 1419 4551 in
1437 4477 1591 4552 XXIIII.
1609 4471 1645 4550 si
