<?xml version="1.0" encoding="UTF-8"?>
<!DOCTYPE html PUBLIC "-//W3C//DTD XHTML 1.0 Transitional//EN"
    "http://www.w3.org/TR/xhtml1/DTD/xhtml1-transitional.dtd">
<html xmlns="http://www.w3.org/1999/xhtml" xml:lang="en" lang="en">
 <head>
  <title>
</title>
<meta http-equiv="Content-Type" content="text/html;charset=utf-8" />
  <meta name='ocr-system' content='tesseract 3.04.00' />
  <meta name='ocr-capabilities' content='ocr_page ocr_carea ocr_par ocr_line ocrx_word'/>
</head>
<body>
  <div class='ocr_page' id='page_1' title='image "./deusdeditpresby00martgoog_0297.png"; bbox 0 0 3618 5316; ppageno 0'>
   <div class='ocr_carea' id='block_1_1' title="bbox 906 417 1102 485">
    <p class='ocr_par' dir='ltr' id='par_1_1' title="bbox 906 417 1102 485">
     <span class='ocr_line' id='line_1_1' title="bbox 906 417 1102 485; baseline 0.005 -2"><span class='ocrx_word' id='word_1_1' title='bbox 906 417 1102 485; x_wconf 69' lang='lat'><em>-2&#39;12—</em></span> 
     </span>
    </p>
   </div>
   <div class='ocr_carea' id='block_1_2' title="bbox 383 538 1613 1320">
    <p class='ocr_par' dir='ltr' id='par_1_2' title="bbox 383 538 1613 1320">
     <span class='ocr_line' id='line_1_2' title="bbox 391 538 1613 638; baseline 0 -26"><span class='ocrx_word' id='word_1_2' title='bbox 391 563 465 613; x_wconf 91' lang='lat' dir='ltr'>rem</span> <span class='ocrx_word' id='word_1_3' title='bbox 486 563 625 638; x_wconf 80' lang='lat' dir='ltr'>semper</span> <span class='ocrx_word' id='word_1_4' title='bbox 642 546 726 615; x_wconf 91' lang='lat' dir='ltr'>ante</span> <span class='ocrx_word' id='word_1_5' title='bbox 742 539 864 614; x_wconf 89' lang='lat' dir='ltr'>oculos</span> <span class='ocrx_word' id='word_1_6' title='bbox 880 538 1022 628; x_wconf 84' lang='lat' dir='ltr'>habere,</span> <span class='ocrx_word' id='word_1_7' title='bbox 1039 547 1146 637; x_wconf 90' lang='lat' dir='ltr'>atque</span> <span class='ocrx_word' id='word_1_8' title='bbox 1163 538 1212 614; x_wconf 87' lang='lat' dir='ltr'>ita</span> <span class='ocrx_word' id='word_1_9' title='bbox 1238 561 1359 634; x_wconf 83' lang='lat' dir='ltr'>agere,</span> <span class='ocrx_word' id='word_1_10' title='bbox 1377 546 1418 612; x_wconf 91' lang='lat' dir='ltr'>ut</span> <span class='ocrx_word' id='word_1_11' title='bbox 1435 560 1551 636; x_wconf 89' lang='lat' dir='ltr'>neque</span> <span class='ocrx_word' id='word_1_12' title='bbox 1567 539 1613 612; x_wconf 90' lang='lat' dir='ltr'>ab</span> 
     </span>
     <span class='ocr_line' id='line_1_3' title="bbox 385 651 1611 751; baseline 0.001 -25"><span class='ocrx_word' id='word_1_13' title='bbox 385 651 563 728; x_wconf 90' lang='lat' dir='ltr'>ominibus</span> <span class='ocrx_word' id='word_1_14' title='bbox 580 653 619 726; x_wconf 92' lang='lat' dir='ltr'>in</span> <span class='ocrx_word' id='word_1_15' title='bbox 636 653 804 750; x_wconf 77' lang='lat' dir='ltr'>praesenti</span> <span class='ocrx_word' id='word_1_16' title='bbox 822 653 1041 751; x_wconf 67' lang='lat' dir='ltr'>vitansque</span> <span class='ocrx_word' id='word_1_17' title='bbox 1059 653 1103 728; x_wconf 89' lang='lat' dir='ltr'>ab</span> <span class='ocrx_word' id='word_1_18' title='bbox 1127 652 1366 750; x_wconf 80' lang='lat' dir='ltr'>omnipotente</span> <span class='ocrx_word' id='word_1_19' title='bbox 1392 653 1465 726; x_wconf 91' lang='lat' dir='ltr'>Deo</span> <span class='ocrx_word' id='word_1_20' title='bbox 1489 651 1611 727; x_wconf 82' lang='lat' dir='ltr'>valeas</span> 
     </span>
     <span class='ocr_line' id='line_1_4' title="bbox 384 764 1611 864; baseline 0 -26"><span class='ocrx_word' id='word_1_21' title='bbox 384 764 423 838; x_wconf 94' lang='lat' dir='ltr'>in</span> <span class='ocrx_word' id='word_1_22' title='bbox 441 774 599 841; x_wconf 87' lang='lat' dir='ltr'>extremo</span> <span class='ocrx_word' id='word_1_23' title='bbox 616 765 748 842; x_wconf 86' lang='lat' dir='ltr'>iudicio</span> <span class='ocrx_word' id='word_1_24' title='bbox 767 765 986 864; x_wconf 85' lang='lat' dir='ltr'>reprehendi.</span> <span class='ocrx_word' id='word_1_25' title='bbox 1004 771 1051 840; x_wconf 87' lang='lat' dir='ltr'>Et</span> <span class='ocrx_word' id='word_1_26' title='bbox 1067 765 1173 840; x_wconf 88' lang='lat' dir='ltr'>infra.</span> <span class='ocrx_word' id='word_1_27' title='bbox 1190 769 1244 839; x_wconf 90' lang='lat' dir='ltr'>lta</span> <span class='ocrx_word' id='word_1_28' title='bbox 1262 787 1330 862; x_wconf 89' lang='lat' dir='ltr'>ego</span> <span class='ocrx_word' id='word_1_29' title='bbox 1346 787 1426 860; x_wconf 78' lang='lat' dir='ltr'>ago,</span> <span class='ocrx_word' id='word_1_30' title='bbox 1444 773 1486 838; x_wconf 91' lang='lat' dir='ltr'>ut</span> <span class='ocrx_word' id='word_1_31' title='bbox 1503 764 1541 838; x_wconf 90' lang='lat' dir='ltr'>in</span> <span class='ocrx_word' id='word_1_32' title='bbox 1554 765 1611 840; x_wconf 90' lang='lat' dir='ltr'>die</span> 
     </span>
     <span class='ocr_line' id='line_1_5' title="bbox 385 865 1611 979; baseline 0 -27"><span class='ocrx_word' id='word_1_33' title='bbox 385 865 566 955; x_wconf 78' lang='lat' dir='ltr'>iudicii&#39;de</span> <span class='ocrx_word' id='word_1_34' title='bbox 580 881 701 955; x_wconf 89' lang='lat' dir='ltr'>eadem</span> <span class='ocrx_word' id='word_1_35' title='bbox 716 904 825 956; x_wconf 87' lang='lat' dir='ltr'>eausa</span> <span class='ocrx_word' id='word_1_36' title='bbox 839 905 918 978; x_wconf 85' lang='lat' dir='ltr'>quae</span> <span class='ocrx_word' id='word_1_37' title='bbox 928 877 1611 979; x_wconf 75' lang='lat' dir='ltr'>experientiaetuaecemmissaest‚mihi</span> 
     </span>
     <span class='ocr_line' id='line_1_6' title="bbox 384 993 1610 1093; baseline 0 -25"><span class='ocrx_word' id='word_1_38' title='bbox 384 995 544 1069; x_wconf 86' lang='lat' dir='ltr'>fructum</span> <span class='ocrx_word' id='word_1_39' title='bbox 564 1019 670 1093; x_wconf 90' lang='lat' dir='ltr'>quem</span> <span class='ocrx_word' id='word_1_40' title='bbox 687 996 817 1071; x_wconf 89' lang='lat' dir='ltr'>feceris</span> <span class='ocrx_word' id='word_1_41' title='bbox 834 995 1009 1069; x_wconf 84' lang='lat' dir='ltr'>ostendas.</span> <span class='ocrx_word' id='word_1_42' title='bbox 1035 993 1133 1080; x_wconf 84' lang='lat' dir='ltr'>Quod</span> <span class='ocrx_word' id='word_1_43' title='bbox 1159 994 1189 1067; x_wconf 92' lang='lat' dir='ltr'>si</span> <span class='ocrx_word' id='word_1_44' title='bbox 1218 1017 1306 1091; x_wconf 86' lang='lat' dir='ltr'>pure</span> <span class='ocrx_word' id='word_1_45' title='bbox 1331 1001 1367 1068; x_wconf 91' lang='lat' dir='ltr'>et</span> <span class='ocrx_word' id='word_1_46' title='bbox 1393 993 1542 1067; x_wconf 87' lang='lat' dir='ltr'>fideliter</span> <span class='ocrx_word' id='word_1_47' title='bbox 1565 1017 1610 1068; x_wconf 86' lang='lat' dir='ltr'>ac</span> 
     </span>
     <span class='ocr_line' id='line_1_7' title="bbox 383 1105 1610 1204; baseline -0.001 -24"><span class='ocrx_word' id='word_1_48' title='bbox 383 1115 530 1183; x_wconf 90' lang='lat' dir='ltr'>strenue</span> <span class='ocrx_word' id='word_1_49' title='bbox 547 1107 679 1204; x_wconf 80' lang='lat' dir='ltr'>egeris,</span> <span class='ocrx_word' id='word_1_50' title='bbox 696 1118 732 1184; x_wconf 85' lang='lat' dir='ltr'>et</span> <span class='ocrx_word' id='word_1_51' title='bbox 749 1107 808 1183; x_wconf 88' lang='lat' dir='ltr'>bic</span> <span class='ocrx_word' id='word_1_52' title='bbox 826 1107 917 1181; x_wconf 89' lang='lat' dir='ltr'>illud</span> <span class='ocrx_word' id='word_1_53' title='bbox 934 1107 971 1179; x_wconf 92' lang='lat' dir='ltr'>in</span> <span class='ocrx_word' id='word_1_54' title='bbox 989 1106 1074 1180; x_wconf 89' lang='lat' dir='ltr'>filiis</span> <span class='ocrx_word' id='word_1_55' title='bbox 1090 1106 1163 1181; x_wconf 89' lang='lat' dir='ltr'>tuis</span> <span class='ocrx_word' id='word_1_56' title='bbox 1177 1105 1375 1204; x_wconf 86' lang='lat' dir='ltr'>recipisset</span> <span class='ocrx_word' id='word_1_57' title='bbox 1388 1106 1610 1204; x_wconf 87' lang='lat' dir='ltr'>postmodum</span> 
     </span>
     <span class='ocr_line' id='line_1_8' title="bbox 385 1218 1590 1320; baseline -0.002 -26"><span class='ocrx_word' id='word_1_58' title='bbox 385 1220 657 1298; x_wconf 87' lang='lat' dir='ltr'>retributionem</span> <span class='ocrx_word' id='word_1_59' title='bbox 676 1222 873 1320; x_wconf 83' lang='lat' dir='ltr'>plenariam</span> <span class='ocrx_word' id='word_1_60' title='bbox 891 1223 928 1294; x_wconf 90' lang='lat' dir='ltr'>in</span> <span class='ocrx_word' id='word_1_61' title='bbox 952 1220 1075 1297; x_wconf 88' lang='lat' dir='ltr'>aeterni</span> <span class='ocrx_word' id='word_1_62' title='bbox 1101 1219 1231 1294; x_wconf 88' lang='lat' dir='ltr'>iudicis</span> <span class='ocrx_word' id='word_1_63' title='bbox 1247 1218 1411 1294; x_wconf 84' lang='lat' dir='ltr'>examine</span> <span class='ocrx_word' id='word_1_64' title='bbox 1435 1219 1590 1294; x_wconf 90' lang='lat' dir='ltr'>babebis.</span> 
     </span>
    </p>
   </div>
   <div class='ocr_carea' id='block_1_3' title="bbox 928 1388 1064 1474">
    <p class='ocr_par' dir='ltr' id='par_1_3' title="bbox 928 1388 1064 1474">
     <span class='ocr_line' id='line_1_9' title="bbox 928 1388 1064 1474; baseline -0.007 -2"><span class='ocrx_word' id='word_1_65' title='bbox 928 1388 1064 1474; x_wconf 86' lang='lat' dir='ltr'>LXXV.</span> 
     </span>
    </p>
   </div>
   <div class='ocr_carea' id='block_1_4' title="bbox 384 1569 1610 2013">
    <p class='ocr_par' dir='ltr' id='par_1_4' title="bbox 384 1569 1610 2013">
     <span class='ocr_line' id='line_1_10' title="bbox 482 1569 1610 1668; baseline -0.005 -23"><span class='ocrx_word' id='word_1_66' title='bbox 482 1572 681 1668; x_wconf 84' lang='lat' dir='ltr'>Gregorius</span> <span class='ocrx_word' id='word_1_67' title='bbox 698 1571 848 1646; x_wconf 90' lang='lat' dir='ltr'>Iohanni</span> <span class='ocrx_word' id='word_1_68' title='bbox 874 1569 1127 1646; x_wconf 79' lang='lat' dir='ltr'>Panormitano</span> <span class='ocrx_word' id='word_1_69' title='bbox 1152 1569 1323 1668; x_wconf 88' lang='lat' dir='ltr'>episeopo.</span> <span class='ocrx_word' id='word_1_70' title='bbox 1348 1571 1448 1642; x_wconf 90' lang='lat' dir='ltr'>Inter</span> <span class='ocrx_word' id='word_1_71' title='bbox 1473 1577 1610 1643; x_wconf 74' lang='lat' dir='ltr'>catera.</span> 
     </span>
     <span class='ocr_line' id='line_1_11' title="bbox 384 1681 1610 1762; baseline -0.001 -6"><span class='ocrx_word' id='word_1_72' title='bbox 384 1683 617 1758; x_wconf 87' lang='lat' dir='ltr'>Tabularium</span> <span class='ocrx_word' id='word_1_73' title='bbox 635 1696 754 1761; x_wconf 89' lang='lat' dir='ltr'>autem</span> <span class='ocrx_word' id='word_1_74' title='bbox 773 1711 947 1762; x_wconf 90' lang='lat' dir='ltr'>unacum</span> <span class='ocrx_word' id='word_1_75' title='bbox 966 1708 1142 1761; x_wconf 87' lang='lat' dir='ltr'>consensu</span> <span class='ocrx_word' id='word_1_76' title='bbox 1161 1683 1341 1758; x_wconf 86' lang='lat' dir='ltr'>seniorum</span> <span class='ocrx_word' id='word_1_77' title='bbox 1368 1691 1404 1756; x_wconf 90' lang='lat' dir='ltr'>et</span> <span class='ocrx_word' id='word_1_78' title='bbox 1429 1681 1517 1755; x_wconf 89' lang='lat' dir='ltr'>cleri</span> <span class='ocrx_word' id='word_1_79' title='bbox 1539 1706 1610 1755; x_wconf 80' lang='lat' dir='ltr'>me</span> 
     </span>
     <span class='ocr_line' id='line_1_12' title="bbox 384 1796 1609 1898; baseline 0 -28"><span class='ocrx_word' id='word_1_80' title='bbox 384 1797 533 1873; x_wconf 89' lang='lat' dir='ltr'>mineris</span> <span class='ocrx_word' id='word_1_81' title='bbox 549 1798 797 1889; x_wconf 85' lang='lat' dir='ltr'>ordinandum,</span> <span class='ocrx_word' id='word_1_82' title='bbox 814 1801 875 1898; x_wconf 93' lang='lat' dir='ltr'>qui</span> <span class='ocrx_word' id='word_1_83' title='bbox 890 1799 994 1873; x_wconf 89' lang='lat' dir='ltr'>annis</span> <span class='ocrx_word' id='word_1_84' title='bbox 1009 1797 1166 1893; x_wconf 90' lang='lat' dir='ltr'>singulis</span> <span class='ocrx_word' id='word_1_85' title='bbox 1180 1799 1223 1871; x_wconf 92' lang='lat' dir='ltr'>ad</span> <span class='ocrx_word' id='word_1_86' title='bbox 1237 1797 1496 1895; x_wconf 91' lang='lat' dir='ltr'>amputandum</span> <span class='ocrx_word' id='word_1_87' title='bbox 1515 1796 1609 1870; x_wconf 88' lang='lat' dir='ltr'>frau-</span> 
     </span>
     <span class='ocr_line' id='line_1_13' title="bbox 384 1909 1549 2013; baseline -0.001 -28"><span class='ocrx_word' id='word_1_88' title='bbox 384 1909 439 1986; x_wconf 89' lang='lat' dir='ltr'>dis</span> <span class='ocrx_word' id='word_1_89' title='bbox 457 1912 694 2013; x_wconf 88' lang='lat' dir='ltr'>suspicionem</span> <span class='ocrx_word' id='word_1_90' title='bbox 712 1911 933 1988; x_wconf 78' lang='lat' dir='ltr'>sollemniter</span> <span class='ocrx_word' id='word_1_91' title='bbox 951 1938 1035 1986; x_wconf 89' lang='lat' dir='ltr'>suas</span> <span class='ocrx_word' id='word_1_92' title='bbox 1052 1911 1177 1987; x_wconf 86' lang='lat' dir='ltr'>debeat</span> <span class='ocrx_word' id='word_1_93' title='bbox 1195 1911 1350 1986; x_wconf 89' lang='lat' dir='ltr'>rationes</span> <span class='ocrx_word' id='word_1_94' title='bbox 1367 1934 1549 2008; x_wconf 82' lang='lat' dir='ltr'>exponere.</span> 
     </span>
    </p>
   </div>
   <div class='ocr_carea' id='block_1_5' title="bbox 922 2087 1075 2172">
    <p class='ocr_par' dir='ltr' id='par_1_5' title="bbox 922 2087 1075 2172">
     <span class='ocr_line' id='line_1_14' title="bbox 922 2087 1075 2172; baseline 0 -1"><span class='ocrx_word' id='word_1_95' title='bbox 922 2087 1075 2172; x_wconf 85' lang='lat' dir='ltr'>LXXVI.</span> 
     </span>
    </p>
   </div>
   <div class='ocr_carea' id='block_1_6' title="bbox 382 2259 1609 2929">
    <p class='ocr_par' dir='ltr' id='par_1_6' title="bbox 382 2259 1609 2929">
     <span class='ocr_line' id='line_1_15' title="bbox 479 2259 1607 2355; baseline -0.001 -21"><span class='ocrx_word' id='word_1_96' title='bbox 479 2260 678 2355; x_wconf 80' lang='lat' dir='ltr'>Gregorius</span> <span class='ocrx_word' id='word_1_97' title='bbox 692 2264 798 2336; x_wconf 91' lang='lat' dir='ltr'>Petro</span> <span class='ocrx_word' id='word_1_98' title='bbox 811 2260 1034 2336; x_wconf 90' lang='lat' dir='ltr'>subdiacono.</span> <span class='ocrx_word' id='word_1_99' title='bbox 1047 2263 1146 2335; x_wconf 90' lang='lat' dir='ltr'>Inter</span> <span class='ocrx_word' id='word_1_100' title='bbox 1160 2269 1298 2335; x_wconf 76' lang='lat' dir='ltr'>caetera.</span> <span class='ocrx_word' id='word_1_101' title='bbox 1312 2259 1491 2334; x_wconf 87' lang='lat' dir='ltr'>Volumus</span> <span class='ocrx_word' id='word_1_102' title='bbox 1510 2283 1607 2334; x_wconf 88' lang='lat' dir='ltr'>seeu-</span> 
     </span>
     <span class='ocr_line' id='line_1_16' title="bbox 384 2373 1609 2474; baseline 0 -29"><span class='ocrx_word' id='word_1_103' title='bbox 384 2373 502 2447; x_wconf 89' lang='lat' dir='ltr'>ritatis</span> <span class='ocrx_word' id='word_1_104' title='bbox 519 2373 656 2449; x_wconf 92' lang='lat' dir='ltr'>libellos</span> <span class='ocrx_word' id='word_1_105' title='bbox 673 2375 724 2449; x_wconf 90' lang='lat' dir='ltr'>ita</span> <span class='ocrx_word' id='word_1_106' title='bbox 737 2375 779 2450; x_wconf 90' lang='lat' dir='ltr'>de</span> <span class='ocrx_word' id='word_1_107' title='bbox 794 2375 1023 2472; x_wconf 87' lang='lat' dir='ltr'>pensionibus</span> <span class='ocrx_word' id='word_1_108' title='bbox 1037 2374 1159 2463; x_wconf 82' lang='lat' dir='ltr'>facias,</span> <span class='ocrx_word' id='word_1_109' title='bbox 1173 2374 1345 2472; x_wconf 86' lang='lat' dir='ltr'>quatinus</span> <span class='ocrx_word' id='word_1_110' title='bbox 1358 2374 1543 2474; x_wconf 88' lang='lat' dir='ltr'>imprimas</span> <span class='ocrx_word' id='word_1_111' title='bbox 1559 2373 1609 2446; x_wconf 92' lang='lat' dir='ltr'>di-</span> 
     </span>
     <span class='ocr_line' id='line_1_17' title="bbox 382 2485 1607 2587; baseline -0.003 -25"><span class='ocrx_word' id='word_1_112' title='bbox 382 2511 478 2572; x_wconf 77' lang='lat' dir='ltr'>cens,</span> <span class='ocrx_word' id='word_1_113' title='bbox 491 2497 628 2562; x_wconf 89' lang='lat' dir='ltr'>tantam</span> <span class='ocrx_word' id='word_1_114' title='bbox 643 2489 846 2586; x_wconf 86' lang='lat' dir='ltr'>pensionem</span> <span class='ocrx_word' id='word_1_115' title='bbox 861 2512 1153 2587; x_wconf 88' lang='lat' dir='ltr'>unumquemque</span> <span class='ocrx_word' id='word_1_116' title='bbox 1167 2487 1366 2585; x_wconf 91' lang='lat' dir='ltr'>persolvere</span> <span class='ocrx_word' id='word_1_117' title='bbox 1380 2485 1507 2562; x_wconf 91' lang='lat' dir='ltr'>debere</span> <span class='ocrx_word' id='word_1_118' title='bbox 1520 2485 1607 2560; x_wconf 91' lang='lat' dir='ltr'>inibi</span> 
     </span>
     <span class='ocr_line' id='line_1_18' title="bbox 382 2600 1608 2700; baseline 0.002 -28"><span class='ocrx_word' id='word_1_119' title='bbox 382 2600 531 2676; x_wconf 87' lang='lat' dir='ltr'>adiectis</span> <span class='ocrx_word' id='word_1_120' title='bbox 548 2601 688 2700; x_wconf 87' lang='lat' dir='ltr'>siliquis</span> <span class='ocrx_word' id='word_1_121' title='bbox 705 2601 896 2676; x_wconf 89' lang='lat' dir='ltr'>honoribus</span> <span class='ocrx_word' id='word_1_122' title='bbox 922 2602 981 2676; x_wconf 86' lang='lat' dir='ltr'>vel</span> <span class='ocrx_word' id='word_1_123' title='bbox 1006 2602 1267 2699; x_wconf 77' lang='lat' dir='ltr'>grammaticis.</span> <span class='ocrx_word' id='word_1_124' title='bbox 1293 2603 1392 2689; x_wconf 82' lang='lat' dir='ltr'>Quod</span> <span class='ocrx_word' id='word_1_125' title='bbox 1418 2611 1540 2677; x_wconf 91' lang='lat' dir='ltr'>autem</span> <span class='ocrx_word' id='word_1_126' title='bbox 1565 2625 1608 2676; x_wconf 84' lang='lat' dir='ltr'>ex</span> 
     </span>
     <span class='ocr_line' id='line_1_19' title="bbox 382 2713 1607 2812; baseline 0.001 -24"><span class='ocrx_word' id='word_1_127' title='bbox 382 2713 438 2788; x_wconf 92' lang='lat' dir='ltr'>his</span> <span class='ocrx_word' id='word_1_128' title='bbox 457 2714 619 2790; x_wconf 87' lang='lat' dir='ltr'>minutiis</span> <span class='ocrx_word' id='word_1_129' title='bbox 636 2715 673 2790; x_wconf 92' lang='lat' dir='ltr'>in</span> <span class='ocrx_word' id='word_1_130' title='bbox 692 2741 798 2789; x_wconf 89' lang='lat' dir='ltr'>usum</span> <span class='ocrx_word' id='word_1_131' title='bbox 817 2715 964 2790; x_wconf 89' lang='lat' dir='ltr'>rectoris</span> <span class='ocrx_word' id='word_1_132' title='bbox 981 2715 1184 2805; x_wconf 81' lang='lat' dir='ltr'>accedebat,</span> <span class='ocrx_word' id='word_1_133' title='bbox 1202 2715 1281 2790; x_wconf 92' lang='lat' dir='ltr'>volo</span> <span class='ocrx_word' id='word_1_134' title='bbox 1298 2725 1340 2791; x_wconf 90' lang='lat' dir='ltr'>ut</span> <span class='ocrx_word' id='word_1_135' title='bbox 1363 2715 1430 2792; x_wconf 88' lang='lat' dir='ltr'>hoc</span> <span class='ocrx_word' id='word_1_136' title='bbox 1455 2741 1499 2791; x_wconf 84' lang='lat' dir='ltr'>ex</span> <span class='ocrx_word' id='word_1_137' title='bbox 1524 2739 1607 2812; x_wconf 77' lang='lat' dir='ltr'>praa</span> 
     </span>
     <span class='ocr_line' id='line_1_20' title="bbox 386 2829 1583 2929; baseline -0.001 -26"><span class='ocrx_word' id='word_1_138' title='bbox 386 2829 478 2905; x_wconf 90' lang='lat' dir='ltr'>senti</span> <span class='ocrx_word' id='word_1_139' title='bbox 497 2829 655 2907; x_wconf 90' lang='lat' dir='ltr'>iussione</span> <span class='ocrx_word' id='word_1_140' title='bbox 672 2841 804 2921; x_wconf 81' lang='lat' dir='ltr'>nostra,</span> <span class='ocrx_word' id='word_1_141' title='bbox 820 2839 857 2906; x_wconf 86' lang='lat' dir='ltr'>et</span> <span class='ocrx_word' id='word_1_142' title='bbox 874 2857 1015 2905; x_wconf 91' lang='lat' dir='ltr'>summa</span> <span class='ocrx_word' id='word_1_143' title='bbox 1034 2829 1212 2929; x_wconf 87' lang='lat' dir='ltr'>pensionis</span> <span class='ocrx_word' id='word_1_144' title='bbox 1229 2831 1266 2904; x_wconf 92' lang='lat' dir='ltr'>in</span> <span class='ocrx_word' id='word_1_145' title='bbox 1286 2856 1354 2904; x_wconf 90' lang='lat' dir='ltr'>usu</span> <span class='ocrx_word' id='word_1_146' title='bbox 1371 2839 1434 2906; x_wconf 90' lang='lat' dir='ltr'>tuo</span> <span class='ocrx_word' id='word_1_147' title='bbox 1452 2831 1583 2906; x_wconf 89' lang='lat' dir='ltr'>veniat.</span> 
     </span>
    </p>
   </div>
   <div class='ocr_carea' id='block_1_7' title="bbox 900 3059 1073 3145">
    <p class='ocr_par' dir='ltr' id='par_1_7' title="bbox 900 3059 1073 3145">
     <span class='ocr_line' id='line_1_21' title="bbox 900 3059 1073 3145; baseline -0.017 0"><span class='ocrx_word' id='word_1_148' title='bbox 900 3059 1073 3145; x_wconf 83' lang='lat' dir='ltr'>LXXVII.</span> 
     </span>
    </p>
   </div>
   <div class='ocr_carea' id='block_1_8' title="bbox 383 3283 1606 4624">
    <p class='ocr_par' dir='ltr' id='par_1_8' title="bbox 383 3283 1606 4624">
     <span class='ocr_line' id='line_1_22' title="bbox 479 3283 1602 3383; baseline -0.002 -24"><span class='ocrx_word' id='word_1_149' title='bbox 479 3285 677 3379; x_wconf 90' lang='lat' dir='ltr'>Gregorius</span> <span class='ocrx_word' id='word_1_150' title='bbox 695 3285 854 3361; x_wconf 80' lang='lat' dir='ltr'>Candido</span> <span class='ocrx_word' id='word_1_151' title='bbox 874 3285 1045 3383; x_wconf 88' lang='lat' dir='ltr'>episcopo.</span> <span class='ocrx_word' id='word_1_152' title='bbox 1062 3285 1161 3358; x_wconf 86' lang='lat' dir='ltr'>Inter</span> <span class='ocrx_word' id='word_1_153' title='bbox 1186 3291 1324 3358; x_wconf 87' lang='lat' dir='ltr'>caetera.</span> <span class='ocrx_word' id='word_1_154' title='bbox 1342 3287 1389 3356; x_wconf 88' lang='lat' dir='ltr'>Et</span> <span class='ocrx_word' id='word_1_155' title='bbox 1414 3283 1602 3381; x_wconf 56' lang='lat' dir='ltr'>quiapra»</span> 
     </span>
     <span class='ocr_line' id='line_1_23' title="bbox 385 3395 1605 3497; baseline 0 -27"><span class='ocrx_word' id='word_1_156' title='bbox 385 3396 543 3471; x_wconf 91' lang='lat' dir='ltr'>sentium</span> <span class='ocrx_word' id='word_1_157' title='bbox 569 3397 660 3472; x_wconf 93' lang='lat' dir='ltr'>lator</span> <span class='ocrx_word' id='word_1_158' title='bbox 685 3398 930 3473; x_wconf 89' lang='lat' dir='ltr'>calumniosus</span> <span class='ocrx_word' id='word_1_159' title='bbox 947 3421 1009 3497; x_wconf 91' lang='lat' dir='ltr'>pro</span> <span class='ocrx_word' id='word_1_160' title='bbox 1026 3395 1095 3470; x_wconf 90' lang='lat' dir='ltr'>hac</span> <span class='ocrx_word' id='word_1_161' title='bbox 1112 3397 1356 3493; x_wconf 87' lang='lat' dir='ltr'>persecutione</span> <span class='ocrx_word' id='word_1_162' title='bbox 1374 3422 1482 3496; x_wconf 91' lang='lat' dir='ltr'>quam</span> <span class='ocrx_word' id='word_1_163' title='bbox 1500 3397 1605 3470; x_wconf 86' lang='lat' dir='ltr'>susti-</span> 
     </span>
     <span class='ocr_line' id='line_1_24' title="bbox 384 3509 1605 3606; baseline 0 -24"><span class='ocrx_word' id='word_1_164' title='bbox 384 3519 447 3584; x_wconf 88' lang='lat' dir='ltr'>net</span> <span class='ocrx_word' id='word_1_165' title='bbox 464 3521 636 3585; x_wconf 87' lang='lat' dir='ltr'>consucta</span> <span class='ocrx_word' id='word_1_166' title='bbox 655 3511 723 3585; x_wconf 91' lang='lat' dir='ltr'>sibi</span> <span class='ocrx_word' id='word_1_167' title='bbox 741 3512 924 3588; x_wconf 90' lang='lat' dir='ltr'>commoda</span> <span class='ocrx_word' id='word_1_168' title='bbox 941 3511 985 3584; x_wconf 89' lang='lat' dir='ltr'>ab</span> <span class='ocrx_word' id='word_1_169' title='bbox 1003 3509 1155 3584; x_wconf 88' lang='lat' dir='ltr'>ecelesia</span> <span class='ocrx_word' id='word_1_170' title='bbox 1172 3519 1292 3584; x_wconf 84' lang='lat' dir='ltr'>vestra</span> <span class='ocrx_word' id='word_1_171' title='bbox 1309 3510 1438 3585; x_wconf 89' lang='lat' dir='ltr'>asserit</span> <span class='ocrx_word' id='word_1_172' title='bbox 1455 3510 1605 3606; x_wconf 89' lang='lat' dir='ltr'>denega-</span> 
     </span>
     <span class='ocr_line' id='line_1_25' title="bbox 384 3621 1606 3723; baseline 0 -27"><span class='ocrx_word' id='word_1_173' title='bbox 384 3621 565 3714; x_wconf 85' lang='lat' dir='ltr'>ri‚iocireo</span> <span class='ocrx_word' id='word_1_174' title='bbox 578 3624 843 3699; x_wconf 82' lang='lat' dir='ltr'>fraternitatem</span> <span class='ocrx_word' id='word_1_175' title='bbox 858 3635 957 3699; x_wconf 85' lang='lat' dir='ltr'>tuam</span> <span class='ocrx_word' id='word_1_176' title='bbox 972 3623 1206 3721; x_wconf 83' lang='lat' dir='ltr'>praesentibus</span> <span class='ocrx_word' id='word_1_177' title='bbox 1223 3623 1407 3697; x_wconf 89' lang='lat' dir='ltr'>hortamur</span> <span class='ocrx_word' id='word_1_178' title='bbox 1424 3623 1606 3723; x_wconf 79' lang='lat' dir='ltr'>episcopie,</span> 
     </span>
     <span class='ocr_line' id='line_1_26' title="bbox 384 3733 1603 3834; baseline 0.002 -27"><span class='ocrx_word' id='word_1_179' title='bbox 384 3733 556 3832; x_wconf 86' lang='lat' dir='ltr'>quatinus</span> <span class='ocrx_word' id='word_1_180' title='bbox 573 3734 688 3809; x_wconf 89' lang='lat' dir='ltr'>nichil</span> <span class='ocrx_word' id='word_1_181' title='bbox 705 3759 786 3810; x_wconf 90' lang='lat' dir='ltr'>eum</span> <span class='ocrx_word' id='word_1_182' title='bbox 806 3736 851 3811; x_wconf 95' lang='lat' dir='ltr'>ad</span> <span class='ocrx_word' id='word_1_183' title='bbox 868 3735 1094 3834; x_wconf 90' lang='lat' dir='ltr'>percipienda</span> <span class='ocrx_word' id='word_1_184' title='bbox 1119 3761 1198 3834; x_wconf 83' lang='lat' dir='ltr'>quoe</span> <span class='ocrx_word' id='word_1_185' title='bbox 1224 3745 1393 3811; x_wconf 89' lang='lat' dir='ltr'>consueta</span> <span class='ocrx_word' id='word_1_186' title='bbox 1419 3747 1506 3811; x_wconf 88' lang='lat' dir='ltr'>sunt</span> <span class='ocrx_word' id='word_1_187' title='bbox 1529 3737 1603 3810; x_wconf 87' lang='lat' dir='ltr'>haec</span> 
     </span>
     <span class='ocr_line' id='line_1_27' title="bbox 384 3847 1604 3948; baseline 0.002 -28"><span class='ocrx_word' id='word_1_188' title='bbox 384 3847 595 3942; x_wconf 88' lang='lat' dir='ltr'>egreditudo</span> <span class='ocrx_word' id='word_1_189' title='bbox 614 3847 741 3923; x_wconf 88' lang='lat' dir='ltr'>debeat</span> <span class='ocrx_word' id='word_1_190' title='bbox 754 3848 1037 3948; x_wconf 80' lang='lat' dir='ltr'>impedireQuia</span> <span class='ocrx_word' id='word_1_191' title='bbox 1051 3849 1202 3924; x_wconf 88' lang='lat' dir='ltr'>diversis</span> <span class='ocrx_word' id='word_1_192' title='bbox 1220 3849 1257 3922; x_wconf 92' lang='lat' dir='ltr'>in</span> <span class='ocrx_word' id='word_1_193' title='bbox 1275 3849 1438 3925; x_wconf 82' lang='lat' dir='ltr'>aeeclesia</span> <span class='ocrx_word' id='word_1_194' title='bbox 1450 3849 1604 3924; x_wconf 87' lang='lat' dir='ltr'>militan-</span> 
     </span>
     <span class='ocr_line' id='line_1_28' title="bbox 383 3959 1603 4062; baseline 0.003 -29"><span class='ocrx_word' id='word_1_195' title='bbox 383 3959 481 4035; x_wconf 92' lang='lat' dir='ltr'>tibus</span> <span class='ocrx_word' id='word_1_196' title='bbox 506 3961 608 4034; x_wconf 85' lang='lat' dir='ltr'>varia</span> <span class='ocrx_word' id='word_1_197' title='bbox 635 3959 732 4036; x_wconf 88' lang='lat' dir='ltr'>sicut</span> <span class='ocrx_word' id='word_1_198' title='bbox 759 3963 853 4036; x_wconf 89' lang='lat' dir='ltr'>nosti</span> <span class='ocrx_word' id='word_1_199' title='bbox 877 3986 960 4062; x_wconf 88' lang='lat' dir='ltr'>sepe</span> <span class='ocrx_word' id='word_1_200' title='bbox 985 3962 1165 4058; x_wconf 87' lang='lat' dir='ltr'>contingit</span> <span class='ocrx_word' id='word_1_201' title='bbox 1194 3963 1394 4038; x_wconf 86' lang='lat' dir='ltr'>infirmitas.</span> <span class='ocrx_word' id='word_1_202' title='bbox 1412 3966 1459 4038; x_wconf 89' lang='lat' dir='ltr'>Et</span> <span class='ocrx_word' id='word_1_203' title='bbox 1483 3963 1514 4036; x_wconf 92' lang='lat' dir='ltr'>si</span> <span class='ocrx_word' id='word_1_204' title='bbox 1539 3963 1603 4037; x_wconf 92' lang='lat' dir='ltr'>boc</span> 
     </span>
     <span class='ocr_line' id='line_1_29' title="bbox 384 4071 1603 4174; baseline 0.003 -28"><span class='ocrx_word' id='word_1_205' title='bbox 384 4071 495 4148; x_wconf 85' lang='lat' dir='ltr'>fuerit</span> <span class='ocrx_word' id='word_1_206' title='bbox 511 4072 674 4173; x_wconf 86' lang='lat' dir='ltr'>exemplo</span> <span class='ocrx_word' id='word_1_207' title='bbox 695 4073 868 4165; x_wconf 81' lang='lat' dir='ltr'>deterriti,</span> <span class='ocrx_word' id='word_1_208' title='bbox 881 4074 1006 4150; x_wconf 90' lang='lat' dir='ltr'>nullus</span> <span class='ocrx_word' id='word_1_209' title='bbox 1022 4075 1065 4151; x_wconf 91' lang='lat' dir='ltr'>de</span> <span class='ocrx_word' id='word_1_210' title='bbox 1082 4086 1209 4152; x_wconf 86' lang='lat' dir='ltr'>caetero</span> <span class='ocrx_word' id='word_1_211' title='bbox 1226 4077 1287 4174; x_wconf 91' lang='lat' dir='ltr'>qui</span> <span class='ocrx_word' id='word_1_212' title='bbox 1305 4076 1457 4153; x_wconf 88' lang='lat' dir='ltr'>ecclesia</span> <span class='ocrx_word' id='word_1_213' title='bbox 1476 4077 1603 4151; x_wconf 88' lang='lat' dir='ltr'>militet</span> 
     </span>
     <span class='ocr_line' id='line_1_30' title="bbox 383 4186 1601 4289; baseline 0.003 -29"><span class='ocrx_word' id='word_1_214' title='bbox 383 4187 512 4284; x_wconf 85' lang='lat' dir='ltr'>poterit</span> <span class='ocrx_word' id='word_1_215' title='bbox 528 4186 696 4262; x_wconf 88' lang='lat' dir='ltr'>inveniri.</span> <span class='ocrx_word' id='word_1_216' title='bbox 715 4188 783 4263; x_wconf 88' lang='lat' dir='ltr'>Sed</span> <span class='ocrx_word' id='word_1_217' title='bbox 801 4189 1000 4264; x_wconf 90' lang='lat' dir='ltr'>secundum</span> <span class='ocrx_word' id='word_1_218' title='bbox 1018 4189 1087 4265; x_wconf 90' lang='lat' dir='ltr'>loci</span> <span class='ocrx_word' id='word_1_219' title='bbox 1112 4191 1189 4266; x_wconf 89' lang='lat' dir='ltr'>eius</span> <span class='ocrx_word' id='word_1_220' title='bbox 1214 4191 1373 4266; x_wconf 90' lang='lat' dir='ltr'>ordinem</span> <span class='ocrx_word' id='word_1_221' title='bbox 1396 4215 1544 4289; x_wconf 74' lang='lat' dir='ltr'>quaeque</span> <span class='ocrx_word' id='word_1_222' title='bbox 1569 4192 1601 4266; x_wconf 90' lang='lat' dir='ltr'>ei</span> 
     </span>
     <span class='ocr_line' id='line_1_31' title="bbox 383 4299 1603 4400; baseline 0.003 -27"><span class='ocrx_word' id='word_1_223' title='bbox 383 4299 414 4374; x_wconf 92' lang='lat' dir='ltr'>si</span> <span class='ocrx_word' id='word_1_224' title='bbox 431 4326 541 4374; x_wconf 89' lang='lat' dir='ltr'>sanus</span> <span class='ocrx_word' id='word_1_225' title='bbox 558 4311 652 4375; x_wconf 90' lang='lat' dir='ltr'>esset</span> <span class='ocrx_word' id='word_1_226' title='bbox 668 4311 831 4398; x_wconf 87' lang='lat' dir='ltr'>poterant</span> <span class='ocrx_word' id='word_1_227' title='bbox 848 4301 1057 4390; x_wconf 83' lang='lat' dir='ltr'>ministrari,</span> <span class='ocrx_word' id='word_1_228' title='bbox 1070 4302 1112 4378; x_wconf 88' lang='lat' dir='ltr'>de</span> <span class='ocrx_word' id='word_1_229' title='bbox 1125 4303 1202 4400; x_wconf 89' lang='lat' dir='ltr'>ipsa</span> <span class='ocrx_word' id='word_1_230' title='bbox 1215 4305 1416 4399; x_wconf 86' lang='lat' dir='ltr'>exiguitate</span> <span class='ocrx_word' id='word_1_231' title='bbox 1434 4304 1603 4379; x_wconf 73' lang='lat' dir='ltr'>ecclesie</span> 
     </span>
     <span class='ocr_line' id='line_1_32' title="bbox 384 4414 1601 4517; baseline 0.001 -30"><span class='ocrx_word' id='word_1_232' title='bbox 384 4423 499 4512; x_wconf 89' lang='lat' dir='ltr'>potest</span> <span class='ocrx_word' id='word_1_233' title='bbox 515 4414 685 4489; x_wconf 89' lang='lat' dir='ltr'>accedere</span> <span class='ocrx_word' id='word_1_234' title='bbox 702 4414 910 4490; x_wconf 87' lang='lat' dir='ltr'>fraternitas</span> <span class='ocrx_word' id='word_1_235' title='bbox 926 4425 989 4491; x_wconf 90' lang='lat' dir='ltr'>tua</span> <span class='ocrx_word' id='word_1_236' title='bbox 1015 4415 1130 4490; x_wconf 87' lang='lat' dir='ltr'>divini</span> <span class='ocrx_word' id='word_1_237' title='bbox 1155 4415 1453 4517; x_wconf 87' lang='lat' dir='ltr'>contemplatione</span> <span class='ocrx_word' id='word_1_238' title='bbox 1478 4416 1601 4492; x_wconf 89' lang='lat' dir='ltr'>iudicii</span> 
     </span>
     <span class='ocr_line' id='line_1_33' title="bbox 383 4525 1598 4624; baseline 0.003 -25"><span class='ocrx_word' id='word_1_239' title='bbox 383 4525 506 4621; x_wconf 90' lang='lat' dir='ltr'>egenti</span> <span class='ocrx_word' id='word_1_240' title='bbox 525 4526 681 4624; x_wconf 87' lang='lat' dir='ltr'>praebere</span> <span class='ocrx_word' id='word_1_241' title='bbox 699 4549 770 4600; x_wconf 91' lang='lat' dir='ltr'>non</span> <span class='ocrx_word' id='word_1_242' title='bbox 787 4527 983 4603; x_wconf 85' lang='lat' dir='ltr'>desinatur.</span> <span class='ocrx_word' id='word_1_243' title='bbox 1595 4537 1598 4543; x_wconf 72' lang='grc'>“</span> 
     </span>
    </p>
   </div>
   <div class='ocr_carea' id='block_1_9' title="bbox 0 0 1814 5316">
    <p class='ocr_par' dir='ltr' id='par_1_9' title="bbox 0 0 1814 5316">
     <span class='ocr_line' id='line_1_34' title="bbox 0 0 1814 5316; baseline 0 4"><span class='ocrx_word' id='word_1_244' title='bbox 0 0 1814 5316; x_wconf 95' lang='lat' dir='ltr'> </span> 
     </span>
    </p>
   </div>
  </div>
 </body>
</html>
