3646 5292
754 437 793 450 -
819 403 895 466 219·
910 433 948 449 -

239 525 306 600 bus
324 525 520 601 renitentes
537 524 692 598 multum
710 523 936 599 addiuerunt.
954 526 1044 600 Item
1063 524 1156 600 idem
1171 526 1208 598 in
1227 523 1298 598 alia
1314 522 1463 624 epistola

239 640 285 713 ad
302 640 451 715 eosdem.
468 641 515 712 Et
533 637 676 713 dilectio
693 639 895 714 communis
912 649 948 713 et
966 638 1055 712 ratio
1073 637 1230 736 exposcit
1247 637 1377 712 fratres
1401 637 1465 711 lm·

242 753 377 827 rissimi
394 752 484 826 nihil
502 752 732 828 conscientie
748 761 877 826 uestrae
894 751 1104 827 subtrahere
1121 752 1164 826 de
1187 750 1244 824 his
1269 775 1347 849 quae
1371 751 1465 850 apud

242 892 306 942 nos
322 876 513 964 geruntur,
530 875 572 941 ut
589 867 636 941 sit
652 867 754 941 nobis
766 867 863 941 circa
881 864 1074 942 utilitatem
1089 863 1341 940 ecclesiastica
1354 863 1465 936 admi·

240 980 463 1055 nistrationis
479 1003 668 1056 commune
685 979 885 1054 consilium.

831 1207 867 1288 Ο.

336 1435 544 1536 Cyprianus
560 1434 769 1530 Rogatiano.
785 1437 884 1508 Inter
902 1441 1040 1508 coetera.
1057 1432 1232 1508 Dominus
1254 1435 1351 1508 Deus
1375 1431 1463 1508 dicit

242 1551 280 1624 in
298 1547 580 1637 Deuteronomio,
596 1547 700 1621 homo
716 1546 934 1644 quicumque
952 1545 1116 1621 fueritin
1142 1546 1307 1644 superbia
1332 1555 1461 1620 utnon

243 1663 409 1737 exaudiat
426 1660 642 1736 sacerdotem
660 1668 723 1733 aut
740 1660 894 1735 iudicem
913 1659 1130 1757 quicumque
1148 1659 1260 1733 fueris
1278 1659 1316 1732 in
1338 1659 1463 1734 diebus

241 1776 325 1864 illis,
339 1774 509 1849 morietur
521 1773 625 1848 homo
637 1773 707 1861 ille,
716 1783 751 1848 et
763 1774 879 1847 omnis
892 1773 1041 1870 populus
1050 1797 1133 1846 cum
1143 1771 1297 1846 audierit
1310 1772 1460 1861 timebit,

240 1899 277 1964 et
292 1912 362 1963 non
380 1899 491 1985 agent
508 1887 625 1984 impie.
643 1890 690 1960 Et
706 1897 747 1960 ιιι
764 1886 921 1960 sciamus
937 1885 1032 1960 hanc
1050 1885 1114 1960 Dei
1133 1909 1257 1960 vocem
1275 1910 1296 1956 a
1314 1909 1400 1960 vera
1424 1894 1461 1960 et

242 2027 383 2076 summa
401 2001 587 2076 maiestate
605 1999 683 2073 eius
701 2000 923 2096 processisse,
940 1999 986 2072 ad
1008 1998 1228 2072 honorandos
1245 2024 1288 2074 ac
1305 1998 1465 2073 iudican-

241 2116 302 2190 dos
319 2115 518 2190 sacerdotes
535 2135 629 2200 suos,
645 2137 728 2187 cum
750 2112 921 2187 adversus
940 2118 1059 2187 Aaron
1076 2113 1306 2200 sacerdotem,
1324 2122 1399 2187 tres
1416 2113 1459 2187 de

241 2227 418 2302 ministris
436 2226 550 2302 Chore
568 2225 710 2300 Datban
728 2235 764 2300 et
782 2225 915 2300 Abiron
940 2227 1018 2300 ausi
1045 2236 1132 2301 sunt
1156 2226 1298 2325 superbi
1316 2251 1403 2315 esse,
1428 2237 1465 2302 et

241 2341 412 2416 sacerdoti
431 2339 617 2438 praeposito
634 2363 698 2414 suo
712 2363 748 2413 se
762 2339 950 2436 adequare,
968 2338 1071 2414 hiatu
1088 2349 1193 2414 terrae
1206 2338 1337 2414 absorti
1350 2364 1393 2415 ac
1406 2341 1463 2414 de·

241 2455 367 2542 vorati,
380 2477 500 2551 paenas
512 2451 700 2548 sacrilegae
712 2451 871 2526 audaciae
885 2477 959 2526 suae
971 2452 1231 2549 persolverunt.
1243 2456 1320 2528 Nec
1330 2453 1394 2527 soli
1408 2453 1463 2524 illi

230 2568 304 2642 ,sed
317 2577 352 2642 et
365 2567 475 2642 ceteri
486 2567 644 2664 COLqui
659 2564 711 2640 eis
724 2565 872 2640 comites
884 2566 1072 2640 audaciam
1085 2565 1233 2640 fuerunt
1245 2567 1369 2663 ignem
1382 2590 1464 2642 con·

240 2683 372 2781 sumpti
391 2691 487 2768 sunt,
504 2692 546 2755 ut
562 2681 770 2777 probaretur
787 2680 988 2754 sacerdotes
1005 2681 1050 2754 ab
1067 2703 1107 2755 eo
1124 2681 1184 2778 qui
1199 2682 1429 2756 sacerdotesf
1448 2724 1462 2738 ·
1571 2711 1575 2718 ·

241 2793 293 2868 cit
308 2793 496 2868 vindicari.
513 2796 554 2866 Iu
574 2791 664 2866 libro
681 2814 819 2888 quoque
837 2817 1031 2889 regnorum
1050 2819 1132 2869 cum
1152 2794 1323 2870 Samuhel
1349 2819 1463 2870 sacer-

239 2907 338 2981 dosa
356 2908 544 2981 Iudeorum
562 2905 689 3004 populo
706 2905 748 2979 ob
766 2915 986 2982 senectutem
1006 2917 1329 3005 contempneretur‚
1346 2907 1463 2984 excla-

222 3031 225 3038 '
241 3019 357 3094 mavit
374 3019 546 3094 Dominus
563 3019 654 3093 dixit
670 3019 714 3092 ad
730 3043 813 3094 eum
826 3023 906 3095 Non
920 3030 955 3096 te
969 3030 1194 3118 spreverunt,
1207 3021 1268 3097 sed
1281 3045 1347 3096 me.
1361 3025 1408 3096 Et
1421 3031 1463 3095 ut

240 3133 307 3209 hoc
324 3134 572 3222 ulcisceretur,
589 3133 761 3208 excitavit
782 3132 814 3208 ei
832 3134 919 3207 Saul
937 3159 1072 3230 regern,
1088 3135 1149 3234 qui
1172 3160 1233 3233 per
1250 3159 1370 3211 omnes
1383 3159 1464 3210 eon·

241 3247 409 3322 tumelias
426 3258 462 3324 et
479 3273 598 3346 paenas
617 3247 810 3346 superbum
828 3247 997 3344 populum
1017 3248 1172 3322 calcaret
1185 3259 1221 3322 et
1233 3257 1409 3345 premeret
1421 3257 1463 3321 ut

240 3368 465 3458 contemptus
483 3361 646 3436 sacerdos
663 3359 799 3434 ultione
816 3359 939 3433 divina
956 3360 1210 3434 vindicaretur.
1228 3363 1296 3435 Sed
1313 3371 1350 3436 et
1367 3361 1463 3436 Salo-

240 3495 322 3547 mon
339 3482 492 3548 testatur
505 3498 584 3571 quae
597 3472 645 3546 sit
658 3473 888 3546 sacerdotalis
901 3475 1097 3549 auctoritas
1110 3485 1144 3549 et
1158 3483 1313 3571 potestas
1330 3476 1464 3563 dicens,

240 3585 371 3690 honora
390 3587 582 3660 Dominum
601 3610 644 3660 ex
661 3595 734 3659 tota
751 3584 874 3658 anima
886 3595 961 3676 tua,
974 3597 1010 3660 et
1027 3588 1226 3662 sacerdotes
1243 3588 1330 3663 eius.
1348 3587 1465 3662 Domi·

240 3724 310 3772 nus
326 3699 434 3772 etiam
453 3707 574 3773 noster
591 3698 719 3772 Ihesus
736 3697 904 3774 Christus
918 3725 980 3775 rex
992 3709 1028 3776 et
1041 3701 1147 3777 iudex
1159 3712 1195 3777 et
1207 3701 1381 3791 sacerdos
1394 3725 1466 3776 ser·

240 3811 342 3887 vovit
358 3811 525 3887 honorem
544 3812 649 3886 malis
666 3810 920 3901 sacerdotibus,
938 3839 1052 3912 usque
1069 3815 1114 3888 ad
1131 3840 1234 3889 suam
1252 3813 1462 3914 passionem,

241 3925 279 3998 in
294 3949 364 4024 qua
377 3927 595 4002 sacerdotem
609 3925 814 4024 appellavit,
828 3949 933 4022 quem
947 3927 1082 4002 sciebat
1094 3951 1170 4002 esse
1184 3927 1415 4022 sacrilegum,
1428 3937 1465 4002 et

234 4065 324 4117 'cum
337 4041 477 4140 alapam
491 4041 687 4139 accepisset
699 4049 734 4116 et
747 4040 780 4116 ei
797 4040 941 4126 diceret,
953 4039 1005 4114 sic
1019 4039 1208 4137 respondes
1222 4038 1398 4126 Pontifici,
1410 4039 1465 4112 ni-

242 4155 313 4230 chil
326 4156 581 4232 contumeliose
598 4155 739 4230 locutus
752 4153 856 4229 estin
871 4176 1055 4252 personam
1068 4151 1258 4252 pontificis,
1271 4152 1332 4227 sed
1346 4151 1465 4247 magis

241 4269 484 4344 innocentiam
504 4295 605 4344 suam
624 4269 740 4344 tuitus
757 4278 812 4343 est
828 4268 959 4343 dicens.
977 4266 1015 4339 Si
1033 4265 1126 4340 male
1144 4264 1286 4340 locutus
1309 4290 1389 4338 sum
1414 4274 1465 4340 te·

242 4383 449 4458 stimonium
467 4384 612 4484 perhibe
625 4385 667 4458 de
680 4383 785 4470 malo,
798 4390 840 4455 ut
852 4404 916 4455 nos
928 4380 1006 4454 eius
1019 4377 1235 4452 humilitatis
1251 4377 1464 4451 haberemus

242 4497 456 4599 exemplum,
473 4508 508 4576 et
525 4498 646 4578 docuit
662 4495 984 4576 sacerdotes-veros
999 4491 1164 4595 legitime
1181 4501 1219 4567 et
1234 4490 1339 4592 plene
1358 4490 1463 4568 hone
