3582 5288
900 345 1095 412 -152-

386 475 422 541 et
430 465 532 563 quasi
542 465 581 538 in
590 466 742 562 quodam
751 465 895 563 speculo
903 466 1030 542 elucet.
1041 469 1198 550 Accedat
1210 477 1330 545 tamon
1344 470 1468 544 suavis
1480 494 1609 562 sermo,

386 588 428 654 nt
445 578 613 654 conciliet
625 577 692 652 sibi
709 577 878 654 affectum
896 579 1132 672 audientium,
1148 589 1367 682 gratumque
1381 609 1420 660 se
1432 584 1491 660 vel
1505 585 1609 660 lami·

388 692 551 782 liaribuS,
568 692 627 767 vel
644 691 797 782 civibus,
815 692 874 768 vel
892 693 922 767 si
941 694 1018 769 fieri
1035 705 1150 794 potest
1170 697 1334 771 omnibus
1351 698 1515 799 praebcat.
1531 701 1609 775 Nec

388 805 594 882 adulantem
612 831 661 896 se,
678 831 744 881 neo
761 805 980 881 adulandum
997 808 1128 908 cuique
1146 810 1319 886 exhibeat.
1337 811 1502 887 Alterum
1524 836 1611 888 vero

389 918 597 995 calliditatis
621 927 676 994 est
700 917 873 994 vanitatis
897 920 1062 996 alterum.
1085 927 1167 998 Non
1191 923 1364 1024 despiciat
1388 926 1481 1024 quod
1504 927 1548 1002 de
1572 951 1610 1002 εθ

389 1032 647 1131 unusquisque,
664 1042 699 1107 et
717 1032 872 1108 maxime
888 1034 946 1106 vir
964 1035 1120 1134 optimus
1138 1037 1280 1127 sentiat,
1296 1037 1363 1113 hoc
1387 1038 1484 1114 enim
1510 1039 1610 1114 modo

387 1145 493 1222 discit
509 1145 611 1220 bonis
628 1145 763 1220 deferre
781 1147 1030 1222 reverentiam.
1046 1153 1140 1224 Nam
1158 1149 1352 1247 neglegere
1365 1153 1536 1227 bonorum
1554 1151 1608 1226 iu-

388 1262 494 1352 dicia,
507 1261 566 1336 vel
579 1260 874 1357 arrogantiae,rel
886 1261 1129 1338 dissolutionis
1142 1273 1208 1354 est,
1221 1287 1373 1362 quornm
1385 1265 1540 1341 alterum
1554 1291 1611 1341 su·

254 1455 256 1458 .
388 1375 519 1476 perbiae
536 1374 740 1464 ascribitur,
757 1374 910 1450 alterurn
928 1376 1179 1473 neglegentia.
1197 1379 1333 1454 Caveat
1357 1378 1466 1454 ctiam
1492 1389 1610 1454 motus

388 1489 500 1563 animi
519 1488 585 1564 sui.
602 1492 681 1586 Ipse
698 1487 794 1562 enim
813 1487 881 1561 sibi
899 1497 936 1563 et
952 1488 1196 1566 observandus
1213 1501 1248 1566 θῖ
1265 1493 1610 1590 circumspiciendus

390 1612 455 1694 est,
471 1613 507 1680 θῖ
519 1613 561 1677 nt
574 1602 766 1677 adversum
780 1625 817 1676 se
831 1602 1014 1676 cavendus
1026 1603 1077 1678 ita
1094 1603 1202 1678 etiam
1219 1605 1262 1679 dc
1279 1629 1317 1679 se
1334 1606 1499 1696 tuendus,
1516 1607 1611 1681 sicut

390 1729 507 1792 motus
520 1717 558 1789 in
572 1714 702 1814 quibus
719 1725 773 1790 est
789 1714 969 1812 appetitus
982 1716 1054 1806 ille,
1064 1717 1125 1814 qui
1134 1717 1235 1815 quasi
1249 1719 1399 1815 quodam
1413 1719 1611 1818 prorumpit

392 1831 540 1932 impetu.
558 1831 660 1907 Unde
677 1854 795 1928 graece
813 1855 926 1904 norma
943 1828 1076 1906 dicitur
1093 1829 1183 1927 quod
1206 1839 1248 1903 ut
1272 1830 1422 1928 quodam
1447 1842 1611 1930 serpente

392 1945 571 2044 proripiat.
588 1949 669 2021 Non
686 1945 874 2020 mediocris
892 1944 930 2017 in
946 1943 1003 2018 bis
1021 1942 1078 2016 vis
1096 1943 1259 2040 quaedam
1282 1943 1394 2017 animi
1419 1955 1527 2044 atquc
1551 1971 1612 2020 na·

390 2068 472 2134 tura
488 2069 552 2134 est.
571 2061 658 2146 Qua
674 2067 795 2134 tamon
813 2057 869 2132 vis
883 2057 1029 2154 gemina
1042 2066 1108 2145 est,
1121 2082 1194 2131 una
1206 2056 1244 2131 in
1257 2058 1430 2155 appetitu,
1442 2059 1556 2134 altera
1570 2060 1609 2134 in

386 2173 525 2249 ratione
542 2172 665 2271 posita,
683 2197 762 2269 quae
779 2172 977 2270 appetitum
996 2172 1162 2260 refrenet,
1180 2181 1217 2246 et
1239 2169 1308 2247 sibi
1325 2172 1509 2249 obediente
1527 2198 1614 2272 prm

389 2298 445 2364 est
468 2297 505 2363 et
528 2287 636 2362 ducat
661 2309 730 2384 quo
762 2286 862 2375 velit,
887 2296 923 2360 et
947 2295 1131 2382 tamquam
1157 2284 1279 2360 sedulo
1304 2285 1514 2382 magisterio
1538 2287 1613 2362 edo

389 2409 479 2490 ceat,
489 2399 575 2497 quid
587 2397 677 2487 ficri,
689 2397 822 2496 quidve
835 2397 943 2472 vitari
957 2407 1125 2495 oporteat,
1138 2408 1179 2473 ut
1192 2399 1280 2475 bone
1293 2399 1470 2476 domitrici
1482 2401 1613 2476 obtem·

390 2522 499 2612 peret.
517 2511 669 2588 Solliciti
686 2513 783 2588 enim
800 2535 877 2588 esse
895 2511 1074 2602 debemus,
1091 2536 1137 2587 ne
1154 2512 1240 2610 quid
1265 2523 1412 2602 temere,
1433 2523 1498 2590 aut
1514 2513 1615 2589 incn·
1652 2541 1654 2544 ·

393 2629 484 2704 riose
500 2651 683 2724 geramus,
699 2637 764 2701 aut
780 2627 974 2726 quicquam
1000 2625 1144 2700 omnino
1169 2627 1275 2702 cuius
1300 2626 1515 2725 probabilem
1541 2650 1611 2702 non

391 2723 569 2841 possimus
588 2741 761 2816 rationem
779 2740 934 2816 reddere.
953 2744 1113 2814 Actorius
1138 2741 1233 2815 enim
1260 2741 1372 2816 nostri
1396 2766 1505 2818 causa
1530 2751 1566 2817 et
1582 2742 1612 2816 si

390 2878 461 2930 non
486 2854 650 2930 omnibus
676 2854 845 2943 redditur,
869 2854 1060 2929 tamenab
1084 2855 1248 2929 omnibus
1273 2855 1510 2930 examinatur.
1535 2859 1610 2931 Nec

390 2993 475 3045 vero
490 2967 661 3044 babemus
678 2967 715 3040 in
733 2991 802 3065 quo
815 2967 990 3064 possimus
1004 2990 1067 3042 nos
1081 2992 1260 3043 excusare.
1273 2971 1368 3043 Nam
1381 2978 1436 3044 est
1449 2969 1506 3043 vis
1519 2993 1611 3067 qua

390 3083 473 3157 darn
490 3092 629 3156 natnrae
646 3081 684 3153 in
701 3080 798 3155 omni
816 3081 987 3179 appetitu,
1004 3089 1180 3157 ettamen
1198 3081 1291 3156 idem
1312 3083 1492 3180 appetitus
1508 3083 1611 3158 ratio

390 3195 448 3272 nis
461 3195 644 3270 subiectus
658 3203 725 3285 est,
737 3193 817 3290 lege
831 3203 959 3269 nature
972 3195 1097 3292 ipsius,
1110 3205 1145 3271 et
1158 3195 1294 3270 oboedit
1306 3197 1349 3270 ei.
1363 3197 1466 3272 Unde
1482 3207 1518 3272 et
1531 3198 1611 3272 boni

391 3308 623 3408 speculatoris
640 3317 705 3399 est,
725 3307 776 3383 ita
801 3307 1018 3406 praetendere
1044 3309 1218 3398 animum,
1235 3319 1277 3385 ut
1293 3309 1474 3408 appetitus
1498 3336 1612 3410 neque

390 3433 588 3524 praecurrat
602 3424 787 3514 rationem,
799 3447 915 3522 neque
924 3423 1074 3513 deserat,
1087 3447 1203 3521 neque
1216 3425 1463 3522 praecurrendo
1475 3435 1611 3522 portur·

388 3538 459 3627 bct,
475 3547 584 3636 atque
600 3537 778 3626 excludat,
794 3546 831 3612 et
855 3561 935 3612 eam
960 3537 1153 3612 deserendo
1179 3537 1362 3612 destituat.
1387 3538 1611 3614 Perturbatio

390 3651 486 3728 tollit
502 3651 751 3740 constantiam,
768 3649 952 3726 destitutio
969 3650 1089 3748 prodit*
1106 3650 1303 3746 ignaviam,
1328 3660 1477 3726 accusat
1501 3651 1610 3748 pigri·

389 3765 489 3840 tiam.
505 3765 717 3841 Perturbata
734 3764 830 3840 enim
848 3774 978 3855 mente,
995 3764 1106 3838 latius
1123 3787 1159 3839 sc
1176 3789 1198 3838 a
1215 3764 1360 3861 longius
1373 3764 1493 3840 fundit
1510 3790 1612 3864 appe-

391 3880 492 3970 titus,
508 3889 545 3956 θῖ
561 3887 746 3978 tamquam
764 3877 907 3954 efferato
925 3879 1062 3977 impetu
1075 3879 1194 3955 frenos
1207 3879 1354 3955 rationis
1367 3903 1437 3954 non
1451 3879 1611 3978 suscipit,

391 4017 460 4069 nec
483 3991 562 4066 ulla
586 3991 697 4068 sentit
720 3993 861 4089 aurigae
885 3992 1139 4084 moderamina,
1164 3993 1294 4091 quibus
1323 4003 1439 4091 posset
1468 3992 1610 4069 reflecti.

392 4107 494 4182 Unde
512 4105 723 4204 plerumque
741 4130 813 4181 non
830 4107 945 4181 solum
963 4107 1107 4180 animus
1124 4107 1329 4204 exagitatus
1346 4108 1537 4196 amittitur,
1550 4107 1611 4182 sed

391 4221 501 4296 etiam
518 4219 763 4296 inflammatus
780 4219 905 4295 vultus
921 4219 982 4296 vel
999 4220 1195 4311 iracundia,
1208 4219 1265 4296 vel
1279 4220 1437 4308 libidine,
1449 4220 1611 4318 pallescit

391 4335 530 4426 timore,
556 4335 740 4434 voluptate
765 4360 803 4410 se
828 4357 898 4409 non
924 4334 1031 4433 capit,
1056 4344 1092 4410 et
1116 4335 1227 4409 nimia
1251 4333 1362 4432 gestit
1386 4333 1513 4426 letitia,
1536 4334 1611 4410 haec

392 4475 476 4528 curn
494 4451 587 4529 liunt
602 4449 772 4528 obiicitur
785 4449 846 4525 illa
859 4448 1038 4526 naturalis
1051 4474 1203 4526 censura
1216 4447 1450 4548 gravitasque
1463 4471 1613 4538 morum,
