3654 5302
735 392 933 456 -391-

223 511 421 588 confitendo
435 521 620 610 peccatum
636 536 712 588 esse
725 511 901 587 humilius
913 512 1091 588 veraciter
1107 519 1299 612 appeteret,
1311 511 1355 588 de
1369 535 1443 610 per·

222 626 419 725 patratione
431 625 567 724 peccati
584 637 780 724 arguentes
797 651 835 702 se
851 649 923 701 non
937 626 1182 724 impugnaret.
1308 709 1316 722 ,

756 839 931 936 11111111Ιῷ

318 1077 514 1173 Gregorius
531 1077 569 1150 in
587 1079 711 1152 XVIII
727 1076 817 1152 libro
834 1079 1033 1153 moralium.
1058 1079 1230 1178 Quisquis
1253 1088 1354 1160 extra
1378 1104 1444 1156 aec·

223 1190 341 1266 clesiae
357 1191 533 1266 unitatem
551 1190 697 1290 patitur,
715 1215 834 1289 paenas
858 1191 932 1292 pati
958 1201 1084 1292 potest,
1108 1203 1249 1291 martyr
1270 1191 1348 1267 lieri
1372 1217 1443 1267 non

222 1313 347 1402 potest.
365 1303 458 1392 Quia
470 1313 512 1380 ut
523 1304 644 1382 dicitis
657 1304 781 1380 beatus
794 1304 854 1382 Iob
866 1306 927 1380 ait.
940 1311 995 1380 An
1002 1329 1039 1382 1ο
1052 1305 1151 1384 locus
1164 1314 1218 1381 est
1230 1306 1269 1384 in
1282 1329 1350 1404 quc
1363 1329 1445 1382 con·

221 1417 338 1492 fiatur.
348 1417 443 1506 Quid
454 1418 574 1515 itaque
588 1417 632 1492 ad
644 1417 710 1493 hoc
722 1417 890 1493 hereticis
903 1417 1037 1494 dicitur
1050 1417 1196 1493 conflari
1210 1441 1273 1516 per
1284 1417 1445 1494 afflictio

222 1556 305 1607 nem
322 1532 453 1624 carnis,
468 1530 528 1606 vel
546 1531 653 1606 etiam
671 1557 733 1630 per
747 1531 964 1630 martyrium
981 1530 1147 1620 voluerit,
1164 1530 1226 1605 sed
1238 1531 1357 1608 locum
1375 1555 1444 1630 quo

223 1645 380 1720 debeatis
393 1645 537 1721 conflari
552 1645 709 1720 nescitis.
718 1649 798 1722 Una
812 1655 867 1720 est
879 1643 1044 1734 ecclesia,
1053 1645 1091 1718 in
1105 1669 1175 1742 qua
1187 1644 1349 1742 quisquis
1362 1668 1442 1719 con·

222 1757 301 1832 flari
319 1758 484 1848 voluerit,
501 1759 546 1833 ab
563 1759 660 1833 omni
677 1759 784 1834 etiam
802 1757 932 1858 poterit
949 1758 1048 1833 sorde
1065 1758 1226 1856 purgari.
1242 1758 1346 1853 Ignis
1358 1783 1443 1832 vero

222 1870 443 1947 conflationis
456 1871 518 1974 qni
531 1880 632 1946 extra
645 1871 859 1947 catholicam
873 1872 1045 1946 toleratur
1058 1870 1258 1962 ecclesiam,
1270 1871 1444 1969 quianul-

222 1983 294 2058 lius
310 1983 428 2059 virtus
444 1985 504 2074 sit,
520 1983 701 2082 apostolus
723 1985 885 2059 insinuat
901 1985 1034 2060 dicens.
1051 1985 1091 2058 Si
1115 1984 1291 2060 tradidero
1314 2009 1442 2085 corpus

145 2093 151 2100 ’
222 2123 343 2174 meum
369 2109 410 2173 ut
434 2099 567 2188 ardeat,
591 2099 780 2175 caritatem
805 2108 926 2174 autem
948 2123 1019 2174 non
1040 2099 1207 2189 habuero,
1223 2099 1337 2174 nichil
1353 2099 1443 2173 mihi

222 2211 370 2308 prodest.
388 2211 460 2284 Alii
480 2211 608 2311 quippe
627 2236 738 2309 prava
755 2212 798 2287 (16
817 2212 889 2288 Deo
905 2213 1078 2306 sentiunt,
1103 2213 1165 2286 alii
1192 2224 1290 2288 recta
1313 2213 1356 2288 de
1381 2239 1444 2287 au·

221 2325 384 2401 ctoritate
401 2334 534 2400 tenent.
551 2325 620 2398 Sed
638 2325 813 2400 unitatem
832 2327 1106 2402 cumfratribus
1127 2350 1198 2401 non
1223 2336 1356 2402 tenent.
1380 2327 1440 2402 Illi

221 2463 339 2515 errore
363 2440 455 2528 fidei,
479 2439 540 2514 isti
565 2461 650 2519 vero
674 2439 904 2537 soysmaticis
929 2442 1192 2540 perpetratione
1214 2440 1321 2515 divisi
1347 2451 1442 2516 sunt.

221 2554 324 2629 Unde
341 2561 377 2628 et
392 2553 431 2625 in
448 2553 561 2650 prima
579 2561 679 2650 parte
696 2552 870 2650 decalogi,
882 2562 1081 2652 ‚utrumque
1098 2554 1255 2654 partium
1273 2553 1377 2652 culpe
1390 2579 1443 2629 re·

221 2667 426 2765 primuntur
443 2693 527 2742 cum
545 2665 687 2741 dicitur.
705 2665 846 2762 Diliges
863 2669 1055 2744 Dominum
1074 2672 1188 2744 Deum
1206 2680 1322 2759 tuum,
1339 2678 1375 2744 et
1386 2694 1443 2744 oe-

220 2795 308 2860 tera.
324 2787 371 2858 Et
392 2807 473 2858 mcx
489 2781 641 2857 additur.
659 2785 706 2857 Et
721 2782 923 2882 proximum
944 2792 1047 2858 tunm
1067 2783 1162 2859 siout
1181 2785 1346 2882 teipsum.
1371 2782 1442 2870 Qui

221 2898 317 2972 enim
334 2898 377 2972 (16
394 2899 466 2972 Deo
483 2921 652 2994 perversa
668 2896 789 2986 sentit,
806 2896 919 2994 liquet
944 2897 1100 2995 profecto
1124 2898 1208 2996 qnia
1232 2901 1346 2973 Deum
1370 2921 1441 2972 non

220 3013 351 3110 diligit.
368 3013 437 3100 Qui
457 3034 542 3086 vero
558 3012 601 3087 de
620 3015 692 3086 Dec
709 3017 780 3086 non
794 3021 891 3086 recta
904 3011 1064 3086 sentiens
1076 3011 1121 3085 ab
1137 3011 1308 3087 Ecclesiae
1327 3011 1442 3086 unita-

220 3137 255 3204 te
271 3127 410 3202 divisus
422 3137 486 3216 est,
500 3135 639 3202 constat
656 3125 740 3224 quia
757 3125 958 3225 proximum
975 3149 1046 3200 non
1062 3135 1171 3216 amat,
1187 3149 1295 3225 quem
1310 3126 1442 3204 habere

220 3243 355 3319 socium
374 3251 525 3318 recusat.
543 3239 712 3338 Quisquis
730 3262 817 3336 ergo
834 3239 963 3314 abhuc
981 3239 1120 3315 unitate
1138 3240 1266 3316 matris
1280 3240 1441 3315 ecclesiae

221 3358 298 3432 sive
316 3381 376 3454 per
392 3356 545 3431 heresim
562 3355 605 3430 de
622 3357 694 3429 Dec
718 3377 887 3453 perversa
911 3353 1106 3443 sentiendo,
1128 3378 1193 3444 seu
1218 3377 1336 3430 errore
1359 3380 1441 3454 soy-

220 3469 382 3546 smaticis
410 3469 610 3571 proximum
636 3491 708 3544 non
732 3467 913 3564 diligendo
942 3467 1116 3542 dividitur
1141 3469 1303 3544 caritatis
1332 3469 1441 3544 huius

220 3586 340 3683 gratia
357 3583 532 3682 privatur,
548 3584 591 3658 de
608 3607 678 3680 qua
694 3591 737 3656 ut
753 3579 991 3678 praemisimus
1010 3580 1146 3656 Paulus
1164 3581 1260 3657 dicit.
1278 3583 1317 3656 Si
1334 3583 1441 3656 tradi·

221 3702 303 3776 dero
319 3723 447 3798 corpus
464 3722 582 3774 meum
601 3709 643 3771 ut
659 3697 814 3784 ardeam,
829 3704 867 3769 et
884 3703 1012 3770 cetera.
1025 3699 1067 3770 In
1080 3696 1211 3772 eodem.
1225 3700 1315 3794 Sepe
1332 3695 1442 3772 haere·

220 3813 284 3890 tici
296 3813 456 3887 dumsua
469 3811 613 3887 student
626 3831 793 3907 perversa
806 3816 977 3898 astruere,
991 3833 1033 3885 ea
1045 3810 1230 3908 proferunt
1243 3835 1323 3909 qnae
1335 3810 1373 3884 in
1387 3837 1441 3885 sa·

221 3950 363 4002 crorum
381 3926 553 4000 librorum
579 3923 722 4023 paginis
746 3945 816 3996 non
841 3933 1021 4014 tenentur,
1047 3926 1142 4002 unde
1165 3935 1202 4001 et
1222 3925 1440 4023 discipulum

221 4041 356 4116 Paulus
372 4041 538 4115 admonet
555 4038 687 4115 dicens.
704 4039 732 4112 0
751 4035 935 4112 Timotheo
952 4037 1151 4138 depositum
1177 4041 1325 4128 custodi,
1346 4039 1452 4116 devi-·

219 4155 543 4255 tans'prophanans
558 4172 685 4229 vocum
713 4151 890 4225 novitates
914 4151 998 4248 quia
1015 4152 1100 4250 dum
1126 4153 1265 4229 laudari
1290 4153 1441 4229 heretici

220 4281 403 4368 tamquam
422 4271 464 4344 de
481 4268 668 4344 excellenti
686 4263 832 4362 ingenio
853 4263 1016 4361 cupiunt,
1037 4267 1139 4364 quasi
1165 4291 1258 4342 nova
1279 4266 1441 4365 quadam

220 4385 415 4483 proferunt,
431 4409 510 4483 quae
527 4383 564 4457 in
580 4381 809 4486 antiquorum
826 4387 969 4477 patrum
987 4379 1089 4457 libris
1106 4380 1289 4458 veteribus
1305 4403 1376 4456 non
1389 4389 1440 4456 te-

220 4508 362 4576 nentur.
