3646 5292
884 411 1081 474 -190-

369 532 563 632 quendum,
580 531 749 608 continuo
765 556 803 607 se
822 531 1034 632 presbyterii
1052 531 1229 628 dignitate
1248 541 1284 607 et
1309 555 1411 607 secra
1435 535 1593 607 oor'nmu·

368 645 474 721 nione
486 645 631 744 privari.
641 646 741 732 Quod
755 645 833 721 fieri
846 671 990 721 necesse
1003 654 1058 720 est
1069 669 1291 736 censeamus,
1303 645 1334 719 si
1348 645 1427 720 eius
1440 643 1592 743 praesule

368 758 550 835 deferente
567 757 770 835 huiusmodi
788 759 897 836 luerit
913 759 1160 858 praevaricatio
1177 758 1412 857 comprobata.

873 909 874 914 '
935 954 1042 1038 nun.

672 1157 764 1211 Idem
783 1169 855 1224 cap.
876 1159 919 1211 VI
938 1159 972 1210 in
990 1158 1115 1212 eisdem
1134 1159 1284 1212 decretis.

463 1319 564 1406 Quod
580 1342 649 1393 non
668 1329 803 1418 oportet
819 1321 856 1393 in
874 1321 1082 1420 presbiterio
1094 1321 1260 1396 diacones
1274 1319 1429 1394 residere
1442 1343 1525 1393 cum
1539 1318 1590 1392 di·

366 1432 454 1506 vina
471 1433 708 1524 celebrantur,
727 1433 782 1509 vel
801 1435 1078 1510 aecclesiasticus
1098 1435 1252 1510 habetur
1276 1435 1492 1533 quicumque
1517 1443 1588 1507 tra·

368 1553 497 1636 ctatus,
506 1555 541 1621 et
549 1546 642 1621 seori
656 1547 810 1645 corporis
823 1548 1115 1646 praerogationem
1130 1549 1197 1622 sub
1206 1555 1397 1645 conspectu
1412 1545 1588 1644 pontificis

367 1681 431 1734 seu
448 1658 646 1757 presbyteri
664 1659 735 1734 nisi
752 1660 810 1735 his
827 1661 1032 1736 absentibus
1049 1662 1107 1736 ius
1123 1685 1193 1737 non
1220 1661 1374 1736 habeant
1391 1657 1588 1746 exercendi,

367 1793 496 1870 eosque
512 1773 687 1870 propriam
702 1774 955 1850 constituimus
968 1801 1116 1851 servare
1130 1799 1336 1851 mensuram
1351 1797 1417 1848 nec
1430 1771 1525 1846 ultra
1538 1780 1588 1846 te-

370 1908 490 1960 norem
509 1886 667 1982 paternis
684 1887 879 1962 canonibus
896 1889 1102 1987 deputatum
1123 1888 1304 1988 quippiam
1323 1894 1496 1984 temptare
1513 1908 1589 1981 per-

366 1997 554 2073 mittimus.
570 1999 694 2074 Niohil
711 2024 833 2077 eorum
847 2025 911 2076 suo
925 2003 1122 2080 ministerio
1139 2005 1283 2102 penitus
1299 2001 1488 2102 applicare,
1509 2023 1589 2098 quae

367 2111 492 2209 primis
508 2112 691 2187 ordinibus
707 2115 856 2212 propriae
868 2115 1028 2191 decrevit
1040 2117 1247 2216 antiquitas.
1260 2115 1404 2212 Absque
1417 2112 1589 2210 Episcopo

366 2226 426 2302 vel
443 2227 658 2324 Presbytero
674 2227 855 2326 baptizare
873 2253 943 2304 non
964 2230 1131 2320 audeant,
1147 2229 1218 2303 nisi
1236 2227 1415 2327 praedictis
1439 2227 1588 2302 fortasse
1630 2327 1636 2334 Ι

366 2339 493 2414 officiis
509 2339 654 2437 longius
671 2342 876 2417 constitutis
893 2344 1088 2419 necessitas
1104 2353 1264 2420 extrema
1276 2341 1473 2440 compellat.
1488 2341 1587 2428 Quod

366 2450 469 2528 laicis
485 2452 694 2529 christianis
711 2454 828 2532 fecere
845 2455 1056 2558 plerumque
1072 2458 1289 2534 conceditur.

910 2660 1035 2745 XLIII.

532 2861 581 2913 lix
599 2861 731 2916 concillo
749 2863 851 2928 Pepae
870 2865 1010 2918 simachi
1027 2877 1100 2920 cum
1119 2867 1292 2931 Episcopis
1310 2867 1422 2919 LVIII.

369 3019 492 3096 Celius
505 3024 721 3099 Laurentius
731 3025 1031 3126 Archipresbyter
1043 3027 1140 3103 tituli
1152 3025 1334 3118 Proxedis,
1343 3025 1538 3124 subscripsi
1552 3035 1588 3101 et

437 3136 600 3211 consensi
617 3139 849 3234 synodalibus
867 3140 1082 3232 constitutis,
1095 3150 1201 3240 atque
1218 3142 1256 3216 in
1270 3141 1338 3218 hac
1354 3166 1408 3216 me
1421 3140 1585 3240 profiteor

438 3272 580 3322 manere
598 3250 787 3338 sententia,
810 3275 889 3350 quae
906 3253 948 3328 de
965 3254 1115 3329 Romani
1141 3255 1375 3330 Pontificatus
1399 3252 1587 3329 ordinatio·

436 3386 481 3437 ne
498 3385 520 3434 a
537 3371 661 3439 sancta
679 3367 814 3464 synodo
832 3367 1050 3443 unanimiter
1066 3375 1202 3443 statuta
1218 3381 1282 3443 est.

365 3475 564 3552 Ianuarius¹
576 3478 770 3577 Presbyter
786 3480 841 3555 tit.
859 3481 1028 3571 Vestinis,
1046 3481 1250 3579 subscripsi.

365 3589 573 3665 Marcianus
590 3591 783 3690 Presbyter
800 3594 854 3668 tit.
872 3593 1026 3670 Ceciliae.
1045 3597 1079 3668 S.

365 3704 567 3779 Gordianus
585 3705 777 3804 Presbyter
795 3707 848 3782 tit.
867 3707 1116 3782 Pammachius.
1133 3711 1168 3782 S.

365 3818 494 3891 Petrus
512 3816 705 3914 Presbyter
722 3819 777 3894 tit.
794 3821 909 3895 sancti
930 3821 1136 3896 Clementis.
1155 3824 1189 3894 S.

365 3928 541 4004 Paulinus
559 3930 678 4006 Presb.
696 3932 750 4006 tit.
768 3932 863 4007 Iulii.
881 3936 915 4007 S.

365 4041 501 4118 Valens
519 4043 639 4118 Presb.
657 4045 711 4119 tit.
729 4056 863 4123 sanotae
880 4047 1020 4123 Sabine.
1038 4051 1072 4122 S.

365 4157 494 4230 Petrus
512 4155 632 4231 Presb.
649 4156 703 4232 tit.
722 4158 922 4256 Grisogoni.
937 4163 972 4234 S.

365 4266 530 4342 Asterius
547 4269 667 4344 Presb.
684 4270 738 4344 tit.
756 4271 939 4347 Pudentis.
958 4276 993 4347 S.

364 4378 467 4456 Felix
482 4380 603 4456 Presb.
619 4382 674 4457 tit.
692 4383 856 4482 AEquitii.
870 4388 905 4460 S.

365 4494 550 4568 Proiectus
570 4495 687 4570 Presb.
706 4497 803 4570 tituli
823 4499 978 4572 Damasi.
999 4503 1033 4574 S.
