3646 5292
916 400 1111 466 -256-

402 515 504 592 Sedis
521 516 672 592 Praesuli
689 541 710 590 a
728 518 894 618 praesenti
912 519 969 595 die
986 519 1097 596 donec
1109 519 1316 618 disponente
1333 517 1483 592 Domino
1496 515 1622 592 Catho-

401 629 481 706 licae
494 630 574 707 fidei
588 632 760 708 manserit
772 632 933 709 doctrina
946 633 1128 724 salutaris,
1137 633 1243 712 liceat
1256 632 1428 732 praedium
1443 631 1621 706 rusticum

402 755 689 846 quantecumque
700 747 808 824 luerit
820 747 878 824 vel
892 747 1155 846 magnitudinis
1165 748 1224 824 vel
1237 746 1459 844 exiguitatis,
1467 745 1533 820 sub
1547 770 1623 844 per-

402 869 509 956 petua
525 861 739 938 alienatione
756 862 815 938 vel
834 863 1111 939 commutatione
1134 863 1178 938 ad
1204 861 1397 938 cuiuslibet
1414 860 1493 934 iura
1509 869 1624 933 trans-

403 973 506 1064 ferre,
516 999 583 1051 uec
596 977 807 1075 cuiusquam
823 987 1039 1054 excusentur
1052 975 1278 1052 necessitatis
1295 974 1470 1048 obtentur.
1486 971 1624 1070 Quippe

402 1111 485 1162 eum
499 1112 569 1164 non
583 1091 631 1165 sit
642 1089 825 1189 personale
842 1092 934 1190 quod
947 1091 1136 1190 loquimur.
1151 1095 1226 1166 Nec
1242 1089 1375 1188 aliquis
1389 1088 1623 1174 Clericorum,

405 1201 462 1277 vel
480 1201 654 1279 laicorum
671 1204 738 1279 sub
755 1229 798 1280 ac
811 1206 995 1282 occasione
1008 1215 1153 1304 accepta
1166 1214 1321 1280 tueatur.
1339 1205 1408 1280 Sed
1425 1203 1462 1276 in
1483 1201 1624 1276 usufru-

403 1322 485 1389 ctus
503 1339 588 1390 rura
604 1315 784 1415 aliquibus
804 1317 881 1394 dari
904 1319 1020 1407 liceat,
1038 1342 1106 1394 nec
1122 1318 1204 1392 data
1218 1316 1366 1394 retineri
1380 1325 1509 1414 praeter
1521 1313 1625 1389 cleri·

404 1449 464 1501 cos
480 1433 517 1502 et
533 1427 694 1526 captivos
710 1439 817 1527 atque
830 1431 1048 1527 peregrinos,
1065 1455 1110 1506 ne
1128 1430 1221 1506 male
1234 1429 1430 1508 occasionis
1448 1427 1626 1502 ministre-

403 1547 465 1613 tur
482 1540 722 1630 cecesiacum
734 1543 942 1619 liberalitati
960 1543 1013 1617 illi
1031 1543 1102 1619 alia
1119 1543 1250 1620 itinera
1270 1552 1510 1620 reserventur.
1526 1543 1623 1614 Sane

403 1661 547 1728 tantum
571 1654 697 1731 domus
722 1656 941 1756 quibuslibet
966 1655 1113 1732 urbibus
1139 1657 1345 1746 constitute,
1369 1679 1522 1756 quarum
1553 1662 1624 1727 sta·

403 1775 482 1839 tum
499 1790 643 1843 necesse
655 1778 712 1844 est
724 1793 877 1867 expensa
890 1793 962 1845 non
976 1771 1112 1848 modica
1130 1770 1336 1856 sustentari,
1353 1767 1511 1868 acceptis
1528 1766 1558 1840 si
1575 1765 1623 1841 of·

404 1879 489 1955 ferri
503 1883 697 1978 contigerit
709 1883 777 1958 sub
789 1883 890 1958 iuxta
903 1883 1127 1962 estimatione
1138 1885 1345 1975 redditibus,
1353 1895 1389 1960 et
1399 1881 1514 1959 divini
1524 1881 1626 1956 timo-

405 2018 443 2071 re
460 1995 585 2071 iudicii
604 1997 878 2073 commodentur.

978 2121 1049 2207 xl.

844 2298 999 2354 Eiusdem
1017 2301 1049 2352 in
1067 2298 1194 2352 eodem.

500 2453 584 2528 Pari
602 2453 711 2528 etiam
729 2452 963 2530 ecclesiarum
980 2479 1043 2554 per
1055 2476 1177 2529 omnes
1189 2456 1356 2529 Romanae
1368 2451 1528 2529 civitatis
1542 2450 1628 2525 titu-

404 2565 457 2640 los
471 2566 532 2664 qui
545 2575 631 2641 sunt
643 2566 855 2666 presbyteri,
869 2566 928 2642 vel
942 2567 1160 2668 quicumque
1173 2570 1288 2645 futuri
1301 2577 1387 2643 suut
1399 2565 1555 2661 astringi
1568 2586 1628 2638 vo-

404 2679 526 2754 lumus
542 2679 624 2776 lege
640 2680 815 2771 custodes,
832 2680 916 2779 quia
933 2683 1034 2757 nefas
1051 2682 1188 2756 dictum
1205 2691 1260 2757 est
1272 2681 1488 2778 obligatione
1504 2702 1576 2776 qua
1590 2701 1628 2751 sc

407 2816 470 2890 per
483 2793 669 2868 caritatem
684 2793 820 2868 Christi
834 2795 1014 2870 connectit
1027 2821 1191 2869 summus
1204 2790 1380 2884 Pontifex,
1392 2819 1434 2870 ea
1445 2789 1627 2868 homiuem

403 2907 553 2981 secundi
570 2906 607 2980 in
625 2907 788 2982 aecclesia
804 2907 936 2983 ordinis
951 2908 1107 2983 retineri.
1123 2909 1348 3007 Quicumque
1360 2917 1481 2983 tamen
1494 2905 1627 2981 oblitus

405 3019 483 3109 Dei,
496 3029 532 3096 et
541 3019 675 3096 decreti
685 3019 794 3096 huius
803 3021 989 3098 immemor
1002 3022 1107 3097 cuius
1120 3025 1286 3098 Romanae
1299 3023 1459 3098 civitatis
1471 3019 1630 3096 sacerdo·

404 3141 459 3207 tes
476 3132 645 3208 volumus
663 3133 845 3231 religiosis
861 3135 1012 3210 nexibus
1029 3133 1215 3224 devinciri,
1233 3135 1270 3208 in
1289 3136 1525 3211 coustitutum
1542 3159 1630 3233 prae·

405 3271 487 3321 sens
504 3247 742 3337 committens,
755 3247 948 3346 quicquam
962 3249 1005 3324 de
1019 3252 1097 3324 iure
1114 3247 1303 3322 titulorum
1321 3249 1379 3324 vel
1397 3245 1559 3326 aeclesia
1571 3275 1630 3323 su·

405 3358 525 3456 penius
550 3359 708 3457 praefata,
734 3359 893 3457 quolibet
917 3361 1019 3435 modo
1045 3371 1172 3458 praeter
1196 3386 1340 3452 aurum,
1361 3373 1566 3460 argentum,
1591 3373 1629 3439 et

405 3495 580 3567 gemmas,
604 3483 723 3548 vestes
740 3496 878 3572 quoque
895 3475 926 3548 si
944 3483 1040 3564 sunt,
1057 3473 1116 3549 vel
1134 3475 1166 3548 si
1183 3473 1401 3551 accesserint
1419 3476 1540 3576 aliqua
1557 3499 1629 3551 mo·

407 3584 493 3659 bilia
507 3585 762 3661 adornamenta
775 3586 899 3661 divina
912 3587 1061 3662 minime
1075 3588 1290 3686 pertinentia
1303 3591 1557 3688 perpetuoiure
1571 3615 1628 3664 ex-

409 3697 523 3796 ceptis
536 3698 724 3773 dumtaxat
736 3697 804 3774 sub
817 3699 964 3796 praefata
977 3698 1182 3775 condicione
1193 3699 1355 3776 domibus
1367 3702 1524 3777 alienare
1541 3711 1631 3776 tem-

406 3811 573 3910 ptaverit,
590 3812 747 3904 donator,
763 3812 948 3906 alienator,
964 3839 1007 3891 ac
1025 3813 1188 3890 venditor
1204 3814 1347 3890 honoris
1364 3815 1420 3890 sui
1438 3815 1629 3891 amissione

408 3924 592 4000 multetur.

968 4051 1059 4142 nu.
1089 4023 1093 4028 ’

926 4227 963 4279 ln
980 4225 1106 4281 eadem.
1162 4265 1165 4272 .

501 4383 680 4454 Preterea
696 4380 758 4478 qui
775 4381 928 4479 petierit,
946 4389 1011 4456 aut
1028 4382 1217 4480 acceperit,
1235 4381 1294 4457 vel
1320 4383 1382 4480 qui
1400 4383 1628 4481 Presbytero

407 4519 487 4567 rum
505 4503 570 4567 aut
587 4495 824 4568 Diaconorum
842 4518 906 4568 seu
924 4493 1149 4569 defensorum
1167 4495 1266 4569 danti
1280 4493 1543 4595 subscripserit,
1561 4521 1630 4594 quo
