3582 5288
892 402 1088 466 -126-

380 519 417 590 in
434 542 504 616 quo
524 518 678 595 Nestorii
696 519 861 617 impietas
885 519 1076 597 iudicatur.
1101 523 1181 596 1111.
1206 519 1493 597 Chalcedonense
1519 545 1603 596 vero

379 632 554 709 DOXXX
565 633 604 707 in
617 657 686 732 quo
699 633 891 710 Euthichis
908 632 1140 730 Dioscorique
1157 631 1373 729 perversitas
1386 631 1603 729 reprobatur.

379 745 554 832 Quintum
572 770 710 846 quoque
727 747 930 824 Concilium
943 748 1110 824 CLXIIII
1127 750 1278 821 Patrum
1294 744 1429 844 pariter
1441 767 1603 833 veneror,

379 859 418 933 iu
442 883 511 958 quo
527 860 675 960 epistola
699 886 778 961 quae
803 861 863 937 Ibe
888 861 1023 938 dicitur
1047 860 1179 938 erroris
1202 859 1309 959 plena
1334 859 1541 958 reprobatur
1566 867 1602 935 et

381 973 584 1049 Theodorus
602 999 787 1074 personam
813 977 1017 1052 mediatoris
1042 976 1109 1052 Dei
1132 985 1169 1052 et
1193 975 1379 1050 hominum
1404 974 1443 1048 in
1466 971 1605 1048 duabus

378 1086 620 1164 subsistentiis
637 1113 806 1188 separans
830 1091 874 1166 ob
898 1089 1096 1190 impietatis
1120 1089 1304 1189 perfidiam
1329 1087 1499 1164 cecidisse
1523 1109 1606 1162 con·

379 1201 550 1278 vincitur.
568 1204 666 1280 Scita
683 1227 822 1304 quoque
839 1203 1046 1281 Theodoreti
1064 1228 1126 1302 per
1148 1228 1229 1302 qum
1252 1202 1347 1279 beati
1373 1201 1492 1278 Girilli
1517 1201 1605 1276 fidas

381 1314 653 1413 reprehenditur
669 1343 762 1393 ausu
779 1317 967 1396 dementiae
983 1317 1120 1417 prolata
1137 1319 1351 1394 refutantur.

887 1520 1102 1606 clxxxvi

806 1725 855 1776 Ex
872 1724 957 1778 libro
975 1724 1052 1778 vrtae
1071 1724 1177 1778 elusd.

476 1883 673 1981 Gregorius
689 1884 746 1959 illi
762 1883 822 1962 vel
839 1885 894 1959 illi
910 1885 1092 1986 Episcopo.
1106 1885 1252 1960 Obitum
1265 1883 1364 1958 illius
1376 1883 1541 1982 Episcopi
1554 1881 1605 1956 di-

383 2005 482 2074 recta
499 1997 624 2074 relatio
640 1999 818 2098 patefecit.
835 2003 1057 2101 Quapropter
1073 2001 1291 2076 visitationis
1315 1999 1475 2078 ecclesiae
1499 1997 1606 2073 desti-

382 2119 461 2186 tute
473 2110 693 2187 fraternitati
706 2121 778 2188 tuae
790 2135 933 2214 operam
946 2113 1190 2214 sollempniter
1202 2114 1419 2210 delegamus.
1428 2116 1543 2200 Quam
1553 2111 1604 2186 ita

381 2233 418 2299 te
434 2226 604 2302 convenit
620 2226 800 2319 exhibere,
818 2237 859 2303 ut
875 2227 988 2303 nichil
1013 2228 1056 2304 do
1081 2227 1367 2327 provectionibus
1391 2226 1604 2304 clericorum

383 2361 426 2413 ac
443 2337 486 2413 de
505 2338 621 2414 reditu
638 2349 674 2415 ct
689 2350 818 2416 ornatu
837 2339 1116 2440 ministeriisque
1133 2341 1192 2416 vel
1209 2341 1380 2440 quicquid
1392 2339 1483 2415 illud
1500 2350 1555 2416 ast
1566 2339 1604 2413 iu

384 2450 596 2547 patrimonio
612 2451 771 2529 eiusdem
788 2453 950 2530 ecclesiae
966 2479 988 2528 a
1004 2478 1181 2554 quoquam
1198 2463 1446 2553 praesumatur.
1463 2457 1510 2528 Et
1526 2452 1603 2527 ideo

384 2563 592 2641 fraternitas
608 2576 672 2642 tua
688 2568 733 2642 ad
751 2568 956 2666 praedictam
974 2568 1164 2644 ecclesiam
1183 2567 1234 2644 ire
1257 2567 1480 2666 preparabit,
1500 2576 1536 2642 ct
1551 2592 1605 2641 as

383 2677 497 2754 siduis
513 2680 832 2773 adhortationibus,
849 2691 885 2758 et
896 2683 1034 2759 clerum
1049 2680 1258 2779 plebemque
1270 2679 1429 2756 eiusdem
1442 2679 1603 2756 ccclesia

385 2790 574 2870 admonere
591 2793 746 2885 festinet,
772 2804 813 2870 ut
835 2805 972 2872 remoto
990 2793 1117 2883 studio,
1134 2816 1206 2868 uuo
1222 2793 1414 2891 eodemque
1429 2816 1604 2868 consensu

383 2904 492 2980 talem
506 2907 772 3004 praeficiendum
785 2907 852 2983 sibi
865 2916 1055 3007 expectent
1067 2906 1297 2992 sacerdotem,
1309 2905 1371 3004 qui
1384 2915 1421 2981 et
1432 2915 1533 2981 tanto
1542 2905 1605 2979 mi·

382 3019 530 3094 nisterio
546 3020 665 3098 valeat
682 3022 816 3119 dignus
830 3023 991 3122 reperiri,
1009 3031 1045 3097 at
1056 3045 1078 3094 a
1091 3019 1306 3096 venerandis
1318 3019 1514 3095 canonibus
1527 3018 1605 3093 nul·

378 3128 525 3206 latenus
542 3143 741 3232 respuatur.
759 3133 830 3222 Qui
847 3136 932 3210 dum
951 3134 1062 3210 fuerit
1079 3133 1281 3235 postulatus
1297 3159 1381 3209 cum
1405 3132 1605 3230 sollempni·

383 3252 457 3318 tate
473 3245 607 3322 decreti
632 3247 791 3322 omnium
816 3247 1137 3347 subscriptionibus
1161 3246 1322 3338 laborati,
1345 3257 1383 3322 et
1406 3245 1604 3323 dilectionis

383 3364 455 3430 tuae
471 3358 674 3434 testimonio
690 3359 893 3437 litterarum
910 3363 955 3436 ad
976 3384 1041 3436 nos
1065 3362 1279 3437 sacrandum
1304 3370 1478 3437 occurrat.
1505 3361 1606 3437 Corn·

383 3481 567 3547 monentes
584 3473 692 3547 etiam
711 3473 973 3551 fraternitatem
991 3485 1092 3550 tuam
1110 3486 1152 3550 ut
1168 3475 1309 3550 nullum
1327 3476 1370 3550 de
1386 3475 1500 3550 altera
1517 3473 1604 3572 eligi

382 3584 568 3681 permittas
584 3588 748 3679 ccclesia,
765 3589 836 3663 nisi
853 3590 944 3666 forte
962 3589 1056 3665 inter
1072 3589 1222 3667 clericos
1247 3590 1359 3688 ipsius
1383 3589 1543 3665 civitatis
1567 3589 1604 3662 in

382 3722 453 3797 qua
469 3699 687 3777 visitationis
703 3712 775 3778 tua
791 3704 1010 3803 impenditur
1026 3703 1183 3777 officium
1201 3703 1324 3776 nullus
1348 3703 1394 3777 ad
1418 3703 1605 3800 Episcopa-

382 3821 461 3886 tum
479 3813 613 3912 dignus
629 3817 722 3915 quod
738 3818 883 3894 evenire
900 3842 970 3894 non
987 3814 1167 3893 credimus
1184 3815 1313 3913 poterit
1329 3815 1495 3890 inveniri.
1521 3819 1600 3890 Pro·

382 3923 530 3999 visurus
545 3937 629 4002 anta
645 3929 764 4004 omnia
780 3955 826 4006 ue
843 3931 888 4006 ad
912 3929 1105 4007 cuiuslibet
1130 3931 1410 4010 conversationis
1433 3931 1601 4006 meritum

383 4033 485 4111 laicae
497 4061 655 4136 personae
666 4041 826 4139 aspirare
842 4055 1071 4140 praesumant,
1084 4052 1120 4118 et
1132 4053 1174 4119 tu
1186 4044 1387 4145 periculum
1400 4045 1535 4120 ordinis
1548 4047 1602 4120 tni

383 4148 475 4245 quod
491 4148 585 4225 absit
600 4151 775 4228 incurras.
792 4156 1009 4232 Monastcria
1024 4165 1145 4232 autam
1163 4159 1195 4232 si
1220 4181 1290 4256 qua
1315 4168 1401 4233 suut
1426 4159 1464 4232 iu
1490 4159 1602 4256 ipsius

382 4261 579 4338 constituta
595 4267 814 4365 parroechia,
831 4269 898 4344 sub
915 4278 979 4344 tua
996 4293 1084 4344 cura
1101 4270 1398 4371 dispositioneque
1419 4295 1603 4370 quousque

383 4371 460 4449 illic
476 4375 640 4476 proprius
656 4378 767 4456 fuerit
782 4380 978 4474 ordinatus,
994 4407 1072 4460 essa
1090 4385 1327 4463 concedimus.
