3638 5294
905 413 1035 480 -446
1063 445 1101 462 -

389 536 548 613 omnium
578 546 614 614 et
639 536 701 636 qui
726 525 847 614 eorum
877 536 1007 632 fugiat,
1033 560 1078 611 ne
1108 549 1221 612 morte
1246 534 1405 609 emnium
1431 533 1621 610 deseratur

391 651 564 727 eccclesia.
583 651 669 726 Tale
683 650 812 748 quippe
833 660 1016 726 certamen
1030 647 1099 723 erit
1113 649 1206 723 inter
1224 672 1293 736 eos,
1307 648 1368 722 nbi
1386 646 1530 746 utrique
1547 648 1622 722 fer·

389 777 500 840 veant
521 767 681 854 caritate,
707 773 742 840 et
766 765 909 864 utrique
938 763 1103 861 placeant
1127 762 1279 838 caritati.
1305 764 1382 848 Que
1405 761 1621 860 disceptatio

392 878 547 954 sialiter
568 903 638 955 non
664 877 820 977 potuerit
845 874 1042 964 terminari,
1068 885 1244 974 quantum
1270 873 1358 948 mihi
1384 873 1528 949 videtur
1553 873 1618 972 qui

393 1000 562 1068 maneant
583 1000 619 1068 et
644 991 706 1090 qni
732 990 878 1086 fugiant
899 999 991 1066 sorte
1012 987 1169 1085 eligendi
1192 997 1288 1063 sunt.
1310 987 1380 1075 Qui
1402 987 1498 1062 enim
1522 987 1621 1061 dixe·

393 1105 468 1180 rint
492 1129 530 1180 se
556 1105 672 1203 potins
697 1104 870 1200 defugere
895 1103 1031 1190 debere,
1052 1111 1117 1176 aut
1136 1101 1254 1177 timidi
1276 1100 1507 1190 videbuntur,
1531 1101 1618 1198 quia

392 1217 585 1292 imminens
602 1217 737 1314 mal-um
755 1217 932 1291 sustinere
949 1215 1153 1302 noluerunt,
1166 1223 1230 1288 aut
1243 1221 1465 1310 arrogantes,
1479 1212 1564 1311 quia
1577 1237 1617 1287 se

393 1331 512 1427 magis
540 1331 602 1429 qui
631 1330 797 1408 servandi
827 1339 947 1404 essent
972 1327 1191 1404 necessarios
1216 1327 1387 1404 aecclesiae
1404 1327 1616 1402 indicarent.

291 1485 304 1552 .'
393 1443 528 1519 Deinde
545 1444 705 1519 fortassis
722 1443 746 1516 ii
766 1443 828 1542 qni
848 1442 1010 1518 meliores
1026 1452 1113 1516 sunt
1128 1439 1269 1537 eligent
1281 1463 1343 1539 pro
1357 1440 1530 1516 fratribus
1541 1439 1617 1512 ani·

395 1583 471 1633 mas
484 1569 669 1656 ponerent
680 1559 732 1632 hii
747 1570 939 1634 servantur
953 1555 1134 1652 fugiende,
1147 1579 1298 1654 quorum
1312 1565 1366 1630 est
1379 1555 1481 1630 utilis
1495 1555 1617 1629 minus

392 1671 479 1762 vita,
496 1671 581 1770 quia
599 1672 714 1746 minor
730 1671 937 1748 consulendi
956 1681 991 1746 et
1008 1669 1234 1765 gubernandi
1248 1671 1387 1768 peritia.
1406 1671 1475 1757 Qui
1494 1682 1615 1744 tamen

392 1787 422 1861 si
441 1786 497 1885 pie
514 1787 654 1884 sapient
671 1785 954 1862 contradicentes
973 1785 1056 1868 illos¹
1071 1784 1164 1860 male
1177 1779 1305 1882 fugere
1327 1809 1414 1883 quos
1435 1783 1560 1859 vident
1581 1795 1619 1858 et

392 1900 518 1976 vivere
530 1901 648 2002 potius
664 1910 834 1998 oportere,
851 1910 887 1976 et
906 1899 1022 1996 magis
1039 1899 1129 1973 mori
1143 1899 1249 1974 mallo
1263 1924 1371 1998 quam
1384 1899 1523 1996 fugere.
1536 1899 1619 1974 idco

392 2013 651 2110 scriptumest,
672 2014 968 2090 contradictiones
994 2013 1094 2088 sedat
1118 2013 1266 2104 sortitio,
1291 2024 1327 2089 et
1352 2013 1618 2110 interponentes

393 2126 533 2202 diffinit.
542 2127 672 2202 Melius
681 2127 777 2204 enim
792 2129 829 2201 in
843 2127 1047 2203 huiusmodi
1060 2127 1274 2225 ambagibus
1284 2131 1381 2204 Deus
1390 2153 1497 2226 quam
1508 2151 1616 2225 quam

392 2237 555 2315 homines
567 2239 711 2316 iudicet.
726 2243 772 2316 Et
784 2251 862 2338 post
875 2266 997 2339 pauca.
1010 2245 1124 2316 Nemo
1136 2241 1291 2340 accipiat
1303 2265 1489 2340 personam
1503 2265 1618 2329 suam,

393 2363 435 2426 ut
452 2351 482 2426 si
500 2351 621 2451 aliqua
638 2353 759 2449 gratia
776 2353 918 2428 videtur
935 2355 1121 2444 excellere,
1139 2355 1216 2430 ideo
1232 2380 1271 2431 sc
1288 2357 1385 2432 dicat
1402 2356 1489 2444 vita,
1513 2367 1550 2429 et
1574 2353 1617 2428 ob

391 2463 457 2541 hoc
474 2465 565 2562 fuga
582 2489 659 2541 esse
685 2465 893 2562 digniorem.
920 2467 1093 2566 Quisquis
1118 2467 1215 2543 enim
1242 2467 1309 2544 hcc
1334 2477 1447 2568 putat,
1463 2468 1617 2542 nimium
1659 2517 1661 2520 -

391 2577 460 2650 sibi
478 2576 605 2675 placet.
623 2578 794 2676 Quisquis
811 2589 931 2654 autem
945 2581 1054 2656 etiam
1072 2581 1139 2658 hoe
1156 2581 1252 2657 dicat
1271 2583 1438 2658 omnibus
1457 2583 1616 2680 dispicet.

393 2693 441 2765 Et
453 2689 557 2764 infra.
571 2690 798 2789 Quicumque
811 2692 927 2788 igitur
940 2693 1008 2768 isto
1022 2694 1122 2768 modo
1135 2693 1244 2790 fugit,
1257 2704 1299 2769 nt
1312 2693 1483 2770 oeeclesiae
1499 2698 1618 2769 neees-

392 2801 527 2876 sarium
547 2802 786 2879 ministerium
805 2805 865 2879 illo
882 2805 1045 2900 fugiente
1062 2829 1133 2881 non
1150 2807 1252 2896 desit,
1269 2807 1358 2882 facit
1382 2808 1475 2906 quod
1500 2807 1617 2882 Domi·

391 2939 461 2989 nus
472 2915 637 3012 praecipit
648 2915 706 2990 vel
718 2917 905 3016 permittit.
917 2917 988 3005 Qui
1001 2929 1122 2994 autem
1132 2919 1185 2995 sic
1198 2919 1307 3016 fugit,
1322 2931 1362 2994 nt
1374 2919 1502 3016 gregis
1515 2919 1617 2996 Chri-

391 3028 439 3102 sti
456 3052 498 3102 ea
515 3027 645 3125 quibus
658 3028 895 3126 spiritualiter
907 3029 1002 3106 vivit
1013 3032 1185 3108 alimenta
1198 3032 1468 3122 subtrahantur,
1485 3057 1616 3107 mercc-

390 3138 516 3214 narius
532 3139 594 3214 ille
610 3149 665 3214 est
681 3141 743 3238 qui
760 3141 860 3217 videt
881 3141 1007 3240 lupum
1032 3145 1237 3221 venientem
1256 3154 1292 3221 et
1317 3145 1425 3242 fugit,
1450 3145 1617 3243 quoniam

391 3276 463 3328 non
481 3254 513 3329 ei
532 3279 620 3330 cura
638 3253 680 3330 de
698 3255 835 3330 ovibus.
853 3256 985 3332 Melius
1002 3268 1124 3334 tamen
1142 3259 1234 3358 quod
1251 3259 1289 3332 iu
1306 3258 1364 3334 his
1382 3259 1552 3359 periculis
1568 3259 1619 3332 fa-

391 3366 530 3442 ciamus
547 3366 710 3444 invenire
727 3392 798 3444 non
816 3393 1016 3470 possumus,
1033 3397 1140 3470 qnam
1167 3372 1345 3448 orationes
1362 3372 1408 3446 ad
1425 3371 1618 3447 Dominum

391 3481 507 3554 Deum
525 3490 686 3555 nostrum
705 3491 746 3555 ut
763 3481 979 3558 misereatur
996 3484 1118 3559 nostri.
1141 3484 1242 3571 Quod
1266 3485 1384 3584 ipsum
1411 3484 1553 3561 scilicet
1576 3493 1618 3558 nt

391 3591 571 3667 aecclesias
587 3616 657 3668 non
674 3593 848 3684 deserent,
866 3594 932 3672 Dei
953 3597 1042 3672 dono
1059 3597 1221 3671 nonnulli
1237 3597 1430 3695 prudentes
1447 3609 1484 3672 et
1500 3597 1617 3672 sancti

390 3705 462 3778 viri
475 3714 511 3780 et
524 3705 616 3781 velle
630 3715 666 3782 et
679 3707 797 3783 facere
811 3720 1034 3800 meruerunt,
1046 3721 1082 3784 et
1095 3709 1189 3786 inter
1202 3710 1326 3786 dentes
1339 3710 1617 3786 obtrectantium

389 3841 411 3892 a
428 3817 485 3892 sui
502 3818 608 3918 positi
626 3819 825 3897 intentione
843 3821 992 3899 minime
1009 3821 1228 3898 defecerunt.

922 4023 1096 4108 cxxffll.

692 4223 785 4278 Idem
803 4225 836 4276 ln
855 4223 937 4278 llbrc
957 4223 1000 4278 de
1018 4223 1084 4278 fide
1103 4227 1138 4278 et
1156 4227 1321 4292 operibus.

411 4373 413 4379 ’
486 4387 601 4458 Erant
617 4383 777 4460 homines
794 4408 865 4460 nen
883 4395 1069 4462 servantes
1087 4386 1242 4478 modum,
1259 4413 1342 4464 eum
1360 4388 1397 4461 in
1413 4415 1522 4462 unam
1542 4413 1621 4487 par·

389 4505 463 4570 tem
481 4495 687 4594 procliviter
704 4497 755 4572 ire
772 4497 933 4594 ceperint
949 4523 1018 4574 non
1033 4499 1233 4598 respiciunt
1245 4501 1378 4574 divinae
1390 4502 1621 4578 auctoritatis
1798 4521 1799 4602 l
