3582 5288
703 442 744 456 ..
771 411 812 472 97
837 443 881 456 ..-

178 529 221 599 ln
248 537 392 602 tantum
417 539 539 603 autem
564 528 658 604 lianc
685 532 996 628 praesumptionem
1023 535 1138 608 sancti
1164 545 1283 631 patres
1308 535 1401 632 npud

182 640 419 719 calcedonam
437 641 605 717 detestati
623 653 718 733 sunt,
732 654 774 722 ut
787 644 996 722 Dioscorum
1012 647 1294 726 Alexandrinum
1311 647 1401 722 anti-

176 755 303 830 stitem
320 755 415 830 inter
432 766 572 844 coetera,
590 756 722 832 iccirco
738 757 964 854 potissimum
982 758 1058 834 sine
1076 759 1150 838 ulla
1176 760 1400 839 restitutione

177 867 537 966 damnaverintque
551 893 684 967 ponens
697 869 734 946 in
749 871 866 946 celum
880 896 1037 952 ossuum
1052 874 1177 970 lingua
1191 875 1270 948 eius
1285 885 1401 948 trans-

175 991 284 1056 eunte
302 1007 409 1082 super
427 992 573 1072 terrem,
586 986 991 1062 excommunicationem
1011 989 1049 1060 in
1068 997 1233 1064 sanctum
1247 991 1399 1063 Leonem

178 1100 314 1196 Papam
333 1099 496 1189 dictavit,
513 1098 564 1172 ita
582 1098 679 1173 utin
696 1101 886 1197 proesentia
907 1112 1030 1177 contra
1047 1102 1164 1200 ipsum
1182 1101 1317 1200 prolata
1334 1101 1402 1178 hoc

178 1212 370 1288 videantur
388 1236 589 1288 memorare·
600 1213 779 1310 praecipuc
793 1215 962 1290 dicentes
975 1215 1150 1302 Quoniam
1164 1212 1330 1291 secundis
1344 1241 1401 1290 ex·

176 1327 336 1401 censibus
361 1327 512 1424 priorem
538 1327 765 1424 iniquitatem
791 1327 895 1402 ualde
920 1329 1151 1405 transcendit.
1177 1330 1400 1428 Presumpsit

177 1441 579 1518 excommunicationem
593 1442 729 1516 dictare
743 1444 934 1518 adversum
948 1444 1217 1518 sanctissimum
1226 1455 1264 1518 et
1274 1444 1400 1520 beatis·

178 1555 312 1628 simum
331 1555 649 1652 Archiepiscopum
666 1558 766 1629 Rom}
783 1555 956 1631 Ecclesiae
974 1559 1135 1631 Leonem.
1150 1557 1335 1655 Numquid
1351 1557 1401 1633 ibi

177 1667 313 1763 legitur·
337 1668 606 1766 inquisitionem
624 1669 735 1744 fnisse
753 1669 899 1758 iactam,
925 1679 1048 1743 utrum
1073 1669 1167 1744 iuste
1191 1695 1237 1743 an
1268 1671 1402 1746 iniuste

178 1781 369 1858 Dioscorus
392 1783 506 1881 ipsam
532 1783 935 1858 excommunicationem
961 1782 1158 1858 dictasset?
1182 1785 1262 1858 Non
1287 1783 1401 1882 plane.

177 1895 246 1970 Sed
262 1895 397 1994 absque
414 1896 510 1970 omni
529 1897 771 1970 controversia
789 1896 855 1971 hoc
873 1895 911 1968 in
936 1918 976 1969 eo
1002 1895 1071 1968 ulti
1097 1897 1295 1996 suntquis
1316 1923 1399 1973 curn

174 2020 267 2085 osset
284 2010 432 2086 inferior
449 2010 617 2108 potiorem
639 2010 859 2108 quibuslibet
876 2019 1026 2084 conatus
1043 2019 1097 2083 est
1114 2007 1290 2086 lacessere
1310 2011 1403 2084 inin·

175 2123 238 2197 riis
248 2128 266 2198 *ἒ
285 2127 389 2200 Teste
408 2125 597 2198 Anatbolio
624 2122 1014 2220 Constantinopolitano
1039 2123 1191 2220 praesule
1216 2127 1278 2222 qui
1304 2123 1400 2199 dicit.

174 2240 323 2334 Propter
341 2237 445 2313 fidem
463 2259 533 2310 non
550 2246 604 2312 cst
621 2237 836 2334 dampnatus
854 2236 1054 2326 Dioscorus,
1072 2236 1133 2310 sed
1150 2237 1233 2335 quia
1258 2261 1400 2313 excom·

175 2350 457 2426 municationem
470 2341 557 2426 iecit
570 2350 697 2424 domno
708 2351 981 2448 Archiepiscopo
990 2349 1108 2425 Leoni.
1116 2353 1207 2425 Item
1217 2351 1254 2424 in
1266 2351 1400 2428 eadem.

174 2464 355 2550 Quomodo
373 2487 443 2538 non
460 2475 565 2560 egeat
582 2463 747 2562 quaelibet
760 2464 919 2561 synodus
932 2466 1091 2541 Romana
1104 2465 1185 2539 sede
1204 2465 1344 2563 qnando
1361 2465 1400 2539 in

174 2577 356 2675 Ephesino
368 2577 566 2666 latrocinio,
578 2577 721 2653 cunctis
735 2577 945 2674 praesulibus
954 2577 1086 2674 etipsis
1096 2577 1305 2674 praesulibus
1318 2589 1400 2678 qno'-

174 2714 241 2786 que
260 2689 475 2787 patriarchis
491 2690 767 2788 prolabentibus,
784 2691 855 2764 nisi
874 2714 1030 2786 magnus
1043 2695 1122 2780 Leo,
1135 2691 1294 2767 imitator
1307 2692 1401 2770 scilia

177 2812 234 2877 cet
250 2803 350 2878 illius
369 2803 494 2878 Leonis
511 2803 554 2878 dc
571 2827 640 2902 quc
656 2805 831 2900 scriptum
849 2815 904 2878 ost
928 2803 1018 2878 vicit
1035 2807 1104 2880 Leo
1121 2805 1163 2880 de
1180 2805 1277 2881 tribu
1302 2807 1401 2896 luda,

173 2916 319 2990 divinus
338 2917 516 2992 excitatus
532 2941 570 2990 os
586 2917 761 3014 aperiens
776 2927 891 2992 tolum
914 2917 1033 2992 orbem
1059 2929 1095 2994 et
1107 2906 1236 3016 'ipsum
1262 2943 1401 3018 quoque

170 3019 384 3126 Augustum
401 3039 607 3106 concuteret
631 3039 668 3104 et
683 3030 727 3102 ad
744 3029 913 3127 pietatem
930 3039 1179 3122 commoveret,
1198 3031 1326 3128 religio
1343 3057 1400 3108 cn·

174 3141 306 3219 thelica
324 3143 467 3242 penitus
483 3155 675 3220 corrueret.

712 3370 847 3455 GXXX.

268 3598 455 3698 Nycolaus
471 3599 669 3696 Episcopus
682 3621 807 3672 servus
820 3621 1007 3704 servornm
1021 3599 1086 3676 Dei
1099 3599 1228 3677 dilecto
1246 3601 1318 3677 filio
1331 3603 1397 3676 Mi·

172 3711 290 3788 chaeli
307 3710 462 3810 glorioso
478 3710 687 3809 Imperatori
705 3711 921 3787 Graecornm.
939 3713 1084 3810 Oportet
1109 3701 1271 3790 nestrum
1289 3714 1399 3814 impe·

173 3825 262 3900 riale
279 3825 389 3902 decus
406 3824 499 3923 quod
516 3824 554 3898 in
571 3824 738 3902 omnibns
755 3825 1018 3903 ecclesiasticis·
1026 3827 1246 3904 utilitatibus
1271 3828 1397 3924 vigere
1444 3887 1452 3897 .

173 3937 380 4014 audivimus
401 3949 442 4014 ut
467 3939 655 4038 antiquum
674 3963 808 4016 morem
831 3964 937 4038 quem
959 3952 1079 4017 nostra
1105 3943 1255 4020 ecclesia
1271 3943 1397 4020 hebuit

173 4051 304 4128 vestris
316 4051 534 4148 temporibus
544 4061 746 4127 restaurare
760 4053 961 4150 dignemini
974 4066 1151 4154 quatenus
1164 4057 1281 4134 vicem
1290 4083 1397 4157 quam

173 4175 295 4242 nostre
313 4165 421 4240 Sedes
439 4187 500 4262 per
517 4164 710 4263 Episcopus
726 4167 858 4241 vestris
875 4168 913 4240 in
930 4169 1093 4267 partibus
1110 4170 1321 4246 constitutos
1338 4169 1399 4245 ha·

172 4281 260 4370 buit,
277 4279 445 4354 videlicet
463 4279 815 4356 Thessalonicensem
834 4281 896 4378 qni
914 4285 1082 4359 Romanoe
1099 4283 1192 4360 sedis
1208 4284 1325 4360 vicem
1338 4307 1399 4381 per

173 4397 337 4494 Eppium
354 4405 512 4469 veterem
530 4396 770 4493 Epyrumqne
786 4418 921 4469 novum
940 4407 1048 4495 atque
1071 4395 1260 4487 Illiricum,
1284 4400 1400 4474 Mace-

173 4507 325 4596 doniam,
343 4504 575 4597 Thessaliam,
592 4507 777 4598 Achaiam,
795 4509 943 4584 Daciam
963 4509 1152 4609 ripensem,
1165 4510 1313 4603 Daciam
1327 4536 1399 4588 me-

1194 4626 1211 4680 r
