3654 5302
749 403 945 466 -3o1-

776 574 918 659 XXXV.

332 745 506 822 Silvester
524 749 619 844 Papa
637 745 676 820 in¹
693 747 845 824 coneilio
859 749 1095 824 CCLXXVII
1108 749 1373 848 Episcopornm.
1388 751 1456 824 Ne

233 885 290 936 mo
310 859 483 936 iudicabit
501 859 651 958 primam
670 861 800 952 sedem,
826 863 994 960 quoniam
1020 886 1143 937 omues
1170 863 1271 938 sedes
1295 889 1317 936 a
1342 862 1457 960 prima

235 975 317 1050 sede
334 974 474 1050 iustitia
491 973 695 1050 desiderant
719 977 919 1074 temperari.
936 978 1050 1052 Nemo
1075 975 1120 1050 ab
1137 981 1316 1073 Augusto,
1340 999 1455 1074 neque

232 1089 277 1163 ab
293 1088 389 1162 omni
406 1087 500 1165 clero
517 1112 671 1185 nequeo
697 1089 823 1190 populo
848 1091 956 1166 iudex
980 1089 1209 1166 iudicabitur.
1231 1095 1280 1166 Et
1304 1090 1457 1166 subseri·

234 1210 383 1300 pserunt
407 1224 529 1276 omnes
555 1199 720 1299 Episcopi
743 1212 779 1278 et
795 1206 893 1278 XLV
913 1202 1120 1301 Presbyteri
1145 1215 1183 1280 et
1210 1203 1359 1280 Diaconi
1385 1205 1456 1277 Vll

234 1323 272 1390 et
291 1320 484 1413 Augustus
502 1315 764 1392 Constantinus
780 1326 817 1392 et
834 1327 949 1392 mater
964 1315 1087 1392 Elena.

756 1483 920 1568 XXXVI.

532 1637 582 1688 Ex
601 1635 734 1689 decreto
754 1637 931 1690 Innocentii
949 1648 1021 1702 cap.
1041 1638 1159 1690 xxm.

330 1769 528 1858 Quaesitum
547 1781 601 1846 est
617 1769 726 1874 etiam
744 1796 850 1870 super
867 1770 924 1846 his
942 1772 1003 1872 qui
1020 1782 1099 1872 post
1115 1771 1332 1870 baptismum
1346 1771 1457 1846 admi·

237 1884 496 1975 nistraverunt,
513 1893 549 1960 et
565 1895 630 1960 aut
646 1894 824 1960 tormenta
841 1886 916 1960 sola
933 1898 1183 1976 exercuerunt,
1196 1896 1260 1962 aut
1273 1886 1381 1962 etiam
1398 1909 1456 1960 ca·

231 1997 341 2098 pitale
363 1998 780 2096 protuleresententiam.
794 2000 845 2074 De
858 2001 915 2076 his
926 2001 1042 2078 nichil
1055 2001 1247 2096 legimusa
1262 1999 1456 2074 maioribus

232 2112 441 2187 diffinitum.
457 2111 697 2188 Meminerant
714 2113 810 2187 enim
833 2115 945 2190 aDeo
970 2124 1125 2213 potestas
1150 2112 1215 2188 has
1240 2113 1351 2188 fuisse
1375 2136 1457 2188 con-

233 2233 416 2316 nesciaet
441 2235 582 2324 propter
608 2225 806 2301 vindictam
823 2227 1030 2316 noxiorum,
1051 2227 1216 2324 gladium
1243 2227 1356 2301 fuisse
1380 2251 1456 2326 per·

233 2339 393 2429 missum,
411 2349 447 2414 et
468 2339 534 2414 Dei
559 2339 766 2414 ministrum
792 2365 869 2416 esse
896 2343 1019 2416 datum
1045 2341 1083 2414 in
1109 2339 1312 2414 huiusmodi
1339 2339 1455 2413 vindi-

232 2463 338 2530 otam.
356 2453 534 2542 Quomodo
551 2453 666 2550 igitur
684 2451 984 2551 reprehenderent
1000 2454 1138 2529 iactum
1156 2462 1302 2528 auctore
1316 2456 1388 2528 Deo
1401 2453 1454 2524 vi·
1506 2515 1510 2524 .

232 2568 357 2642 darent
373 2591 449 2642 esse
467 2571 705 2642 conoessum?
722 2570 774 2642 De
791 2567 847 2641 his
864 2592 950 2664 ergo
967 2569 1018 2642 ita
1036 2577 1077 2642 nt
1094 2577 1246 2643 actenus
1267 2575 1452 2642 servatum

232 2691 297 2772 est,
321 2681 373 2757 sic
393 2680 577 2770 habemus,
594 2705 639 2755 ue
656 2690 720 2753 aut
737 2679 962 2778 disciplinam
981 2690 1154 2770 evertere,
1170 2687 1235 2754 aut
1252 2688 1375 2754 eontra
1392 2703 1455 2752 au-

232 2795 433 2870 ctoritatem
458 2793 600 2868 Domini
626 2795 750 2870 venire
775 2795 974 2871 videamur.
990 2794 1083 2892 Ipsis
1107 2802 1227 2868 autem
1253 2792 1292 2865 in
1317 2791 1454 2866 ratione

233 2907 407 2982 reddenda
419 2916 522 3002 gesta
536 2932 601 2980 sua
615 2908 735 2980 omnia
756 2906 1008 2984 serrabuntur.
1024 2907 1121 2982 Idem
1136 2931 1212 3006 cap.
1225 2907 1342 2979 XXV.
1359 2903 1454 2978 Illud

231 3019 339 3094 etiam
357 3017 533 3094 sciscitari
552 3019 710 3111 voluisti,
727 3045 774 3092 an
792 3044 915 3118 preces
928 3021 1149 3096 dictantibus
1164 3019 1317 3094 liberum
1331 3041 1454 3094 conoe·
1548 3063 1552 3071 ·

235 3134 341 3208 datur
358 3132 482 3230 ntique
500 3144 578 3230 post
600 3133 816 3231 baptismum
842 3161 864 3208 a
888 3133 1110 3233 principibus
1134 3155 1278 3232 poscere
1303 3143 1451 3208 mortem

231 3245 464 3338 alieuius‚rel
475 3247 653 3344 sanguine
667 3249 709 3322 de
723 3258 835 3323 reatu.
845 3251 959 3336 Quam
975 3275 1050 3324 rem
1064 3248 1242 3349 principes
1255 3271 1452 3345 numquam

128 3382 133 3394 ’
233 3359 309 3434 sine
327 3359 533 3457 cognitione
551 3361 761 3451 concedunt,
779 3361 839 3436 sed
856 3361 900 3435 ad
922 3362 1059 3437 iudices
1076 3361 1228 3438 crimina
1245 3385 1383 3459 semper
1401 3385 1453 3436 re·

97 3513 118 3538 .·
234 3473 455 3563 mittunt'ut
471 3499 581 3553 causa
597 3475 744 3570 cognita
761 3474 966 3552 iudicentur
983 3501 1062 3575 quae
1079 3499 1162 3552 eum
1181 3474 1361 3574 quaesitori
1378 3473 1454 3550 fue-

232 3586 305 3662 rint
321 3586 497 3684 delegata‚
515 3585 573 3662 vel
591 3587 777 3679 absolutio,
793 3589 852 3664 vel
870 3590 1085 3690 dampnatio,
1098 3612 1160 3690 pro
1182 3587 1318 3685 negotii
1341 3587 1454 3686 quali·

230 3710 303 3776 tate
316 3700 504 3799 profertur,
518 3709 554 3775 et
566 3699 651 3774 dum
666 3700 787 3798 legum
804 3702 841 3776 in
855 3702 1030 3802 improbos
1043 3711 1232 3778 exercetur
1245 3701 1452 3793 auctoritas,

229 3813 467 3890 eritdiotator
484 3813 665 3888 immunis.

649 3979 653 3986 ·
754 3938 932 4024 XXXVII.

585 4097 636 4168 Ex
655 4113 786 4169 decreto
806 4117 907 4182 Papae
927 4117 1090 4170 celestini.

324 4269 511 4345 Dooendus
529 4279 584 4344 est
600 4270 762 4368 populna,
774 4295 844 4346 uon
860 4272 1073 4370 sequendus
1086 4295 1220 4369 nosque
1234 4271 1263 4345 si
1282 4269 1451 4346 nesciunt

228 4405 286 4457 eos
303 4384 395 4481 quod
412 4383 531 4474 liceat,
548 4384 687 4482 quodve
703 4408 774 4460 non
792 4385 909 4477 liceat,
932 4409 1167 4477 commouere,
1191 4407 1262 4461 non
1287 4384 1344 4460 his
1370 4408 1452 4460 con-

230 4519 374 4572 sensum
392 4497 546 4598 praeberc
563 4498 742 4578 debemus.
