3638 5294
886 429 925 446 -
951 389 1016 459 478
1042 429 1082 445 -

372 527 407 594 et
424 519 572 617 reliquis
589 518 731 594 clericis
745 519 848 592 iuxta
865 514 1167 615 compositionem,
1185 521 1221 589 et
1237 515 1379 588 bannus
1395 516 1524 587 noster.
1539 511 1595 584 Si·

373 632 507 708 militer
525 631 722 730 peremnia
739 632 781 707 de
799 632 875 706 ictu
893 630 970 704 sine
989 627 1180 724 sanguinis
1198 627 1378 717 offusione,
1392 637 1428 702 et
1443 627 1594 722 insuper

372 745 512 820 bannus
529 755 658 820 noster.
677 750 721 820 Et
738 744 799 842 qui
817 769 888 818 non
909 743 1020 818 habet·
1033 742 1127 816 unde
1148 741 1338 838 persolvat,
1362 739 1467 814 dedat
1491 764 1529 813 se
1554 739 1594 811 in

373 859 563 934 servitium
588 859 769 948 aecclesiae,
786 857 984 955 usquedum
1010 863 1124 930 totum
1150 854 1309 928 debitum
1336 853 1524 950 persolvat.
1549 853 1594 924 In

374 973 518 1047 eisdem.
542 975 593 1046 De
611 973 829 1070 presbytero
845 981 881 1047 et
897 971 939 1045 de
956 969 1240 1066 uniuscuiusque
1264 968 1398 1042 ordinis
1423 966 1518 1042 clero
1542 989 1597 1038 se·

374 1086 532 1160 cundum
551 1111 654 1159 suam
671 1083 957 1182 compositionem
975 1083 1012 1156 in
1031 1083 1138 1182 triplo
1155 1083 1390 1181 persolvatur,
1402 1091 1439 1156 et
1451 1081 1596 1155 bannus

374 1208 495 1300 poster
511 1199 541 1272 si
559 1197 680 1295 aliqua
697 1198 831 1272 iniusta
848 1197 905 1271 vis
919 1197 970 1272 eis
983 1195 1085 1271 illata
1098 1196 1217 1271 fuerit.
1230 1199 1273 1270 In
1286 1195 1428 1270 eisdem.
1441 1192 1598 1288 Presby-

374 1319 430 1386 ter
447 1310 659 1384 vulneratus
676 1319 740 1383 aut
757 1334 860 1385 cesus
878 1309 908 1383 si
935 1320 1084 1384 mortem
1102 1309 1268 1398 evaserit,
1285 1309 1371 1382 vitra
1387 1305 1595 1404 compositio

375 1423 478 1498 cedat
494 1423 710 1522 presbytero.
730 1423 768 1496 Si
785 1445 871 1498 vero
888 1430 1049 1497 mortuus
1066 1421 1192 1511 fuerit,
1203 1419 1309 1496 altari
1333 1419 1393 1496 cui
1418 1417 1598 1494 serviebat

375 1557 458 1633 pars
474 1561 558 1626 una,
575 1535 689 1610 altera
706 1535 888 1635 Episcopo,
904 1537 970 1609 ΙΙΙΙ
991 1533 1198 1632 parentibus
1215 1533 1385 1609 solvatur.

888 1700 986 1786 CLV,
1012 1698 1093 1797 (sic)

645 1857 727 1909 Item
747 1868 788 1908 ex
807 1855 934 1926 eisdem
951 1857 1081 1921 legibus
1100 1867 1173 1922 cap.
1193 1857 1325 1910 xxvn.

418 2003 420 2008 ’
475 1991 543 2078 Qui
574 1991 828 2065 subdiaconum
853 1991 1022 2066 occiderit
1048 1990 1140 2068 000
1165 1991 1285 2066 solidis
1310 1999 1508 2088 componat,
1532 1988 1597 2085 qui

380 2104 569 2180 diaconum
583 2104 705 2206 CCCC
717 2103 850 2192 solidis
863 2104 925 2201 qni
939 2104 1196 2202 Presbyterum
1211 2105 1282 2180 DC.
1295 2105 1366 2192 Qui
1380 2102 1596 2198 monachum

379 2217 470 2304 000
488 2215 608 2291 solidis
626 2227 820 2314 componat.
838 2221 929 2292 Item
951 2217 988 2289 in
1015 2217 1146 2291 eisdem
1166 2241 1241 2314 cap.
1264 2219 1329 2291 Ill.
1352 2217 1530 2291 Volumus
1557 2223 1599 2286 ut

380 2351 443 2426 pro
460 2329 702 2431 ecclesiastico
718 2329 857 2420 honore,
875 2339 911 2404 et
927 2353 988 2428 pro
1005 2329 1150 2404 illorum
1169 2331 1371 2406 reverentia
1396 2328 1597 2405 sacerdotes

279 2503 281 2509 .
379 2443 568 2518 advocatos
585 2441 726 2518 habent.

932 2577 1046 2662 ouvl.

474 2779 516 2850 In
534 2775 744 2872 Evangelio,
769 2775 890 2851 Nolite
914 2775 1148 2852 condemnare
1173 2785 1209 2852 et
1233 2799 1303 2851 non
1329 2773 1600 2872 condempnabi-

380 2889 481 2963 mini.
498 2887 540 2963 In
559 2913 627 2986 quo
640 2889 735 2964 enim
750 2889 882 2965 iudicio
898 2889 1144 2964 iudicaveritis
1161 2888 1419 2965 iudicabimini.
1437 2889 1476 2961 si
1493 2889 1600 2964 scire

300 3083 305 3094 ,
380 3002 428 3075 tis
446 3002 537 3099 quod
551 3025 617 3097 ego
635 3001 913 3077 misericordiam
931 2999 1010 3076 volo
1027 3012 1063 3076 et
1080 3026 1148 3078 non
1168 3002 1397 3091 sacrificium,
1411 3026 1596 3100 nunquam

381 3113 706 3210 condempnassetis
719 3113 956 3188 innocentem.
969 3115 1010 3188 In
1024 3115 1163 3190 actibus
1181 3115 1438 3213 Apostolorum.
1451 3119 1532 3189 Non
1545 3124 1600 3190 est

380 3227 598 3301 consuetudo
615 3229 852 3301 Romanorum
871 3225 993 3301 donari
1011 3226 1168 3326 aliquem
1185 3227 1377 3317 hominem,
1389 3228 1598 3326 priusquam

266 3397 269 3406 .
381 3339 412 3414 is
438 3339 499 3438 qui
517 3349 665 3414 accusat
685 3347 866 3435 presentes
882 3337 1015 3414 babeat
1029 3349 1265 3428 accusatores,
1282 3339 1470 3438 locumque
1482 3339 1600 3414 delen-

381 3451 648 3549 deudiaccipiat
660 3450 888 3526 edabluenda
905 3450 1067 3526 crimina.
1083 3453 1258 3527 Iohannes
1271 3452 1519 3548 Euangelista.'
1530 3454 1601 3524 Ka·

382 3567 516 3642 rissimi
538 3566 649 3643 nolite
669 3565 766 3641 omni
785 3565 932 3664 spiritui
948 3565 1101 3655 credere,
1114 3565 1175 3640 sed
1192 3564 1336 3664 probate
1357 3565 1513 3665 Spiritus
1537 3564 1601 3662 qui

381 3705 425 3754 ex
442 3682 514 3754 Deo
528 3679 585 3767 sit,
603 3679 770 3776 quoniam
789 3677 895 3753 multi
913 3676 1224 3776 pseudopropheta
1244 3677 1410 3752 exierunt
1433 3677 1472 3750 in
1498 3701 1602 3750 mun-

381 3793 479 3866 dum.
491 3792 650 3867 Iacobus.
663 3791 841 3868 Iudicium
855 3791 933 3866 sine
947 3790 1187 3866 misericordia
1201 3791 1266 3878 illi,
1279 3791 1340 3888 qui
1354 3815 1423 3865 uon
1438 3791 1524 3866 lecit
1538 3789 1603 3863 mi-

380 3903 619 3992 sericordiam,
632 3903 872 4003 superexaltet
884 3911 1004 3978 autern
1016 3902 1257 3977 misericordia
1266 3902 1451 3977 iudicium.
1464 3902 1602 3976 Paulus

380 4017 425 4091 ad
438 4018 569 4118 Titum.
583 4017 667 4090 Sine
681 4015 886 4114 praeiudioio
898 4015 1012 4091 nichil
1030 4015 1141 4090 facias
1158 4013 1196 4086 in
1213 4013 1322 4088 aliam
1340 4025 1477 4111 partem
1496 4013 1603 4089 deeli-

380 4129 506 4203 nando.
525 4128 699 4205 Clemens.
718 4130 848 4202 Omnes
865 4127 987 4222 legum
1007 4121 1212 4201 divinarum
1226 4125 1475 4218 violatores,'et
1488 4151 1605 4202 sacra-

381 4267 461 4314 rum
475 4241 741 4316 institutionum
756 4240 1017 4338 perturbatores
1028 4239 1271 4315 ecclesiastica
1283 4239 1451 4336 indignos
1466 4238 1604 4334 regula,

381 4364 418 4426 et
434 4364 559 4429 sancta
581 4353 828 4428 communione
853 4353 1063 4428 iudicamus
1084 4353 1289 4428 Anacletus.
1306 4355 1605 4448 Transgressores

381 4475 504 4563 sponte
522 4465 615 4561 legis
632 4490 706 4540 suto
722 4474 882 4562 apostata
903 4465 1145 4540 nominantur.
1170 4463 1296 4540 Omnis
1321 4464 1418 4539 enim
1443 4474 1605 4561 apostata
