3646 5292
900 381 1097 452 -254-2

912 604 1094 690 XXXIIll.

606 809 656 862 Ex
675 809 815 875 epistola
832 811 935 876 Papae
952 811 1071 865 Leonis
1080 811 1184 877 ,primi
1201 823 1274 878 cap.
1294 809 1388 864 XLV.

484 971 553 1046 Leo
565 973 662 1070 Papa
675 973 856 1048 universis
868 973 1052 1074 Episcopis
1065 998 1127 1074 per
1140 973 1301 1050 Siciliam
1315 973 1531 1048 constitutis.
1546 973 1611 1049 Oc·

389 1083 530 1160 cesione
547 1085 758 1184 specialium
776 1087 1013 1185 quaerelarum
1031 1112 1157 1164 curam
1175 1086 1275 1162 vobis
1294 1086 1526 1186 providentiae
1550 1109 1611 1183 ge·

389 1196 560 1273 neraliter
576 1197 722 1290 indicat,
740 1207 781 1274 ut
794 1199 885 1298 quod
899 1199 937 1274 in
950 1200 1088 1276 duabus
1101 1200 1299 1300 provinciis
1311 1199 1349 1274 in
1363 1199 1535 1276 aecclesiis
1547 1199 1612 1272 im·

388 1311 494 1410 probe
502 1322 657 1410 gestum,
669 1312 873 1412 iniustaque
882 1323 1140 1415 praesumptum
1150 1323 1215 1406 ost,
1224 1313 1259 1390 id
1272 1313 1525 1391 constitutione
1537 1337 1613 1412 per·

390 1434 498 1523 petua
515 1427 559 1504 ab
576 1429 736 1504 omnium
753 1428 996 1528 episcoporum
1015 1427 1244 1527 usurpatione
1263 1451 1475 1504 resecemus
1497 1425 1612 1502 111111-

390 1541 455 1616 fra.
465 1541 549 1618 Sina
558 1545 764 1640 exceptione
777 1543 1014 1634 decernimus,
1023 1567 1068 1618 no
1081 1543 1163 1641 quis
1175 1542 1372 1641 Episcopus
1385 1541 1428 1616 de
1440 1539 1612 1617 aecclesiae

389 1679 464 1729 suae
482 1655 588 1732 rebus
604 1656 735 1732 audeat
750 1656 944 1756 quicquam
962 1656 1021 1733 vel
1046 1656 1187 1746 donare,
1211 1654 1271 1731 vel
1296 1662 1528 1746 commutare,
1551 1653 1612 1729 vel

392 1767 558 1862 vendere,
574 1769 644 1846 nisi
662 1771 752 1846 sorte
769 1769 820 1845 ite
837 1770 973 1870 aliquid
990 1771 1116 1846 horum
1134 1770 1254 1862 faciat,
1266 1780 1309 1847 ut
1323 1769 1468 1846 meliora
1481 1767 1614 1870 prospi-

390 1881 474 1972 ciat,
499 1892 535 1959 et
551 1907 635 1960 oum
651 1883 763 1960 totius
779 1885 903 1960 clerici
919 1892 1077 1960 tractatu
1094 1891 1201 1982 atque
1227 1906 1403 1961 consensu
1426 1883 1462 1958 id
1486 1882 1613 1981 eligat,

391 1995 483 2094 quod
500 2019 571 2072 non
587 1997 636 2074 sit
652 1997 802 2076 dubium
819 1998 989 2076 aecclesiae
1006 1997 1245 2096 profuturum.

938 2199 1075 2284 XXXV.

888 2394 1123 2450 Eiusdem.

486 2557 554 2632 Leo
562 2555 757 2654 Episcopus
768 2557 952 2633 Marciano
966 2562 1142 2653 Augusto.
1155 2554 1354 2652 Privilegia
1367 2554 1611 2631 aecclesiarum

391 2677 427 2743 11
436 2668 741 2760 monasteriorum,
750 2677 956 2744 sanctorum
965 2679 1105 2766 patrum
1118 2668 1330 2745 auctoritate
1344 2669 1522 2759 institute,
1536 2668 1615 2742 nul·

391 2781 427 2854 11
443 2789 592 2880 possunt
608 2781 834 2882 improbitate
851 2783 1016 2874 convelli,
1033 2783 1134 2858 nulla
1152 2784 1310 2859 novitate
1328 2781 1471 2859 mutari.
1488 2787 1530 2857 ln
1546 2807 1615 2880 quo

390 2918 505 2993 opere,
525 2895 725 2972 auxiliante
747 2899 830 2988 Deo,
852 2896 1004 2974 fideliter
1024 2897 1238 2996 exequendo,
1259 2921 1403 2973 necesse
1424 2906 1479 2972 est
1502 2895 1612 2970 huius

392 3017 526 3084 sanotae
550 3008 644 3084 sedis
674 3009 857 3107 pontifices
881 3020 1169 3108 perseverantem
1199 3035 1365 3087 exeruere
1389 3010 1613 3086 famulatum.

393 3121 617 3220 Dispensat-tio
633 3121 729 3198 enim
746 3121 847 3198 nobis
864 3123 999 3199 credita
1012 3133 1075 3201 est.
1090 3129 1137 3200 llt
1149 3125 1193 3199 ud
1207 3133 1369 3202 nostrum
1384 3133 1523 3200 reatum
1539 3138 1615 3200 ten·

392 3233 456 3324 dit,
473 3233 504 3307 si
522 3244 753 3331 paternarum
772 3234 909 3330 regulae
932 3238 1158 3313 sanctionum
1183 3238 1284 3315 nobis
1309 3237 1615 3314 consentientibus

340 3401 342 3405 ·
393 3356 429 3422 et
445 3347 724 3444 neglegentibus
737 3347 927 3424 violentur.
944 3351 1035 3424 Item
1049 3351 1142 3429 idem
1156 3350 1357 3426 Pulcheriae
1372 3356 1558 3447 Augustae.
1572 3351 1615 3424 0-

394 3487 495 3538 mnes
512 3488 568 3538 res
584 3463 689 3538 aliter
706 3471 794 3539 tutae
811 3487 888 3540 1111
905 3489 975 3539 nou
1003 3451 1161 3562 possunt,
1186 3463 1256 3538 nisi
1282 3488 1362 3561 quae
1385 3463 1429 3538 ad
1455 3462 1614 3538 divinam

393 3575 649 3652 confessionem
667 3577 858 3676 pertinent,
876 3579 978 3675 regia
995 3572 1031 3653 et
1055 3573 1284 3652 sacerdotalis
1308 3574 1474 3650 defendat
1496 3583 1616 3649 aucto-

397 3689 495 3767 ritas.

927 3813 1088 3900 XXXVI.

700 3991 750 4044 Ex
768 3991 893 4059 synodo
911 3991 1024 4058 Hylan
1041 3991 1144 4056 Papae
1162 3999 1235 4055 cap.
1254 3989 1311 4041 111.

492 4143 586 4219 Illud
603 4145 695 4242 quod
712 4145 862 4244 quisque
879 4144 1075 4244 Episcopus
1092 4143 1272 4219 commisit
1289 4142 1428 4234 illicite,
1440 4150 1504 4217 aut
1520 4167 1542 4216 a
1559 4143 1616 4218 de·

396 4258 595 4335 sessoribus
612 4259 752 4336 invenit
768 4259 977 4350 admissum,
992 4258 1023 4333 si
1041 4257 1222 4356 proprium
1240 4258 1322 4333 vult
1346 4257 1462 4334 vitare
1479 4257 1618 4355 pericu-

396 4371 471 4446 lum
496 4371 689 4450 damnabit.
714 4375 805 4448 Nam
833 4373 908 4472 ipse
932 4371 1102 4472 quicquid
1126 4370 1164 4445 in
1190 4371 1260 4446 alio
1289 4395 1359 4447 non
1391 4370 1618 4461 resecaverit,

397 4485 567 4561 inveniet.
