3618 5316
726 369 922 430 -359-

214 491 330 558 sectas
347 484 517 582 scriptam
531 485 661 576 lacere,
680 495 716 562 et
728 487 879 586 propriis
896 489 1064 566 manibus
1081 491 1242 567 roborare
1258 503 1296 568 et
1311 516 1434 570 corum*

213 593 353 692 populis
371 596 523 672 recitare
538 607 647 697 atque
663 602 835 677 confiteri.
849 602 998 701 Aliquos
1014 603 1141 681 dicunt
1156 606 1362 683 carceribus
1378 593 1433 684 er·

212 707 369 802 gaetulis
386 709 534 800 recludi,
550 721 593 788 ut
606 712 743 798 ,saltem
760 713 815 788 bis
837 716 953 792 territi
968 716 1119 806 insidiis,
1136 718 1281 795 devient
1297 721 1432 796 domini

214 823 432 913 Sacerdotes,
447 835 487 899 ut
503 825 581 900 suis
596 825 743 902 faveant
761 829 1016 905 voluntatibus.
1033 831 1199 907 Relatum
1218 845 1275 909 est
1285 835 1432 934 insuper

213 936 466 1034 quodquidam
484 939 605 1013 aemuli
623 940 771 1030 Christi,
787 942 934 1042 eiusque
952 952 1086 1018 sanctae
1103 937 1274 1020 Ecclesiae
1287 946 1434 1022 insidia«

212 1059 315 1139 tores,
325 1053 531 1128 Sacerdotes
539 1054 604 1128 Dei
622 1055 666 1130 ad
684 1056 820 1131 iudices
837 1055 998 1154 publicos
1014 1081 1185 1132 accusare
1202 1069 1431 1156 presumant,

213 1190 294 1240 cum
314 1167 433 1262 magis
451 1168 630 1265 Apostolis
648 1169 934 1245 Christianorum
960 1194 1088 1244 causas
1108 1171 1154 1245 ad
1170 1171 1351 1248 aecclesias
1374 1174 1431 1249 de-

213 1279 310 1370 ferri,
327 1290 364 1356 et
380 1279 511 1357 ibidem
527 1282 716 1358 terminari
734 1282 930 1382 praecipias.
947 1286 995 1358 Et
1015 1283 1120 1362 infra.
1139 1284 1214 1360 Sub
1225 1285 1430 1362 huiusmodi

212 1393 371 1492 personis
388 1396 549 1494 quaedam
567 1397 755 1496 scripture
771 1397 1013 1497 quoquomodo
1025 1421 1088 1496 per
1101 1400 1431 1489 metamautfrau·
1473 1415 1475 1422 ’

212 1509 303 1598 dem,
318 1516 384 1582 aut
408 1507 563 1606 pervim
582 1519 728 1585 extortas
752 1509 899 1598 tlrorint,
917 1509 976 1585 vel
1001 1517 1043 1586 ut
1062 1535 1101 1586 se
1117 1510 1271 1588 liberare
1288 1523 1431 1610 possent

213 1645 436 1720 quocumque
457 1621 582 1699 habeis
607 1623 760 1722 scriptae,
777 1623 837 1698 vel
863 1622 1024 1700 roborate
1048 1624 1186 1701 fuerint
1208 1625 1366 1723 ingenio,
1382 1628 1430 1703 cd

212 1734 349 1810 nullius
373 1734 426 1811 eis
442 1736 691 1834 praeiudicium
708 1749 772 1812 aut
796 1739 938 1836 scriptae
963 1750 1218 1815 nocumentum
1243 1742 1430 1839 provenire

212 1874 409 1938 censemus,
425 1869 541 1948 neque
558 1851 669 1926 ullam
687 1875 746 1926 eos
762 1850 949 1926 infamiam
967 1853 1026 1928 vel
1049 1852 1267 1928 calumniam
1291 1864 1356 1930 aut
1375 1879 1431 1931 as·

211 1963 528 2062 sequestrationem
545 1963 647 2040 bonis
663 1989 822 2063 unquam
840 1977 985 2042 auctore
998 1969 1071 2042 Deo
1087 1977 1123 2042 et
1140 1969 1275 2043 sanctis
1285 1973 1430 2066 Aposto-

211 2075 257 2149 lis
274 2100 466 2174 eorumque
482 2077 749 2154 successoribus
774 2080 951 2156 sustinere
977 2081 1227 2178 permittimus.
1245 2083 1429 2158 Confessio

210 2189 363 2266 enimin
380 2190 600 2266 talibus'non
618 2191 800 2289 compulsa
817 2193 879 2268 sed
904 2203 1098 2292 spontanea
1123 2195 1200 2270 fiori
1222 2193 1336 2285 debet,
1352 2195 1428 2292 ipso

210 2313 402 2380 attestante
419 2305 481 2404 qui
497 2305 559 2380 ait.
577 2309 631 2380 Ex
647 2307 751 2381 corde
768 2306 865 2382 enim
892 2307 1088 2404 procedunt
1110 2306 1312 2398 homicidia,
1328 2308 1429 2383 adul·

211 2419 311 2495 teria,
320 2424 367 2495 Et
381 2429 511 2496 cetera.
523 2423 600 2496 Nec
615 2429 758 2495 tantum
776 2420 990 2496 attendenda
1007 2429 1093 2494 sunt
1110 2444 1190 2519 quae
1207 2421 1300 2496 fiunt
1316 2444 1428 2518 quan·

211 2545 289 2610 tum
314 2556 383 2632 quo
407 2533 526 2607 animo
555 2535 657 2609 fiunt.
673 2534 777 2609 Unde
805 2543 859 2610 est
882 2533 983 2609 illud.
1000 2533 1168 2633 Respexit
1183 2533 1358 2610 Dominus
1381 2535 1428 2612 ad

212 2673 360 2726 munera
377 2648 479 2738 Abel,
496 2647 541 2722 ad
558 2647 649 2724 Cain
666 2671 751 2723 vero
768 2671 918 2722 munera
935 2669 1005 2721 non
1023 2646 1188 2746 respexit,
1206 2646 1290 2746 quia
1308 2648 1428 2744 magis

210 2761 365 2838 intendit
381 2762 426 2836 ad
443 2761 623 2836 offerentis
648 2761 822 2852 animum,
848 2786 956 2860 quarn
974 2760 1019 2835 ad
1047 2786 1089 2837 ea
1114 2785 1194 2859 quae
1218 2761 1427 2837 offeruntur⁴

211 2878 335 2953 Omnis
352 2877 448 2967 enim
466 2875 642 2952 consessio
658 2899 738 2974 quse
754 2876 796 2951 fit
812 2900 858 2951 ex
872 2875 1096 2965 necessitate,
1113 2875 1199 2951 fides
1216 2897 1286 2950 non
1304 2884 1368 2952 est.
1379 2877 1427 2952 Et

210 2992 401 3090 Apostolus
417 2991 478 3066 ait.
495 2991 607 3066 Oorde
625 2991 784 3066 creditur
800 2989 845 3064 ad
862 2987 1049 3063 iustitiam.
1067 2991 1113 3063 Et
1129 2998 1269 3064 cetera.
1283 2989 1427 3065 Confes-

209 3108 261 3183 sio
277 3107 372 3183 enim
392 3131 462 3182 non
488 3104 688 3204 extorqueri
713 3105 817 3180 debet
845 3103 884 3178 in
912 3103 1045 3178 talibus
1074 3102 1135 3178 sed
1159 3101 1277 3202 potius
1302 3113 1426 3202 sponte

208 3221 373 3324 profiteri.
391 3221 592 3296 Pessimum
617 3229 671 3294 est
696 3227 816 3294 autem
834 3218 877 3293 de
894 3215 1096 3314 suspicione
1113 3227 1176 3290 aut
1192 3224 1329 3310 extorta
1346 3240 1430 3292 oon*

209 3335 361 3410 sessione
378 3357 594 3432 quemquam
619 3331 789 3420 iudicare,
806 3357 890 3407 cunr
915 3330 1034 3426 magis
1050 3329 1228 3427 inspector
1245 3329 1360 3405 cordis
1378 3329 1426 3406 sit

209 3449 383 3525 Dominus
399 3472 507 3547 quam
524 3447 650 3544 operis,
659 3457 695 3521 et
712 3447 830 3544 potius
846 3443 998 3544 requirit
1014 3443 1248 3539 cogitationes
1265 3467 1373 3542 puras
1390 3453 1427 3520 et

209 3563 413 3639 voluntates
429 3562 548 3652 bonas,
561 3586 668 3660 qnam
687 3560 780 3637 labia
798 3559 992 3635 mendacia.
1005 3559 1113 3634 Idem.
1126 3560 1239 3632 Nemo
1256 3557 1303 3632 sit
1315 3557 1425 3632 simul

209 3687 407 3767 accusator,
424 3676 537 3766 testis,
550 3701 593 3751 ac
605 3675 722 3752 iudex.
740 3673 916 3764 Quoniam
938 3672 977 3746 in
989 3672 1085 3748 omni
1099 3671 1311 3748 locoiudicii
1323 3674 1424 3747 111101·

209 3815 378 3890 personas
399 3814 544 3866 necesse
568 3799 623 3866 est
647 3814 786 3888 semper
810 3787 943 3864 adesse.
959 3787 1100 3864 Iudices
1124 3786 1264 3878 electos,
1280 3811 1426 3862 accusa·

208 3915 312 3998 tores,
329 3905 541 3996 defensores,
556 3913 676 3982 testes.

768 4029 894 4114 xxxi.
1014 3965 1017 3970 ¹

539 4209 591 4262 Ex
608 4208 750 4276 epistole
770 4209 799 4261 11
819 4207 960 4261 Eraristi
977 4207 1090 4274 Papae.

303 4367 400 4441 Deus
416 4363 639 4464 omnipotens
656 4373 698 4438 ut
714 4385 778 4437 nos
790 4349 824 4436 'a
849 4359 1105 4461 praecipitantis
1129 4359 1324 4461 prolatione
1348 4385 1427 4436 sen-

207 4477 329 4555 tcntiae
343 4488 593 4579 compesceret,
605 4501 688 4554 cum
702 4475 822 4552 omnia
835 4477 931 4552 nuda
943 4487 979 4554 et
991 4485 1114 4577 aperta
1127 4484 1214 4552 sunt
1225 4475 1426 4553 oculiseius
