3582 5288
714 423 754 438 -
780 390 819 452 91
846 421 886 434 -

733 561 877 648 llllllll.

284 767 460 842 Iohannes
485 768 682 865 Episcopus
701 761 883 840 universis
900 762 1085 861 Episcopis
1102 787 1164 862 per·
1182 762 1414 837 Germaniam

187 891 225 955 ct
243 881 398 956 Galliam
413 881 630 956 constitutis,
643 883 772 957 Petrus
786 883 959 975 Princeps
972 877 1221 975 Apostolorum
1234 877 1414 952 adiutores

187 994 255 1068 sibi
276 995 409 1069 ascivit
430 995 559 1068 Linum
575 1006 610 1070 et
623 994 778 1083 Cletum
791 1014 861 1069 non
875 1004 997 1067 tamen
1012 1001 1220 1089 potestatem
1239 989 1414 1076 Pontifici,

187 1119 252 1182 aut
269 1107 407 1204 ligandi
431 1109 490 1183 vel
516 1108 676 1183 solvendi
694 1131 856 1183 normam
874 1107 927 1181 eis
947 1103 1106 1192 tradidit,
1130 1104 1191 1178 sed
1217 1104 1414 1182 successori

191 1244 255 1295 suo
272 1221 464 1306 Clementi,
483 1222 545 1318 qui
564 1223 680 1296 sedem
701 1221 940 1320 Apostolieam
958 1228 1036 1316 post
1054 1243 1137 1292 eum
1155 1231 1191 1292 ct
1204 1227 1414 1315 potestatem

190 1333 430 1430 pontificalem
448 1333 610 1408 tradente
629 1334 695 1408 sibi
709 1334 812 1408 beato
823 1337 928 1408 Petro
945 1343 1066 1407 tenere
1080 1331 1284 1429 promeruit.
1301 1331 1414 1404 Linus

191 1470 276 1521 vero
293 1458 328 1522 et
346 1447 473 1523 Oletus
498 1447 751 1523 ministrabant
775 1445 962 1522 exteriora.
981 1445 1152 1542 Princeps
1177 1454 1297 1518 autem
1324 1449 1416 1541 Apo

191 1559 362 1634 stolorum
380 1563 510 1634 Petrus
528 1561 635 1636 verbo
652 1572 688 1637 et
704 1561 854 1636 orationi
872 1558 1072 1646 insistebat,
1099 1582 1178 1656 quae
1198 1581 1270 1632 non
1294 1557 1415 1632 incon·

189 1697 281 1768 grue
299 1700 320 1748 a
338 1675 529 1750 traditione
543 1675 700 1772 Spiritus
713 1674 828 1752 sancti
842 1697 905 1771 per
918 1699 1047 1746 manus
1065 1671 1325 1770 impositionem
1339 1696 1415 1770 per·

191 1785 319 1862 tinent.
337 1791 383 1862 Et
400 1787 504 1862 infra.
523 1789 651 1862 Linum
670 1815 825 1888 namque
843 1801 879 1864 et
901 1790 1043 1865 Cletum
1069 1787 1163 1862 nihil
1190 1787 1325 1882 legitur
1350 1813 1415 1861 un-

191 1924 299 1997 quam
314 1900 433 1996 egisse
446 1926 490 1976 ex
504 1901 698 1998 pontificali
713 1903 914 1980 ministerio
926 1901 1149 2000 potestative,
1165 1902 1225 1975 scd
1238 1910 1413 1998 quantum

189 2013 242 2086 eis
258 2038 279 2084 a
297 2013 399 2088 beato
416 2017 519 2088 Petro
537 2016 820 2113 praecipiebatur,
836 2027 979 2090 tantum
998 2015 1216 2090 solummodo
1233 2013 1399 2108 agebant.

684 2269 688 2276 ·
752 2245 854 2328 (llll'.

285 2470 466 2543 Pumcrvs
483 2471 728 2546 dilectissimis
752 2470 924 2546 fratribus
948 2469 1129 2544 universis
1146 2469 1334 2568 Episcopis
1351 2468 1412 2566 qui

192 2580 321 2657 illicita
335 2582 703 2659 vocationolohannis
717 2583 1099 2682 Constantinopolitani
1109 2582 1284 2682 Episcopi,
1293 2581 1338 2657 ad
1347 2584 1415 2681 Sy·

191 2696 325 2770 nodum
335 2696 769 2796 Constantinopolitanum
780 2707 1034 2773 convenerunt.
1045 2701 1099 2770 Ex
1107 2697 1318 2772 auctoritate
1329 2697 1415 2770 San·

190 2810 240 2884 cti
258 2811 356 2886 Petri
375 2811 624 2908 Apostolorum
642 2810 822 2910 Principis
838 2821 875 2886 et
887 2811 1030 2885 Domini
1045 2833 1129 2885 voce
1143 2809 1340 2884 Salvatoris
1352 2808 1414 2907 qui

189 2924 290 3000 beato
308 2928 414 3000 Petro
431 2935 642 3024 potestatem
661 2925 799 3021 ligandi
813 2935 849 3000 et
866 2923 1024 2999 solvendi
1039 2925 1114 3022 ipse
1128 2923 1293 2998 Salvator
1306 2921 1413 3010 dedit,

190 3061 269 3136 quae
286 3037 395 3112 etiam
414 3049 569 3136 potestas
591 3038 629 3111 in
655 3039 922 3115 successoribus
947 3039 1025 3113 eius
1050 3037 1295 3112 indubitanter
1318 3046 1416 3110 trau-

188 3151 286 3242 sivit,
304 3151 469 3252 praecipio
485 3154 604 3227 omnia
618 3178 697 3252 quae
710 3154 757 3228 ibi
773 3153 918 3228 statutis
931 3154 1032 3226 varia
1050 3162 1086 3226 et
1103 3161 1243 3227 cassata
1257 3174 1345 3238 esse,
1359 3149 1410 3223 ita

190 3276 231 3340 ut
247 3266 414 3364 deinceps
432 3292 618 3366 nunquam
637 3277 840 3366 appareant.
856 3267 917 3340 Ait
934 3265 1030 3341 enim
1045 3264 1120 3362 ipse
1134 3263 1299 3338 Salvator
1311 3263 1414 3337 beato

190 3380 297 3453 Petro
314 3379 492 3477 Apostolo.
506 3383 749 3478 Quacumque
762 3379 936 3477 ligaveris
950 3403 1056 3476 super
1072 3388 1205 3453 terram
1219 3376 1414 3474 etreliqua.

190 3489 317 3566 Multis
333 3492 429 3566 enim
449 3491 664 3590 Apostolicis
681 3503 788 3591 atque
814 3492 996 3568 canonicis
1022 3503 1058 3566 ct
1078 3491 1334 3567 ecclesiasticis
1359 3491 1413 3562 in·

189 3605 366 3680 struimur
383 3606 521 3703 regulis
538 3631 609 3682 non
627 3607 753 3683 debere
771 3608 903 3705 absque
919 3607 1095 3682 sententia
1118 3606 1268 3680 Romani
1294 3605 1414 3681 Ponti-

189 3719 268 3795 ficis
292 3721 445 3796 concilia
459 3721 644 3811 celebrari,
662 3732 698 3796 et
716 3732 793 3819 post
816 3745 938 3818 pauca.
957 3719 1238 3794 Praedecessores
1255 3741 1340 3794 vero
1365 3721 1417 3794 Io·

188 3831 331 3924 bannis,
347 3845 384 3910 et
398 3835 467 3910 iste
488 3835 582 3911 idem
608 3835 794 3921 Iohannes
812 3857 881 3907 non
907 3833 1029 3922 semel,
1048 3833 1107 3908 sed
1134 3833 1320 3932 sepissime
1342 3833 1415 3931 epi·

191 3945 302 4020 stolas
318 3957 426 4046 atque
443 3947 582 4024 libellos
596 3949 737 4048 propria
751 3975 860 4023 manu
874 3948 1094 4046 supscriptos
1108 3950 1243 4026 sanctie
1256 3959 1416 4024 anteces-

191 4060 330 4135 soribus
346 4063 480 4137 nostris
499 4063 639 4139 miserit
657 4063 787 4162 quibus
804 4085 924 4140 coram
944 4067 1016 4139 Deo
1042 4064 1227 4162 protestati
1253 4074 1338 4138 sunt
1362 4063 1416 4136 ni-

190 4174 264 4249 chil
291 4199 451 4274 unquam
471 4187 634 4274 proterve
659 4189 780 4253 contra
801 4177 1041 4276 Apostolicam
1060 4178 1186 4253 Sedem
1212 4201 1416 4273 agarenae

191 4287 233 4361 de
251 4286 351 4362 illius
368 4298 433 4362 aut
449 4287 593 4364 illorum
612 4289 816 4390 privilegiis
842 4317 1016 4389 usurpare
1041 4291 1246 4390 quicquam.
1264 4293 1352 4377 Quae
1376 4289 1415 4362 in

190 4399 364 4478 barchivo
389 4413 524 4478 sanctae
547 4407 714 4479 Romanae
733 4403 905 4482 Ecclesiae
922 4405 989 4479 sub
1014 4404 1148 4502 sigillis
1173 4427 1295 4479 eorum
1321 4403 1418 4478 robo-

193 4515 260 4590 rati
278 4517 455 4593 habentur
472 4529 509 4593 et
534 4519 685 4617 integre.
711 4523 752 4594 ln
778 4520 866 4619 ipsis
891 4521 989 4597 enim
1016 4521 1175 4619 epistolis
1200 4519 1257 4595 vel
1284 4517 1416 4594 libellis
