<?xml version="1.0" encoding="UTF-8"?>
<!DOCTYPE html PUBLIC "-//W3C//DTD XHTML 1.0 Transitional//EN"
    "http://www.w3.org/TR/xhtml1/DTD/xhtml1-transitional.dtd">
<html xmlns="http://www.w3.org/1999/xhtml" xml:lang="en" lang="en">
 <head>
  <title>
</title>
<meta http-equiv="Content-Type" content="text/html;charset=utf-8" />
  <meta name='ocr-system' content='tesseract 3.04.00' />
  <meta name='ocr-capabilities' content='ocr_page ocr_carea ocr_par ocr_line ocrx_word'/>
</head>
<body>
  <div class='ocr_page' id='page_1' title='image "./deusdeditpresby00martgoog_0313.png"; bbox 0 0 3618 5316; ppageno 0'>
   <div class='ocr_carea' id='block_1_1' title="bbox 896 395 1092 462">
    <p class='ocr_par' dir='ltr' id='par_1_1' title="bbox 896 395 1092 462">
     <span class='ocr_line' id='line_1_1' title="bbox 896 395 1092 462; baseline -0.01 0"><span class='ocrx_word' id='word_1_1' title='bbox 896 395 1092 462; x_wconf 82' lang='lat'>-288-</span> 
     </span>
    </p>
   </div>
   <div class='ocr_carea' id='block_1_2' title="bbox 973 620 1051 718">
    <p class='ocr_par' dir='ltr' id='par_1_2' title="bbox 973 620 1051 718">
     <span class='ocr_line' id='line_1_2' title="bbox 973 620 1051 718; baseline 0 -89"><span class='ocrx_word' id='word_1_2' title='bbox 973 620 1051 718; x_wconf 71' lang='lat' dir='ltr'>u&#39;</span> 
     </span>
    </p>
   </div>
   <div class='ocr_carea' id='block_1_3' title="bbox 379 859 1609 1423">
    <p class='ocr_par' dir='ltr' id='par_1_3' title="bbox 379 859 1609 1423">
     <span class='ocr_line' id='line_1_3' title="bbox 477 859 1605 967; baseline -0.012 -21"><span class='ocrx_word' id='word_1_3' title='bbox 477 869 646 946; x_wconf 88' lang='lat' dir='ltr'>Gelasius</span> <span class='ocrx_word' id='word_1_4' title='bbox 664 868 849 967; x_wconf 86' lang='lat' dir='ltr'>Aegilulso</span> <span class='ocrx_word' id='word_1_5' title='bbox 861 879 939 967; x_wconf 91' lang='lat' dir='ltr'>post</span> <span class='ocrx_word' id='word_1_6' title='bbox 951 875 1090 942; x_wconf 80' lang='lat' dir='ltr'>caetera.</span> <span class='ocrx_word' id='word_1_7' title='bbox 1104 869 1233 942; x_wconf 82' lang='lat' dir='ltr'>Precor</span> <span class='ocrx_word' id='word_1_8' title='bbox 1245 873 1377 952; x_wconf 86' lang='lat' dir='ltr'>autem,</span> <span class='ocrx_word' id='word_1_9' title='bbox 1393 869 1435 934; x_wconf 94' lang='lat' dir='ltr'>ut</span> <span class='ocrx_word' id='word_1_10' title='bbox 1448 859 1605 936; x_wconf 85' lang='lat' dir='ltr'>reculam</span> 
     </span>
     <span class='ocr_line' id='line_1_4' title="bbox 379 972 1607 1082; baseline -0.01 -22"><span class='ocrx_word' id='word_1_11' title='bbox 379 983 473 1060; x_wconf 91' lang='lat' dir='ltr'>beati</span> <span class='ocrx_word' id='word_1_12' title='bbox 491 983 588 1058; x_wconf 85' lang='lat' dir='ltr'>Petri</span> <span class='ocrx_word' id='word_1_13' title='bbox 606 982 764 1082; x_wconf 83' lang='lat' dir='ltr'>Apostoli</span> <span class='ocrx_word' id='word_1_14' title='bbox 777 981 873 1056; x_wconf 90' lang='lat' dir='ltr'>intra</span> <span class='ocrx_word' id='word_1_15' title='bbox 887 981 1084 1056; x_wconf 75' lang='lat' dir='ltr'>Dalmatiae</span> <span class='ocrx_word' id='word_1_16' title='bbox 1101 979 1331 1056; x_wconf 77' lang='lat' dir='ltr'>constitutam</span> <span class='ocrx_word' id='word_1_17' title='bbox 1349 975 1533 1051; x_wconf 88' lang='lat' dir='ltr'>defensare</span> <span class='ocrx_word' id='word_1_18' title='bbox 1557 972 1607 1048; x_wconf 92' lang='lat' dir='ltr'>di·</span> 
     </span>
     <span class='ocr_line' id='line_1_5' title="bbox 381 1091 1609 1196; baseline -0.011 -22"><span class='ocrx_word' id='word_1_19' title='bbox 381 1096 558 1194; x_wconf 87' lang='lat' dir='ltr'>gnemini,</span> <span class='ocrx_word' id='word_1_20' title='bbox 580 1107 617 1173; x_wconf 88' lang='lat' dir='ltr'>et</span> <span class='ocrx_word' id='word_1_21' title='bbox 642 1122 722 1196; x_wconf 88' lang='lat' dir='ltr'>quae</span> <span class='ocrx_word' id='word_1_22' title='bbox 746 1097 857 1188; x_wconf 86' lang='lat' dir='ltr'>vobis,</span> <span class='ocrx_word' id='word_1_23' title='bbox 873 1096 933 1171; x_wconf 85' lang='lat' dir='ltr'>vel</span> <span class='ocrx_word' id='word_1_24' title='bbox 949 1097 1059 1170; x_wconf 86' lang='lat' dir='ltr'>frater</span> <span class='ocrx_word' id='word_1_25' title='bbox 1084 1106 1121 1169; x_wconf 89' lang='lat' dir='ltr'>et</span> <span class='ocrx_word' id='word_1_26' title='bbox 1137 1092 1361 1192; x_wconf 89' lang='lat' dir='ltr'>coepiscopus</span> <span class='ocrx_word' id='word_1_27' title='bbox 1378 1113 1479 1164; x_wconf 89' lang='lat' dir='ltr'>meus</span> <span class='ocrx_word' id='word_1_28' title='bbox 1496 1091 1609 1162; x_wconf 92' lang='lat' dir='ltr'>Hono·</span> 
     </span>
     <span class='ocr_line' id='line_1_6' title="bbox 382 1205 1607 1308; baseline -0.006 -24"><span class='ocrx_word' id='word_1_29' title='bbox 382 1211 458 1285; x_wconf 88' lang='lat' dir='ltr'>rius</span> <span class='ocrx_word' id='word_1_30' title='bbox 475 1233 539 1308; x_wconf 92' lang='lat' dir='ltr'>pro</span> <span class='ocrx_word' id='word_1_31' title='bbox 555 1211 634 1286; x_wconf 88' lang='lat' dir='ltr'>eius</span> <span class='ocrx_word' id='word_1_32' title='bbox 650 1210 809 1287; x_wconf 86' lang='lat' dir='ltr'>utilitate</span> <span class='ocrx_word' id='word_1_33' title='bbox 831 1208 1092 1306; x_wconf 79' lang='lat' dir='ltr'>suggesserint,</span> <span class='ocrx_word' id='word_1_34' title='bbox 1115 1207 1176 1281; x_wconf 88' lang='lat' dir='ltr'>vel</span> <span class='ocrx_word' id='word_1_35' title='bbox 1201 1205 1437 1280; x_wconf 77' lang='lat' dir='ltr'>conductores</span> <span class='ocrx_word' id='word_1_36' title='bbox 1460 1211 1607 1301; x_wconf 88' lang='lat' dir='ltr'>putave-</span> 
     </span>
     <span class='ocr_line' id='line_1_7' title="bbox 384 1316 1606 1423; baseline -0.007 -27"><span class='ocrx_word' id='word_1_37' title='bbox 384 1323 459 1398; x_wconf 92' lang='lat' dir='ltr'>rint</span> <span class='ocrx_word' id='word_1_38' title='bbox 479 1323 732 1414; x_wconf 89' lang='lat' dir='ltr'>intimaudum,</span> <span class='ocrx_word' id='word_1_39' title='bbox 756 1348 862 1423; x_wconf 86' lang='lat' dir='ltr'>quam</span> <span class='ocrx_word' id='word_1_40' title='bbox 889 1323 967 1398; x_wconf 89' lang='lat' dir='ltr'>fieri</span> <span class='ocrx_word' id='word_1_41' title='bbox 992 1329 1107 1420; x_wconf 90' lang='lat' dir='ltr'>potest</span> <span class='ocrx_word' id='word_1_42' title='bbox 1129 1328 1297 1419; x_wconf 85' lang='lat' dir='ltr'>praestare</span> <span class='ocrx_word' id='word_1_43' title='bbox 1321 1316 1485 1392; x_wconf 90' lang='lat' dir='ltr'>iubeatis.</span> <span class='ocrx_word' id='word_1_44' title='bbox 1508 1316 1606 1390; x_wconf 89' lang='lat' dir='ltr'><strong>Idem</strong></span> 
     </span>
    </p>
   </div>
   <div class='ocr_carea' id='block_1_4' title="bbox 253 1429 1603 1535">
    <p class='ocr_par' dir='ltr' id='par_1_4' title="bbox 253 1429 1603 1535">
     <span class='ocr_line' id='line_1_8' title="bbox 253 1429 1603 1535; baseline -0.007 -24"><span class='ocrx_word' id='word_1_45' title='bbox 253 1448 257 1456; x_wconf 88' lang='lat'>&#39;</span> <span class='ocrx_word' id='word_1_46' title='bbox 383 1435 551 1513; x_wconf 89' lang='lat' dir='ltr'>Ianuario</span> <span class='ocrx_word' id='word_1_47' title='bbox 567 1446 645 1535; x_wconf 91' lang='lat' dir='ltr'>post</span> <span class='ocrx_word' id='word_1_48' title='bbox 656 1447 784 1513; x_wconf 84' lang='lat' dir='ltr'>cetera.</span> <span class='ocrx_word' id='word_1_49' title='bbox 797 1437 866 1512; x_wconf 86' lang='lat' dir='ltr'>Sed</span> <span class='ocrx_word' id='word_1_50' title='bbox 879 1446 916 1513; x_wconf 91' lang='lat' dir='ltr'>et</span> <span class='ocrx_word' id='word_1_51' title='bbox 927 1459 1055 1512; x_wconf 90' lang='lat' dir='ltr'>causas</span> <span class='ocrx_word' id='word_1_52' title='bbox 1068 1433 1198 1532; x_wconf 91' lang='lat' dir='ltr'>quibus</span> <span class='ocrx_word' id='word_1_53' title='bbox 1210 1431 1383 1508; x_wconf 85' lang='lat' dir='ltr'>beneficia</span> <span class='ocrx_word' id='word_1_54' title='bbox 1394 1430 1491 1506; x_wconf 88' lang='lat' dir='ltr'>beati</span> <span class='ocrx_word' id='word_1_55' title='bbox 1506 1429 1603 1504; x_wconf 88' lang='lat' dir='ltr'>Petri</span> 
     </span>
    </p>
   </div>
   <div class='ocr_carea' id='block_1_5' title="bbox 381 1545 1608 2656">
    <p class='ocr_par' dir='ltr' id='par_1_5' title="bbox 381 1545 1608 2656">
     <span class='ocr_line' id='line_1_9' title="bbox 381 1545 1605 1648; baseline -0.006 -24"><span class='ocrx_word' id='word_1_56' title='bbox 381 1549 529 1647; x_wconf 88' lang='lat' dir='ltr'>apostoli</span> <span class='ocrx_word' id='word_1_57' title='bbox 546 1549 754 1624; x_wconf 87' lang='lat' dir='ltr'>continuata</span> <span class='ocrx_word' id='word_1_58' title='bbox 771 1549 957 1648; x_wconf 87' lang='lat' dir='ltr'>percipias,</span> <span class='ocrx_word' id='word_1_59' title='bbox 975 1549 1125 1623; x_wconf 90' lang='lat' dir='ltr'>fidenter</span> <span class='ocrx_word' id='word_1_60' title='bbox 1144 1546 1307 1643; x_wconf 82' lang='lat' dir='ltr'>iniungo.</span> <span class='ocrx_word' id='word_1_61' title='bbox 1324 1549 1465 1621; x_wconf 88' lang='lat' dir='ltr'>Prestet</span> <span class='ocrx_word' id='word_1_62' title='bbox 1490 1545 1605 1642; x_wconf 89' lang='lat' dir='ltr'>igitur</span> 
     </span>
     <span class='ocr_line' id='line_1_10' title="bbox 383 1659 1608 1760; baseline -0.003 -24"><span class='ocrx_word' id='word_1_63' title='bbox 383 1669 447 1736; x_wconf 83' lang='lat' dir='ltr'>tua</span> <span class='ocrx_word' id='word_1_64' title='bbox 463 1661 642 1752; x_wconf 83' lang='lat' dir='ltr'>nobilitas,</span> <span class='ocrx_word' id='word_1_65' title='bbox 665 1671 707 1738; x_wconf 90' lang='lat' dir='ltr'>ut</span> <span class='ocrx_word' id='word_1_66' title='bbox 723 1662 830 1738; x_wconf 89' lang='lat' dir='ltr'>rebus</span> <span class='ocrx_word' id='word_1_67' title='bbox 847 1686 1042 1760; x_wconf 88' lang='lat' dir='ltr'>pauperum</span> <span class='ocrx_word' id='word_1_68' title='bbox 1061 1660 1139 1736; x_wconf 88' lang='lat' dir='ltr'>eius</span> <span class='ocrx_word' id='word_1_69' title='bbox 1156 1659 1332 1734; x_wconf 85' lang='lat' dir='ltr'>auxilium</span> <span class='ocrx_word' id='word_1_70' title='bbox 1354 1660 1608 1735; x_wconf 88' lang='lat' dir='ltr'>defensionem-</span> 
     </span>
     <span class='ocr_line' id='line_1_11' title="bbox 387 1770 1608 1872; baseline -0.002 -25"><span class='ocrx_word' id='word_1_71' title='bbox 387 1797 457 1872; x_wconf 87' lang='lat' dir='ltr'>que</span> <span class='ocrx_word' id='word_1_72' title='bbox 470 1773 695 1865; x_wconf 86' lang='lat' dir='ltr'>concedat,et</span> <span class='ocrx_word' id='word_1_73' title='bbox 711 1775 943 1851; x_wconf 88' lang='lat' dir='ltr'>conductores</span> <span class='ocrx_word' id='word_1_74' title='bbox 952 1798 1073 1850; x_wconf 88' lang='lat' dir='ltr'>earum</span> <span class='ocrx_word' id='word_1_75' title='bbox 1086 1773 1142 1871; x_wconf 92' lang='lat' dir='ltr'>pio</span> <span class='ocrx_word' id='word_1_76' title='bbox 1150 1773 1272 1848; x_wconf 76' lang='lat' dir='ltr'>lavore</span> <span class='ocrx_word' id='word_1_77' title='bbox 1284 1781 1439 1861; x_wconf 86' lang='lat' dir='ltr'>tueatur,</span> <span class='ocrx_word' id='word_1_78' title='bbox 1448 1781 1490 1848; x_wconf 92' lang='lat' dir='ltr'>ut</span> <span class='ocrx_word' id='word_1_79' title='bbox 1501 1770 1608 1846; x_wconf 86' lang='lat' dir='ltr'>vicis·</span> 
     </span>
     <span class='ocr_line' id='line_1_12' title="bbox 386 1885 1607 1986; baseline -0.003 -25"><span class='ocrx_word' id='word_1_80' title='bbox 386 1886 579 1963; x_wconf 87' lang='lat' dir='ltr'>situdinem</span> <span class='ocrx_word' id='word_1_81' title='bbox 592 1889 829 1986; x_wconf 72' lang='lat' dir='ltr'>praestitorum</span> <span class='ocrx_word' id='word_1_82' title='bbox 843 1889 1020 1965; x_wconf 88' lang='lat' dir='ltr'>abeodem</span> <span class='ocrx_word' id='word_1_83' title='bbox 1035 1887 1185 1985; x_wconf 89' lang='lat' dir='ltr'>recipiat</span> <span class='ocrx_word' id='word_1_84' title='bbox 1201 1896 1489 1984; x_wconf 82' lang='lat' dir='ltr'>consequentem,</span> <span class='ocrx_word' id='word_1_85' title='bbox 1501 1885 1607 1962; x_wconf 87' lang='lat' dir='ltr'>cuius</span> 
     </span>
     <span class='ocr_line' id='line_1_13' title="bbox 383 1998 1606 2098; baseline -0.002 -25"><span class='ocrx_word' id='word_1_86' title='bbox 383 1998 536 2075; x_wconf 89' lang='lat' dir='ltr'>merittis</span> <span class='ocrx_word' id='word_1_87' title='bbox 552 2008 588 2075; x_wconf 89' lang='lat' dir='ltr'>et</span> <span class='ocrx_word' id='word_1_88' title='bbox 599 1999 725 2074; x_wconf 89' lang='lat' dir='ltr'>honori</span> <span class='ocrx_word' id='word_1_89' title='bbox 739 2000 888 2076; x_wconf 90' lang='lat' dir='ltr'>devotus</span> <span class='ocrx_word' id='word_1_90' title='bbox 902 1999 972 2076; x_wconf 90' lang='lat' dir='ltr'>ista</span> <span class='ocrx_word' id='word_1_91' title='bbox 988 1999 1162 2098; x_wconf 89' lang='lat' dir='ltr'>dependit.</span> <span class='ocrx_word' id='word_1_92' title='bbox 1175 2000 1274 2074; x_wconf 90' lang='lat' dir='ltr'>Idem</span> <span class='ocrx_word' id='word_1_93' title='bbox 1289 1999 1458 2073; x_wconf 84' lang='lat' dir='ltr'>Firminae</span> <span class='ocrx_word' id='word_1_94' title='bbox 1471 1998 1606 2072; x_wconf 89' lang='lat' dir='ltr'>illustri</span> 
     </span>
     <span class='ocr_line' id='line_1_14' title="bbox 383 2111 1606 2214; baseline -0.003 -26"><span class='ocrx_word' id='word_1_95' title='bbox 383 2113 526 2189; x_wconf 82' lang='lat' dir='ltr'>feminae</span> <span class='ocrx_word' id='word_1_96' title='bbox 542 2125 620 2214; x_wconf 91' lang='lat' dir='ltr'>post</span> <span class='ocrx_word' id='word_1_97' title='bbox 637 2124 765 2190; x_wconf 88' lang='lat' dir='ltr'>cetera.</span> <span class='ocrx_word' id='word_1_98' title='bbox 782 2116 838 2190; x_wconf 90' lang='lat' dir='ltr'>Ad</span> <span class='ocrx_word' id='word_1_99' title='bbox 855 2116 1043 2191; x_wconf 91' lang='lat' dir='ltr'>cumulum</span> <span class='ocrx_word' id='word_1_100' title='bbox 1060 2137 1146 2189; x_wconf 84' lang='lat' dir='ltr'>vero</span> <span class='ocrx_word' id='word_1_101' title='bbox 1163 2111 1336 2188; x_wconf 85' lang='lat' dir='ltr'>mercedis</span> <span class='ocrx_word' id='word_1_102' title='bbox 1352 2121 1483 2187; x_wconf 83' lang='lat' dir='ltr'>vestrae</span> <span class='ocrx_word' id='word_1_103' title='bbox 1500 2111 1606 2210; x_wconf 89' lang='lat' dir='ltr'>perti·</span> 
     </span>
     <span class='ocr_line' id='line_1_15' title="bbox 383 2225 1606 2324; baseline -0.002 -23"><span class='ocrx_word' id='word_1_104' title='bbox 383 2247 468 2302; x_wconf 87' lang='lat' dir='ltr'>nere</span> <span class='ocrx_word' id='word_1_105' title='bbox 486 2225 726 2301; x_wconf 88' lang='lat' dir='ltr'>certissimum</span> <span class='ocrx_word' id='word_1_106' title='bbox 741 2236 806 2317; x_wconf 86' lang='lat' dir='ltr'>est,</span> <span class='ocrx_word' id='word_1_107' title='bbox 823 2227 854 2299; x_wconf 88' lang='lat' dir='ltr'>si</span> <span class='ocrx_word' id='word_1_108' title='bbox 872 2227 1036 2324; x_wconf 72' lang='lat' dir='ltr'>praesidia</span> <span class='ocrx_word' id='word_1_109' title='bbox 1054 2250 1132 2324; x_wconf 87' lang='lat' dir='ltr'>queo</span> <span class='ocrx_word' id='word_1_110' title='bbox 1149 2225 1207 2301; x_wconf 89' lang='lat' dir='ltr'>vel</span> <span class='ocrx_word' id='word_1_111' title='bbox 1225 2251 1247 2300; x_wconf 94' lang='lat' dir='ltr'>a</span> <span class='ocrx_word' id='word_1_112' title='bbox 1263 2225 1423 2300; x_wconf 89' lang='lat' dir='ltr'>barbaris</span> <span class='ocrx_word' id='word_1_113' title='bbox 1440 2225 1499 2299; x_wconf 81' lang='lat' dir='ltr'>vel</span> <span class='ocrx_word' id='word_1_114' title='bbox 1516 2251 1537 2298; x_wconf 90' lang='lat' dir='ltr'>a</span> <span class='ocrx_word' id='word_1_115' title='bbox 1554 2248 1606 2300; x_wconf 94' lang='lat' dir='ltr'>ro-</span> 
     </span>
     <span class='ocr_line' id='line_1_16' title="bbox 384 2337 1606 2438; baseline 0 -26"><span class='ocrx_word' id='word_1_116' title='bbox 384 2338 501 2412; x_wconf 88' lang='lat' dir='ltr'>manis</span> <span class='ocrx_word' id='word_1_117' title='bbox 510 2337 805 2415; x_wconf 87' lang='lat' dir='ltr'>inconvenienter</span> <span class='ocrx_word' id='word_1_118' title='bbox 817 2339 943 2414; x_wconf 87' lang='lat' dir='ltr'>invasa</span> <span class='ocrx_word' id='word_1_119' title='bbox 951 2347 1048 2429; x_wconf 91' lang='lat' dir='ltr'>sunt,</span> <span class='ocrx_word' id='word_1_120' title='bbox 1057 2339 1187 2414; x_wconf 88' lang='lat' dir='ltr'>vestris</span> <span class='ocrx_word' id='word_1_121' title='bbox 1200 2339 1489 2438; x_wconf 90' lang='lat' dir='ltr'>dispositionibus</span> <span class='ocrx_word' id='word_1_122' title='bbox 1498 2363 1606 2436; x_wconf 85' lang='lat' dir='ltr'>egen-</span> 
     </span>
     <span class='ocr_line' id='line_1_17' title="bbox 383 2450 1604 2549; baseline -0.001 -24"><span class='ocrx_word' id='word_1_123' title='bbox 383 2450 475 2525; x_wconf 91' lang='lat' dir='ltr'>tium</span> <span class='ocrx_word' id='word_1_124' title='bbox 488 2450 603 2526; x_wconf 84' lang='lat' dir='ltr'>victui</span> <span class='ocrx_word' id='word_1_125' title='bbox 619 2451 866 2526; x_wconf 82' lang='lat' dir='ltr'>reformentur.</span> <span class='ocrx_word' id='word_1_126' title='bbox 880 2450 993 2527; x_wconf 83' lang='lat' dir='ltr'>Cuius</span> <span class='ocrx_word' id='word_1_127' title='bbox 1005 2461 1106 2526; x_wconf 92' lang='lat' dir='ltr'>tanta</span> <span class='ocrx_word' id='word_1_128' title='bbox 1119 2451 1161 2526; x_wconf 92' lang='lat' dir='ltr'>de</span> <span class='ocrx_word' id='word_1_129' title='bbox 1174 2451 1369 2548; x_wconf 83' lang='lat' dir='ltr'>provinciis</span> <span class='ocrx_word' id='word_1_130' title='bbox 1381 2451 1604 2549; x_wconf 89' lang='lat' dir='ltr'>diversisque</span> 
     </span>
     <span class='ocr_line' id='line_1_18' title="bbox 382 2561 1605 2656; baseline -0.002 -18"><span class='ocrx_word' id='word_1_131' title='bbox 382 2561 555 2638; x_wconf 91' lang='lat' dir='ltr'>bellorum</span> <span class='ocrx_word' id='word_1_132' title='bbox 572 2561 672 2638; x_wconf 90' lang='lat' dir='ltr'>clade</span> <span class='ocrx_word' id='word_1_133' title='bbox 689 2571 828 2638; x_wconf 62' lang='lat' dir='ltr'>vasmte</span> <span class='ocrx_word' id='word_1_134' title='bbox 840 2571 936 2654; x_wconf 88' lang='lat' dir='ltr'>suut,</span> <span class='ocrx_word' id='word_1_135' title='bbox 950 2565 1059 2640; x_wconf 87' lang='lat' dir='ltr'>Roma</span> <span class='ocrx_word' id='word_1_136' title='bbox 1076 2563 1269 2640; x_wconf 89' lang='lat' dir='ltr'>multitudo</span> <span class='ocrx_word' id='word_1_137' title='bbox 1285 2564 1469 2656; x_wconf 83' lang='lat' dir='ltr'>confluxit,</span> <span class='ocrx_word' id='word_1_138' title='bbox 1486 2575 1528 2640; x_wconf 92' lang='lat' dir='ltr'>ut</span> <span class='ocrx_word' id='word_1_139' title='bbox 1541 2565 1605 2638; x_wconf 83' lang='lat' dir='ltr'>vix</span> 
     </span>
    </p>
   </div>
   <div class='ocr_carea' id='block_1_6' title="bbox 384 2675 1605 3228">
    <p class='ocr_par' dir='ltr' id='par_1_6' title="bbox 384 2675 1605 3228">
     <span class='ocr_line' id='line_1_19' title="bbox 384 2675 1604 2777; baseline 0.001 -27"><span class='ocrx_word' id='word_1_140' title='bbox 384 2675 417 2750; x_wconf 91' lang='lat' dir='ltr'>ei</span> <span class='ocrx_word' id='word_1_141' title='bbox 434 2676 506 2750; x_wconf 92' lang='lat' dir='ltr'>Deo</span> <span class='ocrx_word' id='word_1_142' title='bbox 523 2675 787 2751; x_wconf 87' lang='lat' dir='ltr'>testesufficere</span> <span class='ocrx_word' id='word_1_143' title='bbox 800 2675 994 2750; x_wconf 85' lang='lat' dir='ltr'>valeamus.</span> <span class='ocrx_word' id='word_1_144' title='bbox 1008 2677 1223 2776; x_wconf 84' lang='lat' dir='ltr'>Conspicitis</span> <span class='ocrx_word' id='word_1_145' title='bbox 1236 2701 1322 2774; x_wconf 91' lang='lat' dir='ltr'>ergo</span> <span class='ocrx_word' id='word_1_146' title='bbox 1334 2689 1511 2777; x_wconf 88' lang='lat' dir='ltr'>quantum</span> <span class='ocrx_word' id='word_1_147' title='bbox 1524 2677 1604 2754; x_wconf 92' lang='lat' dir='ltr'>boni</span> 
     </span>
     <span class='ocr_line' id='line_1_20' title="bbox 384 2787 1605 2890; baseline 0.002 -28"><span class='ocrx_word' id='word_1_148' title='bbox 384 2787 499 2885; x_wconf 90' lang='lat' dir='ltr'>operis</span> <span class='ocrx_word' id='word_1_149' title='bbox 515 2787 711 2884; x_wconf 86' lang='lat' dir='ltr'>acquiratis</span> <span class='ocrx_word' id='word_1_150' title='bbox 728 2787 759 2862; x_wconf 91' lang='lat' dir='ltr'>si</span> <span class='ocrx_word' id='word_1_151' title='bbox 777 2787 878 2864; x_wconf 87' lang='lat' dir='ltr'>beato</span> <span class='ocrx_word' id='word_1_152' title='bbox 895 2791 1000 2864; x_wconf 89' lang='lat' dir='ltr'>Patro</span> <span class='ocrx_word' id='word_1_153' title='bbox 1019 2789 1185 2888; x_wconf 90' lang='lat' dir='ltr'>Apostolo</span> <span class='ocrx_word' id='word_1_154' title='bbox 1209 2790 1341 2890; x_wconf 81' lang='lat' dir='ltr'>praedia</span> <span class='ocrx_word' id='word_1_155' title='bbox 1359 2815 1438 2888; x_wconf 87' lang='lat' dir='ltr'>quae</span> <span class='ocrx_word' id='word_1_156' title='bbox 1461 2814 1524 2888; x_wconf 89' lang='lat' dir='ltr'>pro</span> <span class='ocrx_word' id='word_1_157' title='bbox 1541 2815 1605 2864; x_wconf 88' lang='lat' dir='ltr'>sua</span> 
     </span>
     <span class='ocr_line' id='line_1_21' title="bbox 387 2899 1605 3002; baseline 0.002 -28"><span class='ocrx_word' id='word_1_158' title='bbox 387 2899 540 2999; x_wconf 91' lang='lat' dir='ltr'>quisque</span> <span class='ocrx_word' id='word_1_159' title='bbox 556 2899 676 2977; x_wconf 83' lang='lat' dir='ltr'>anima</span> <span class='ocrx_word' id='word_1_160' title='bbox 693 2902 856 2993; x_wconf 88' lang='lat' dir='ltr'>contulit,</span> <span class='ocrx_word' id='word_1_161' title='bbox 880 2911 1000 2979; x_wconf 86' lang='lat' dir='ltr'>vestro</span> <span class='ocrx_word' id='word_1_162' title='bbox 1023 2904 1245 3002; x_wconf 91' lang='lat' dir='ltr'>postmodum</span> <span class='ocrx_word' id='word_1_163' title='bbox 1270 2903 1432 3002; x_wconf 82' lang='lat' dir='ltr'>praesidio</span> <span class='ocrx_word' id='word_1_164' title='bbox 1456 2902 1605 2978; x_wconf 85' lang='lat' dir='ltr'>liberata</span> 
     </span>
     <span class='ocr_line' id='line_1_22' title="bbox 387 3011 1604 3116; baseline 0.006 -31"><span class='ocrx_word' id='word_1_165' title='bbox 387 3011 591 3088; x_wconf 85' lang='lat' dir='ltr'>reddantur.</span> <span class='ocrx_word' id='word_1_166' title='bbox 608 3013 722 3089; x_wconf 84' lang='lat' dir='ltr'>Cuius</span> <span class='ocrx_word' id='word_1_167' title='bbox 742 3013 999 3090; x_wconf 88' lang='lat' dir='ltr'>benedictionis</span> <span class='ocrx_word' id='word_1_168' title='bbox 1022 3015 1195 3113; x_wconf 83' lang='lat' dir='ltr'>eulogias,</span> <span class='ocrx_word' id='word_1_169' title='bbox 1219 3041 1310 3115; x_wconf 88' lang='lat' dir='ltr'>quas</span> <span class='ocrx_word' id='word_1_170' title='bbox 1334 3040 1397 3116; x_wconf 91' lang='lat' dir='ltr'>pro</span> <span class='ocrx_word' id='word_1_171' title='bbox 1420 3016 1604 3093; x_wconf 85' lang='lat' dir='ltr'>affectione</span> 
     </span>
     <span class='ocr_line' id='line_1_23' title="bbox 388 3125 1311 3228; baseline 0.005 -28"><span class='ocrx_word' id='word_1_172' title='bbox 388 3125 513 3217; x_wconf 85' lang='lat' dir='ltr'>direxi,</span> <span class='ocrx_word' id='word_1_173' title='bbox 529 3135 609 3226; x_wconf 91' lang='lat' dir='ltr'>peto</span> <span class='ocrx_word' id='word_1_174' title='bbox 626 3135 667 3202; x_wconf 91' lang='lat' dir='ltr'>ut</span> <span class='ocrx_word' id='word_1_175' title='bbox 683 3137 789 3225; x_wconf 90' lang='lat' dir='ltr'>grata</span> <span class='ocrx_word' id='word_1_176' title='bbox 806 3128 987 3228; x_wconf 87' lang='lat' dir='ltr'>suscipere</span> <span class='ocrx_word' id='word_1_177' title='bbox 1003 3139 1121 3207; x_wconf 88' lang='lat' dir='ltr'>mente</span> <span class='ocrx_word' id='word_1_178' title='bbox 1139 3130 1311 3228; x_wconf 85' lang='lat' dir='ltr'>digneris.</span> 
     </span>
    </p>
   </div>
   <div class='ocr_carea' id='block_1_7' title="bbox 966 3355 1020 3440">
    <p class='ocr_par' dir='ltr' id='par_1_7' title="bbox 966 3355 1020 3440">
     <span class='ocr_line' id='line_1_24' title="bbox 966 3355 1020 3440; baseline 0 0"><span class='ocrx_word' id='word_1_179' title='bbox 966 3355 1020 3440; x_wconf 83' lang='lat' dir='ltr'>ol.</span> 
     </span>
    </p>
   </div>
   <div class='ocr_carea' id='block_1_8' title="bbox 384 3565 1609 4234">
    <p class='ocr_par' dir='ltr' id='par_1_8' title="bbox 384 3565 1609 4234">
     <span class='ocr_line' id='line_1_25' title="bbox 480 3565 1607 3647; baseline 0.004 -5"><span class='ocrx_word' id='word_1_180' title='bbox 480 3565 656 3643; x_wconf 83' lang='lat' dir='ltr'>Gelasius.</span> <span class='ocrx_word' id='word_1_181' title='bbox 665 3568 854 3645; x_wconf 82' lang='lat' dir='ltr'>Actoribus</span> <span class='ocrx_word' id='word_1_182' title='bbox 863 3569 997 3646; x_wconf 89' lang='lat' dir='ltr'>Urbici.</span> <span class='ocrx_word' id='word_1_183' title='bbox 1007 3570 1227 3646; x_wconf 84' lang='lat' dir='ltr'>Constatvos</span> <span class='ocrx_word' id='word_1_184' title='bbox 1236 3569 1401 3647; x_wconf 90' lang='lat' dir='ltr'>intulisse</span> <span class='ocrx_word' id='word_1_185' title='bbox 1411 3571 1607 3647; x_wconf 89' lang='lat' dir='ltr'>rationibus</span> 
     </span>
     <span class='ocr_line' id='line_1_26' title="bbox 385 3680 1607 3782; baseline 0.002 -27"><span class='ocrx_word' id='word_1_186' title='bbox 385 3680 555 3757; x_wconf 84' lang='lat' dir='ltr'>aecclesiae</span> <span class='ocrx_word' id='word_1_187' title='bbox 571 3705 616 3757; x_wconf 87' lang='lat' dir='ltr'>ex</span> <span class='ocrx_word' id='word_1_188' title='bbox 633 3683 858 3782; x_wconf 71' lang='lat' dir='ltr'>prestatione</span> <span class='ocrx_word' id='word_1_189' title='bbox 875 3683 978 3759; x_wconf 89' lang='lat' dir='ltr'>fundi</span> <span class='ocrx_word' id='word_1_190' title='bbox 996 3683 1164 3760; x_wconf 84' lang='lat' dir='ltr'>Claculas</span> <span class='ocrx_word' id='word_1_191' title='bbox 1181 3707 1287 3782; x_wconf 91' lang='lat' dir='ltr'>quem</span> <span class='ocrx_word' id='word_1_192' title='bbox 1304 3685 1551 3760; x_wconf 88' lang='lat' dir='ltr'>conductionis</span> <span class='ocrx_word' id='word_1_193' title='bbox 1563 3686 1607 3760; x_wconf 90' lang='lat' dir='ltr'>ti-</span> 
     </span>
     <span class='ocr_line' id='line_1_27' title="bbox 384 3793 1605 3886; baseline 0.001 -18"><span class='ocrx_word' id='word_1_194' title='bbox 384 3793 480 3870; x_wconf 86' lang='lat' dir='ltr'>tulos</span> <span class='ocrx_word' id='word_1_195' title='bbox 491 3795 636 3886; x_wconf 87' lang='lat' dir='ltr'>taneris,</span> <span class='ocrx_word' id='word_1_196' title='bbox 646 3795 688 3872; x_wconf 88' lang='lat' dir='ltr'>dc</span> <span class='ocrx_word' id='word_1_197' title='bbox 702 3797 880 3873; x_wconf 85' lang='lat' dir='ltr'>fructibus</span> <span class='ocrx_word' id='word_1_198' title='bbox 889 3796 975 3871; x_wconf 87' lang='lat' dir='ltr'>anni</span> <span class='ocrx_word' id='word_1_199' title='bbox 989 3821 1015 3870; x_wconf 91' lang='lat' dir='ltr'>s.</span> <span class='ocrx_word' id='word_1_200' title='bbox 1028 3794 1235 3870; x_wconf 88' lang='lat' dir='ltr'>consulatus</span> <span class='ocrx_word' id='word_1_201' title='bbox 1248 3795 1394 3886; x_wconf 84' lang='lat' dir='ltr'>Asterii,</span> <span class='ocrx_word' id='word_1_202' title='bbox 1407 3805 1444 3870; x_wconf 90' lang='lat' dir='ltr'>et</span> <span class='ocrx_word' id='word_1_203' title='bbox 1456 3797 1605 3872; x_wconf 86' lang='lat' dir='ltr'>Presidii</span> 
     </span>
     <span class='ocr_line' id='line_1_28' title="bbox 388 3907 1608 3986; baseline 0.002 -6"><span class='ocrx_word' id='word_1_204' title='bbox 388 3911 469 3982; x_wconf 86' lang='lat' dir='ltr'>VV.</span> <span class='ocrx_word' id='word_1_205' title='bbox 483 3907 554 3984; x_wconf 79' lang='lat' dir='ltr'>CO.</span> <span class='ocrx_word' id='word_1_206' title='bbox 570 3907 613 3984; x_wconf 92' lang='lat' dir='ltr'>de</span> <span class='ocrx_word' id='word_1_207' title='bbox 626 3909 817 3986; x_wconf 86' lang='lat' dir='ltr'>interdicto</span> <span class='ocrx_word' id='word_1_208' title='bbox 829 3913 882 3986; x_wconf 91' lang='lat' dir='ltr'>IlI</span> <span class='ocrx_word' id='word_1_209' title='bbox 894 3909 974 3986; x_wconf 89' lang='lat' dir='ltr'>auri</span> <span class='ocrx_word' id='word_1_210' title='bbox 988 3907 1086 3984; x_wconf 91' lang='lat' dir='ltr'>solid.</span> <span class='ocrx_word' id='word_1_211' title='bbox 1102 3911 1220 3983; x_wconf 89' lang='lat' dir='ltr'>XXX.</span> <span class='ocrx_word' id='word_1_212' title='bbox 1232 3909 1365 3984; x_wconf 89' lang='lat' dir='ltr'>Notavi</span> <span class='ocrx_word' id='word_1_213' title='bbox 1386 3913 1421 3983; x_wconf 92' lang='lat' dir='ltr'>V</span> <span class='ocrx_word' id='word_1_214' title='bbox 1439 3909 1519 3984; x_wconf 87' lang='lat' dir='ltr'>Kal.</span> <span class='ocrx_word' id='word_1_215' title='bbox 1537 3916 1608 3983; x_wconf 86' lang='lat' dir='ltr'>Au·</span> 
     </span>
     <span class='ocr_line' id='line_1_29' title="bbox 389 4017 1607 4116; baseline 0.004 -23"><span class='ocrx_word' id='word_1_216' title='bbox 389 4019 490 4116; x_wconf 86' lang='lat' dir='ltr'>gusti</span> <span class='ocrx_word' id='word_1_217' title='bbox 504 4017 795 4110; x_wconf 84' lang='lat' dir='ltr'>Flari0,Viatore</span> <span class='ocrx_word' id='word_1_218' title='bbox 812 4022 909 4098; x_wconf 87' lang='lat' dir='ltr'>Coss.</span> <span class='ocrx_word' id='word_1_219' title='bbox 922 4023 1020 4098; x_wconf 86' lang='lat' dir='ltr'>Idem</span> <span class='ocrx_word' id='word_1_220' title='bbox 1033 4021 1272 4097; x_wconf 85' lang='lat' dir='ltr'>Vincornalos.</span> <span class='ocrx_word' id='word_1_221' title='bbox 1282 4023 1431 4098; x_wconf 86' lang='lat' dir='ltr'>Constat</span> <span class='ocrx_word' id='word_1_222' title='bbox 1442 4021 1607 4098; x_wconf 88' lang='lat' dir='ltr'>intulisse</span> 
     </span>
     <span class='ocr_line' id='line_1_30' title="bbox 388 4131 1609 4234; baseline 0.002 -28"><span class='ocrx_word' id='word_1_223' title='bbox 388 4141 425 4208; x_wconf 90' lang='lat' dir='ltr'>te</span> <span class='ocrx_word' id='word_1_224' title='bbox 438 4131 636 4208; x_wconf 89' lang='lat' dir='ltr'>rationibus</span> <span class='ocrx_word' id='word_1_225' title='bbox 648 4133 819 4210; x_wconf 82' lang='lat' dir='ltr'>aecclesiae</span> <span class='ocrx_word' id='word_1_226' title='bbox 835 4161 881 4212; x_wconf 89' lang='lat' dir='ltr'>ex</span> <span class='ocrx_word' id='word_1_227' title='bbox 892 4133 1116 4234; x_wconf 83' lang='lat' dir='ltr'>praestatione</span> <span class='ocrx_word' id='word_1_228' title='bbox 1129 4133 1231 4208; x_wconf 87' lang='lat' dir='ltr'>fundi</span> <span class='ocrx_word' id='word_1_229' title='bbox 1244 4158 1350 4233; x_wconf 85' lang='lat' dir='ltr'>quem</span> <span class='ocrx_word' id='word_1_230' title='bbox 1364 4135 1609 4212; x_wconf 87' lang='lat' dir='ltr'>conductionis</span> 
     </span>
    </p>
   </div>
   <div class='ocr_carea' id='block_1_9' title="bbox 387 4243 1608 4338">
    <p class='ocr_par' dir='ltr' id='par_1_9' title="bbox 387 4243 1608 4338">
     <span class='ocr_line' id='line_1_31' title="bbox 387 4243 1608 4338; baseline 0.003 -20"><span class='ocrx_word' id='word_1_231' title='bbox 387 4243 493 4319; x_wconf 90' lang='lat' dir='ltr'>titulo</span> <span class='ocrx_word' id='word_1_232' title='bbox 510 4255 612 4320; x_wconf 87' lang='lat' dir='ltr'>tenes</span> <span class='ocrx_word' id='word_1_233' title='bbox 628 4244 671 4320; x_wconf 89' lang='lat' dir='ltr'>de</span> <span class='ocrx_word' id='word_1_234' title='bbox 687 4245 867 4322; x_wconf 85' lang='lat' dir='ltr'>fructibus</span> <span class='ocrx_word' id='word_1_235' title='bbox 883 4247 981 4338; x_wconf 83' lang='lat' dir='ltr'>anni,</span> <span class='ocrx_word' id='word_1_236' title='bbox 1004 4247 1213 4323; x_wconf 89' lang='lat' dir='ltr'>consulatus</span> <span class='ocrx_word' id='word_1_237' title='bbox 1239 4249 1372 4325; x_wconf 85' lang='lat' dir='ltr'>Asturii</span> <span class='ocrx_word' id='word_1_238' title='bbox 1390 4259 1426 4324; x_wconf 89' lang='lat' dir='ltr'>et</span> <span class='ocrx_word' id='word_1_239' title='bbox 1448 4250 1608 4324; x_wconf 84' lang='lat' dir='ltr'>Praesidii</span> 
     </span>
    </p>
   </div>
   <div class='ocr_carea' id='block_1_10' title="bbox 386 4353 1608 4567">
    <p class='ocr_par' dir='ltr' id='par_1_10' title="bbox 386 4353 1608 4567">
     <span class='ocr_line' id='line_1_32' title="bbox 386 4353 1608 4440; baseline 0.007 -12"><span class='ocrx_word' id='word_1_240' title='bbox 386 4357 468 4431; x_wconf 88' lang='lat' dir='ltr'>VV.</span> <span class='ocrx_word' id='word_1_241' title='bbox 492 4353 562 4432; x_wconf 81' lang='lat' dir='ltr'>CO.</span> <span class='ocrx_word' id='word_1_242' title='bbox 587 4355 712 4432; x_wconf 89' lang='lat' dir='ltr'>deiude</span> <span class='ocrx_word' id='word_1_243' title='bbox 735 4359 787 4432; x_wconf 90' lang='lat' dir='ltr'>Ill</span> <span class='ocrx_word' id='word_1_244' title='bbox 811 4359 891 4432; x_wconf 83' lang='lat' dir='ltr'>auri</span> <span class='ocrx_word' id='word_1_245' title='bbox 908 4358 1007 4438; x_wconf 85' lang='lat' dir='ltr'>solid.</span> <span class='ocrx_word' id='word_1_246' title='bbox 1024 4383 1173 4437; x_wconf 89' lang='lat' dir='ltr'>numero</span> <span class='ocrx_word' id='word_1_247' title='bbox 1193 4361 1312 4437; x_wconf 88' lang='lat' dir='ltr'>XXX.</span> <span class='ocrx_word' id='word_1_248' title='bbox 1336 4362 1467 4440; x_wconf 85' lang='lat' dir='ltr'>Notavi</span> <span class='ocrx_word' id='word_1_249' title='bbox 1492 4363 1549 4438; x_wconf 88' lang='lat' dir='ltr'>die</span> <span class='ocrx_word' id='word_1_250' title='bbox 1574 4365 1608 4436; x_wconf 88' lang='lat' dir='ltr'>V</span> 
     </span>
     <span class='ocr_line' id='line_1_33' title="bbox 386 4465 655 4567; baseline 0.007 -23"><span class='ocrx_word' id='word_1_251' title='bbox 386 4465 466 4546; x_wconf 89' lang='lat' dir='ltr'>Kal.</span> <span class='ocrx_word' id='word_1_252' title='bbox 484 4468 655 4567; x_wconf 81' lang='lat' dir='ltr'>Augusti.</span> 
     </span>
    </p>
   </div>
   <div class='ocr_carea' id='block_1_11' title="bbox 0 0 1818 5316">
    <p class='ocr_par' dir='ltr' id='par_1_11' title="bbox 0 0 1818 5316">
     <span class='ocr_line' id='line_1_34' title="bbox 0 0 1818 5316; baseline 0 0"><span class='ocrx_word' id='word_1_253' title='bbox 0 0 1818 5316; x_wconf 95' lang='lat' dir='ltr'> </span> 
     </span>
    </p>
   </div>
  </div>
 </body>
</html>
