3654 5302
897 385 1095 448 -410-

380 531 463 582 eum
481 531 527 582 ns
543 506 728 582 videretur
744 529 766 580 a
783 528 972 606 quoquam.
989 506 1062 582 Sed·
1075 507 1142 583 hoc
1154 507 1193 581 in
1207 507 1284 582 viro
1296 509 1415 583 omnia
1427 509 1504 586 hac
1515 509 1604 584 obli·

379 619 478 694 vioni
495 621 698 710 traduntur,
715 621 756 695 fit
768 618 916 718 plausus
928 621 971 696 de
985 611 1127 694 Domini
1140 620 1322 696 sacerdote
1334 621 1473 696 scurris
1488 631 1525 698 et
1537 622 1607 720 hy·

379 731 583 824 strionibus,
597 732 668 808 hen
681 731 852 831 quomodo
864 733 1093 810 obscuratum
1106 743 1161 810 est
1172 758 1314 826 aurum,
1327 733 1504 812 libetcum
1520 737 1604 813 Hie-

380 846 493 922 remia
510 846 677 923 clamare.
694 849 740 920 Et
756 854 885 923 cetere.

940 945 1044 1029 xoss.
1100 1009 1102 1016 .

792 1071 795 1078 ’
904 1089 941 1140 In
954 1089 1080 1158 eadem.

479 1191 548 1264 Sed
567 1213 736 1286 rogamus
751 1189 1026 1288 omnipotentem
1041 1194 1167 1281 Deum,
1179 1201 1221 1266 ut
1235 1191 1334 1267 vobis
1346 1192 1482 1268 tribuat
1497 1215 1602 1268 nosse

380 1301 425 1374 ad
440 1301 584 1399 planum
598 1327 672 1377 suae
685 1302 1006 1401 dispositionisque
1019 1314 1142 1381 sancta
1156 1305 1317 1382 aecclesia
1331 1307 1533 1382 moderatur
1548 1333 1604 1380 ar·

380 1412 548 1489 chanum.
566 1418 612 1490 Et
629 1440 709 1514 quae
724 1415 808 1504 sint,
826 1415 883 1491 vel
901 1427 1046 1514 quanta,
1063 1427 1099 1493 et
1111 1418 1232 1516 qualia
1248 1421 1415 1494 Romans
1432 1419 1603 1496 Ecclesiae

382 1529 589 1625 privilegia,
602 1554 646 1606 ex
658 1553 727 1628 quo
740 1530 900 1628 ceperint
916 1531 1069 1620 exordio,
1081 1540 1117 1608 et
1130 1532 1211 1630 quis
1228 1532 1306 1607 sius
1322 1557 1461 1609 summe
1477 1543 1603 1609 auctor

379 1643 511 1718 existat
535 1645 761 1720 auctoritatis
782 1644 882 1720 vobis
906 1646 1100 1721 clementer
1124 1644 1270 1740 aperiat.
1288 1645 1389 1732 Quod
1413 1645 1444 1718 si
1463 1671 1486 1718 a
1502 1645 1604 1720 nobis

381 1759 543 1857 quaeritis
565 1759 668 1855 scire,
686 1768 805 1857 utpote
829 1785 851 1834 a
875 1757 1052 1834 ministris
1078 1757 1225 1848 Christi,
1242 1768 1279 1833 et
1302 1759 1604 1857 dispensatoribus

381 1870 661 1946 ministeriorum
674 1871 872 1962 eius,vobis
885 1871 1087 1948 evidentius
1099 1871 1333 1946 ostendemus.
1343 1872 1383 1946 Si
1397 1896 1480 1947 vero
1497 1896 1601 1948 nosse

379 1984 651 2086 parvipenditis,
664 1996 701 2060 et
716 1985 832 2060 solum
849 1995 972 2062 contra
989 1983 1180 2083 privilegia
1197 1984 1357 2060 ecclesias
1367 1989 1535 2062 Romanae
1550 1986 1605 2060 ni·

378 2124 441 2172 sus
463 2108 601 2174 vestros
617 2099 771 2195 erigitis,
788 2108 915 2175 cavete
929 2124 974 2174 ne
991 2097 1160 2196 superbos
1176 2107 1443 2174 convertantur.
1460 2102 1601 2174 Durum

379 2212 508 2311 quippe
526 2222 582 2288 est
599 2212 699 2288 vobis
712 2224 837 2289 contra
850 2212 1024 2311 impetum
1037 2211 1199 2287 fluminis
1213 2211 1603 2312 reluctari,durumque

378 2336 433 2402 cst
448 2336 572 2402 contra
590 2326 780 2402 stimulum
797 2326 994 2402 calcitrare·
1011 2328 1119 2400 Porro
1131 2325 1163 2399 si
1175 2347 1239 2400 nos
1251 2349 1322 2400 non
1334 2325 1532 2416 audieritis,
1550 2351 1604 2402 re·

377 2449 450 2516 stat
466 2448 507 2515 ut
523 2441 604 2515 sitis
620 2441 715 2538 apud
731 2463 794 2516 nos
811 2439 1012 2516 necessario
1028 2437 1152 2536 quales
1169 2439 1343 2514 Dominus
1364 2449 1483 2515 noster
1500 2443 1602 2514 Iasus

382 2553 551 2631 Christus
567 2555 631 2632 hos
648 2555 772 2631 haberi
797 2555 968 2655 praecipit,
985 2553 1048 2652 qui
1072 2552 1270 2630 aecclesiam
1288 2555 1353 2630 Dei
1369 2555 1492 2630 audire
1521 2577 1604 2629 con·

378 2669 517 2745 temnit.
536 2669 739 2744 Praesertim
768 2695 850 2745 cum
876 2667 1047 2744 aecolcsiae
1064 2671 1229 2746 Romana
1253 2667 1447 2766 privilegia
1465 2667 1603 2744 Christi

378 2805 438 2858 ore
456 2782 494 2856 in
511 2782 614 2858 beato
632 2785 738 2858 Petro
755 2783 909 2871 firmata,
925 2782 962 2854 in
980 2782 1133 2858 eeclesia
1150 2783 1226 2880 ipsa
1251 2781 1431 2882 disposita,
1446 2781 1602 2881 antiqui·

377 2905 438 2971 tus
454 2896 651 3002 observata,
664 2906 732 2972 eta
750 2896 885 2973 sanctis
904 2894 1168 2972 universalibus
1184 2895 1330 2994 synodis
1342 2895 1532 2985 celebrata,
1548 2906 1601 2970 at-

380 3034 449 3108 que
463 3035 484 3083 a
497 3021 629 3087 cuncta
646 3009 798 3088 ecclesia
814 3009 949 3106 iugiter
966 3019 1147 3098 venerata,
1159 3008 1369 3084 nullatenus
1385 3009 1521 3106 possint
1538 3007 1602 3082 mi-

380 3122 457 3213 nui,
470 3123 679 3200 nullatenus
695 3123 860 3221 infringi,
873 3123 1081 3199 nullatenus
1093 3123 1316 3198 commutari.
1328 3123 1505 3212 Quoniam
1523 3123 1603 3200 iun·

377 3236 584 3312 dementum
603 3237 695 3336 quod
712 3239 808 3312 Deus
826 3236 954 3337 posuit,
970 3235 1150 3311 humanus
1166 3260 1237 3311 non
1249 3236 1348 3312 valet
1364 3259 1529 3312 amovere
1546 3259 1603 3312 co-

378 3357 496 3440 natus,
512 3362 549 3424 et
573 3351 668 3448 quod
684 3354 782 3426 Deus
799 3350 937 3439 statuit,
955 3351 1098 3426 firmum
1114 3351 1347 3450 validumque
1367 3350 1539 3426 consistit.
1555 3351 1603 3426 Il·

381 3459 486 3559 leque
498 3463 722 3560 potissimum
742 3472 867 3561 peccat
881 3463 942 3562 qni
953 3465 1018 3542 Dei
1031 3465 1244 3541 ordinationi
1263 3466 1427 3542 resistere
1440 3475 1602 3562 temptat.

380 3573 578 3671 Privilegia
597 3575 743 3674 inquam
761 3575 868 3650 istius
886 3577 979 3652 sedis
1004 3579 1062 3654 vel
1086 3579 1246 3656 ecclesia
1262 3589 1433 3678 perpetua
1450 3587 1536 3652 sunt
1552 3578 1603 3672 di·

377 3687 515 3762 vinitus
541 3689 700 3766 radicata
724 3699 831 3788 atque
856 3690 1017 3790 plantata
1034 3701 1129 3768 sunt.
1146 3693 1291 3792 Inpingi
1309 3701 1469 3790 possunt,
1485 3700 1602 3766 trans-

379 3802 465 3877 ferri
492 3827 562 3878 non
591 3813 748 3902 possunt.
774 3804 882 3880 Trahi
908 3817 1067 3903 possunt,
1095 3806 1202 3882 evelli
1227 3829 1297 3880 non
1326 3813 1483 3907 possunt.
1513 3807 1602 3892 Qua

382 3927 467 3992 ante
485 3917 674 4016 imperium
688 3928 851 3996 vestrum
864 3919 1058 3999 nerones
1071 3921 1341 4018 permanetDeo
1353 3917 1492 4016 gratias
1508 3927 1604 3992 acte-

379 4057 449 4106 nus
474 4031 622 4124 illibata,
642 4033 866 4132 manebitque
892 4042 970 4131 post
998 4059 1072 4123 vos,
1088 4043 1123 4110 et
1147 4057 1332 4133 quousque
1360 4031 1602 4109 christianum

379 4169 506 4222 nomen
525 4147 756 4245 predicatum
774 4147 884 4223 fuerit
896 4146 959 4220 illa
975 4147 1170 4224 subsistere
1186 4171 1258 4222 non
1274 4145 1428 4222 cessabit
1444 4143 1605 4218 immuti-

379 4259 545 4336 lataIsta
564 4261 680 4358 igitur
697 4261 889 4359 privilegia
906 4259 992 4336 huic
1009 4270 1143 4334 sancte
1159 4258 1319 4335 ecclesia
1331 4255 1505 4333 aOhristo
1517 4265 1605 4331 sunt

380 4375 558 4464 donatae
584 4375 732 4474 synodis
749 4399 819 4451 non
832 4385 917 4450 sunt
929 4375 1069 4464 donata,
1086 4373 1147 4450 sed
1163 4371 1408 4448 tantummodo
1425 4369 1605 4448 celebrata

248 4507 252 4514 '
380 4499 417 4568 et
433 4499 615 4582 venerata,
631 4514 693 4592 per
714 4513 793 4590 quae
810 4511 880 4577 non
897 4499 970 4566 tam
988 4487 1098 4564 honor
1115 4509 1223 4588 quam
1240 4509 1332 4562 onus
1348 4483 1449 4562 nobis
1464 4481 1605 4559 indibit
