3618 5316
894 350 1090 414 ..344-

384 468 527 544 cunctis
544 468 786 546 sacerdotibus
802 470 1054 560 totiusfmnndi
1070 470 1212 560 existat,
1224 480 1261 546 et
1274 471 1352 546 eius
1365 469 1497 545 iudicio
1508 493 1603 568 quae⁴

382 605 452 680 que
468 581 512 655 ad
529 580 670 656 cultum
688 582 764 671 Dei,
776 581 836 657 vel
849 583 954 657 fidem
978 584 1277 674 Christianorum,
1293 584 1351 660 vel
1369 583 1599 658 stabilitatem

384 695 606 793 procuranda
623 694 760 769 fuerint
776 695 1020 793 disponantur.
1037 700 1084 770 Et
1100 698 1206 771 infra.
1224 695 1397 772 Ecclesiis
1420 697 1603 772 beatorum

381 808 480 884 Petri
496 818 533 883 et
551 807 656 882 Pauli
674 831 736 905 pro
753 807 1028 886 concinnatione
1046 810 1319 886 luminariorum
1344 810 1603 908 possessionum

382 921 513 1020 praedia
531 920 763 1010 contulimus,
780 929 816 994 et
834 920 939 995 rebus
956 921 1108 1000 diversis
1125 951 1186 1001 eas
1202 925 1410 1014 ditavimus,
1420 933 1456 1000 et
1469 949 1529 1023 per
1541 949 1602 999 no·

383 1044 495 1110 stram
512 1034 732 1134 imperialem
749 1035 925 1110 iusioncm
944 1061 1083 1113 sacram
1101 1037 1231 1112 tamin
1256 1038 1412 1126 Oriente,
1428 1061 1536 1135 quam
1560 1037 1601 1112 in

383 1149 576 1224 Occidente
592 1149 651 1223 vel
668 1149 777 1222 etiam
795 1174 816 1222 a
833 1150 1103 1247 septentrionali
1116 1162 1153 1226 et
1166 1149 1362 1226 meridiana
1376 1149 1494 1248 plaga,
1507 1149 1605 1224 ride-

382 1262 468 1339 licet
484 1262 523 1336 in
540 1262 661 1352 Iudea,
679 1261 820 1338 Grecis.
838 1261 935 1353 Asia,
952 1263 1116 1352 Thracia,
1134 1263 1259 1340 Africa
1282 1273 1319 1338 et
1339 1262 1455 1354 Italia,
1472 1263 1531 1338 vel
1552 1263 1604 1337 di-

382 1373 499 1450 versis
516 1373 647 1448 insulis
663 1383 784 1448 nostra
801 1373 971 1470 largitate
989 1376 1041 1452 eis
1058 1377 1302 1452 concessimus
1318 1401 1360 1452 ea
1382 1400 1526 1474 prorsus
1550 1402 1606 1450 ra-

382 1487 490 1577 tione,
506 1498 549 1562 ut
564 1511 628 1585 per
645 1511 773 1561 manus
794 1486 991 1563 beatissimi
1008 1488 1122 1587 patris
1147 1489 1258 1563 nostri
1283 1489 1450 1563 Silvestri
1471 1489 1602 1562 summi

382 1599 567 1676 Pontificis
584 1621 902 1698 successorumque
918 1601 996 1675 cius
1013 1601 1133 1675 omnia
1158 1601 1403 1698 disponantur.
1428 1603 1475 1676 Et
1498 1601 1603 1674 infra.

381 1716 490 1788 Beato
503 1711 676 1787 Silvestro
689 1720 725 1787 et
737 1712 903 1788 omnibus
915 1713 1183 1789 successoribus
1197 1713 1275 1789 eius
1288 1714 1346 1788 dic
1359 1714 1605 1813 praesentitra-

385 1826 504 1902 dimus
520 1824 701 1900 Palatium
718 1835 879 1910 nostrum
899 1830 1147 1903 Lateranense.
1168 1828 1305 1902 Deinde
1321 1827 1492 1918 diadema,
1509 1827 1605 1902 vide-

383 1938 469 2014 licet
481 1960 646 2014 coronam
660 1937 788 2035 capitis
801 1939 1110 2040 uostri,simulque
1124 1943 1275 2039 frigium
1288 1964 1426 2018 necnon
1439 1951 1604 2039 etsup'er·

383 2049 579 2142 humerale,
595 2049 764 2126 videlicet
780 2050 894 2134 lorum
913 2053 1005 2151 quod
1022 2055 1205 2155 imperiale
1228 2055 1450 2131 circumdare
1474 2053 1604 2129 assolet

384 2164 526 2258 collum.
544 2167 680 2252 Verum
699 2165 808 2239 etiam
826 2175 863 2241 et
879 2165 1069 2244 clamidem
1083 2193 1300 2268 pnrpuream
1317 2179 1426 2267 atque
1441 2169 1604 2242 tunicam

386 2277 601 2368 coccineam,
614 2287 651 2353 ct
663 2279 781 2364 omnia
795 2278 995 2377 imperialia
1012 2282 1233 2358 indumenta.
1251 2285 1323 2358 Seu
1340 2281 1603 2377 ctdignitatem

382 2390 622 2489 imperialium
639 2390 906 2488 praesidentium
923 2395 1096 2490 equitum.
1115 2395 1344 2476 Conferentas
1362 2395 1393 2471 ei
1412 2395 1520 2470 etiam
1538 2395 1603 2466 im-

383 2502 534 2604 perialia
551 2503 683 2604 scripta
701 2503 880 2602 simulque
899 2517 1031 2586 cuncta
1051 2507 1157 2604 signa
1171 2518 1278 2605 atque
1290 2507 1419 2597 banna,
1432 2507 1539 2582 etiarn
1553 2505 1604 2578 di-

387 2643 491 2694 vorsa
508 2627 718 2692 ornamenta
735 2618 995 2715 imperialia,.ct
1009 2645 1148 2696 omnem
1167 2621 1426 2718 processionem
1444 2619 1605 2719 imperia-

386 2731 431 2806 lis
444 2731 626 2820 culminis,
639 2741 675 2806 et
687 2731 842 2827 gloriam
859 2733 1044 2830 potestatis
1061 2743 1190 2808 nostre.
1205 2733 1304 2806 Viris
1317 2733 1424 2808 ctiam
1442 2755 1605 2808 reveren-

384 2843 534 2920 tissimis
543 2843 686 2920 clericis
699 2845 832 2921 diversi
845 2845 977 2920 ordinis
990 2845 1104 2921 cidem
1118 2855 1353 2922 sacrosancta
1361 2847 1530 2919 Romanae
1539 2847 1605 2919 Ec·

384 2957 503 3034 clesiae
527 2957 778 3048 servientibus,
796 2957 887 3032 illud
908 2958 1052 3042 culmen
1069 2959 1268 3055 singularis
1284 2958 1449 3056 potentiae
1467 2967 1502 3032 ct
1519 2983 1606 3058 prae-

384 3071 560 3148 cellentiae
576 3070 703 3146 habero
721 3071 914 3162 sancimus,
931 3073 1036 3148 cuius
1052 3071 1295 3172 amplissimus
1312 3080 1431 3147 noster
1449 3075 1604 3146 Senatus

385 3186 528 3260 videtur
545 3184 662 3280 gloria
679 3184 879 3275 adhornari,
896 3186 987 3262 idest
1003 3186 1165 3284 patritios
1182 3195 1218 3260 ct
1235 3184 1399 3260 consules
1416 3184 1521 3274 effici,
1536 3207 1604 3258 nac

386 3323 456 3374 non
474 3307 510 3372 ct
528 3297 921 3395 caeterisdignitatibus
933 3299 1178 3398 imperialibus
1190 3323 1249 3374 eos
1261 3297 1533 3397 promulgamus
1548 3297 1604 3372 de·

385 3410 510 3488 corari.
529 3413 575 3485 Et
593 3409 689 3486 sicut
705 3411 901 3508 imperialis
924 3423 1023 3488 extat
1048 3413 1212 3488 decorata
1238 3412 1378 3501 militia,
1395 3411 1446 3485 ita
1467 3411 1605 3487 clerum

385 3533 518 3601 sanctae
534 3525 701 3598 Romanae
719 3524 889 3606 Ecclesia
909 3525 1026 3600 ornari
1050 3527 1285 3602 decernimus.
1310 3529 1357 3600 Et
1381 3525 1603 3623 quemadmo

386 3639 471 3713 dum
489 3637 686 3734 imperialis
703 3637 858 3735 potentia
876 3637 1027 3716 diversis
1044 3639 1170 3717 officiis
1187 3639 1489 3716 cubiculariorum
1508 3661 1603 3713 nem·

385 3776 428 3852 pc
446 3760 482 3826 et
500 3749 724 3826 ostiariorum
744 3759 851 3848 atque
867 3753 1026 3832 omniurn
1045 3753 1292 3830 excubitorum
1310 3761 1469 3840 ornatur,
1494 3751 1545 3826 ita
1569 3759 1605 3826 et

387 3872 550 3940 sanctam
568 3866 764 3938 Romanam
782 3865 981 3940 Ecclesiam
999 3866 1157 3942 decorari
1170 3865 1348 3954 volumus,
1361 3874 1397 3940 et
1409 3874 1451 3938 nt
1463 3862 1605 3962 amplis-

386 3978 476 4056 sime
496 3977 696 4075 pontificale
712 3978 822 4054 decus
839 3979 1065 4077 praefulgcat,
1082 3979 1320 4067 decernimus,
1336 3988 1373 4054 et
1389 3977 1465 4067 hoo,
1482 3991 1525 4052 ut
1536 3977 1605 4052 cle·

388 4092 453 4168 rici
470 4091 628 4168 eiusdem
648 4095 789 4166 Sanctae
806 4095 972 4168 Romanae
989 4092 1160 4168 Ecclesiae
1178 4089 1354 4189 mappulis
1368 4100 1404 4166 et
1428 4088 1605 4170 linteami-

386 4205 493 4282 nibus
509 4203 600 4280 idest
616 4203 868 4279 candidissimo
887 4204 1003 4280 colore
1025 4205 1206 4281 decoratos
1232 4225 1339 4302 equos
1363 4202 1534 4302 equitent.
1558 4206 1607 4276 Et

386 4322 483 4397 sicut
498 4330 618 4395 noster
634 4328 780 4394 senatus
805 4317 1054 4394 calciamentis
1079 4319 1195 4392 utitur
1220 4342 1303 4392 cum
1315 4315 1508 4403 udonibus,
1529 4315 1605 4390 ideo

387 4434 534 4512 candido
545 4431 754 4510 linteamine
767 4431 994 4508 illustrentur
1006 4443 1043 4507 ct
1055 4431 1106 4506 ita
1119 4429 1276 4506 caelestia
1289 4427 1384 4504 siout
1395 4437 1539 4504 terrena
1556 4427 1602 4502 ad
