3638 5294
904 396 1101 458 -498-

392 525 477 588 ante
494 517 601 589 XXV
619 537 731 588 annos
755 515 862 589 etatis
886 514 993 588 talem
1021 516 1157 590 crimen
1183 516 1449 606 commiserunt,
1466 519 1536 590 XV
1554 541 1618 590 an·

392 632 449 702 nis
466 630 602 704 exactis
619 630 657 702 in
676 629 895 728 penitentia,
911 629 1159 702 comunionem
1180 639 1383 703 mereantur
1404 629 1616 704 orationum.

393 744 528 818 Deinde
544 743 789 841 quinquennio
802 743 838 815 iu
856 769 899 816 ac
911 741 1160 818 communione
1173 743 1354 831 durantes
1367 753 1455 818 tunc
1467 745 1612 819 demum

393 855 581 930 oblationis
594 865 818 932 sacramenta
832 855 1053 950 contingant.
1069 855 1421 930 Discutiaturautem
1431 866 1467 930 et
1477 855 1552 929 vita
1561 877 1616 928 eo·

393 996 473 1048 rum
491 971 521 1044 si
540 971 598 1046 vel
615 981 772 1067 tempore
788 967 1008 1066 penitudinis
1024 967 1193 1054 extiterit,
1210 969 1312 1041 etita
1335 967 1615 1042 misericordiam

393 1091 667 1180 consequantur.
684 1081 833 1168 Quodsi
850 1080 1110 1178 inexplebiliter
1126 1079 1184 1152 his
1208 1103 1312 1155 exere
1337 1080 1550 1156 criminibus
1570 1079 1616 1152 ad

393 1197 568 1291 agendam
593 1195 834 1292 paonitentiam
857 1192 1028 1291 pmlixius
1052 1205 1193 1291 tempus
1218 1193 1411 1266 insumant.
1436 1195 1615 1289 Quotquot

393 1320 513 1384 autem
529 1319 605 1407 post
617 1313 690 1383 XX
701 1332 813 1382 annos
826 1309 942 1382 aetatis
954 1332 1099 1382 uxorem
1113 1307 1284 1381 habentes
1297 1307 1334 1379 in
1348 1306 1414 1381 hoc
1428 1317 1614 1403 peecatum

394 1421 547 1518 prolapsi
566 1431 661 1508 sunt,
678 1423 784 1494 XXV
802 1421 907 1492 annis
932 1421 1164 1516 penitentiam
1191 1430 1353 1514 agentes,
1378 1418 1421 1491 ad
1446 1417 1616 1491 orationis

394 1534 678 1608 communionem
706 1533 934 1629 recipiantur.
959 1535 1002 1605 In
1018 1556 1089 1629 qua
1113 1531 1356 1628 quinquennio
1381 1531 1615 1629 perdurantes

394 1653 484 1720 tunc
500 1645 687 1720 oblationis
704 1657 928 1721 sacramenta
949 1645 1157 1744 percipiant.
1174 1645 1273 1731 Quod
1295 1644 1325 1716 si
1343 1667 1469 1718 uxores
1485 1643 1617 1716 haben-

393 1769 459 1848 tes,
472 1769 508 1834 et
519 1759 786 1834 trascendentes
800 1761 862 1832 LV
875 1783 1010 1830 annum
1025 1757 1140 1831 astatis
1153 1755 1405 1853 delinquerint,
1417 1755 1462 1830 ad
1474 1755 1611 1829 exitum

395 1872 480 1946 vitae
497 1871 758 1946 communionis
774 1872 931 1968 gratiam
949 1879 1222 1966 consequantur.

407 2057 456 2108 Ex
472 2058 609 2123 epistola
621 2059 723 2123 Papae
736 2059 851 2110 Leonis
865 2057 909 2108 ad
922 2055 1128 2108 Theodorum
1141 2055 1332 2120 episcopum
1346 2053 1607 2106 Foroiuliensem.

490 2213 541 2285 De
559 2211 711 2286 remedio
724 2209 941 2308 paenitentias
957 2217 993 2282 et
1005 2207 1098 2304 quod
1110 2207 1283 2282 absolutio
1297 2207 1533 2306 penitentium
1552 2230 1614 2302 per

394 2347 568 2396 manuum
582 2323 841 2421 impositionem
851 2323 1107 2420 episcoporum,
1120 2347 1203 2396 cum
1213 2321 1533 2420 supplicationibus
1542 2321 1615 2408 liat,

393 2447 535 2534 propter
552 2439 645 2535 quod
662 2461 806 2512 necesse
823 2447 878 2511 est
896 2447 936 2510 ut
954 2445 1075 2511 reatus
1091 2443 1317 2534 pcccatorum
1335 2443 1418 2508 ante
1443 2433 1615 2507 ultimum

394 2549 487 2624 diem
502 2550 709 2626 sacerdotali
724 2549 984 2650 supplicatione
997 2547 1169 2636 solvatur,
1183 2547 1291 2623 etiam
1305 2548 1334 2620 si
1354 2546 1513 2647 periculo
1527 2569 1617 2619 mor-

393 2663 441 2736 tis
465 2672 645 2758 urguente
675 2664 796 2737 statim
823 2673 901 2761 post
921 2661 1162 2759 acceptionem
1185 2662 1379 2760 penitentie
1401 2672 1437 2734 et
1463 2661 1618 2735 reconci-

394 2775 495 2850 liatio
507 2776 754 2874 subsequatur.
769 2776 960 2873 Multiplex
975 2775 1214 2849 misericordia
1230 2774 1294 2847 Dei
1308 2773 1358 2846 ita
1371 2773 1481 2870 lapsis
1493 2772 1619 2845 huma-

394 2889 452 2962 nis
466 2889 694 2980 subveniant
710 2913 781 2963 non
796 2890 910 2964 solnm
926 2914 987 2986 per
1001 2889 1165 2987 baptismi
1180 2888 1350 2986 gratiam,
1360 2889 1421 2963 sed
1434 2889 1542 2962 etiam
1557 2911 1618 2983 per

395 3001 600 3098 penitentia
614 3002 824 3076 medicinam
844 3027 924 3100 spes
942 3003 1028 3076 vitae
1046 3013 1230 3099 reparetur
1247 3012 1398 3075 oeternae.
1417 3003 1466 3074 Ut
1483 2999 1545 3096 qui
1566 3023 1617 3072 re

395 3115 637 3210 generationis
650 3116 740 3190 dona
753 3115 957 3202 violassent,
968 3117 1107 3212 proprio
1118 3140 1155 3190 se
1165 3115 1298 3189 iudicio
1307 3115 1616 3211 condempnantes,

395 3227 440 3300 ad
458 3227 702 3302 remissionem
720 3227 915 3302 criminum
933 3227 1172 3324 pervenirent.
1192 3228 1253 3302 Sic
1269 3227 1401 3304 divinae
1418 3225 1617 3300 voluntatis

396 3337 570 3436 praesidiis
595 3339 780 3428 ordinatis,
806 3349 847 3411 nt
872 3338 1100 3433 indulgentia
1116 3341 1182 3415 Dei
1207 3339 1277 3412 nisi
1299 3336 1618 3435 supplicationibus

395 3451 618 3526 sacerdotum
641 3461 793 3548 nequeat
809 3450 972 3548 optineri.
982 3453 1155 3528 Mediator
1171 3453 1233 3526 Dei
1248 3461 1285 3526 et
1297 3451 1481 3525 hominum
1500 3449 1618 3524 Domi·

394 3586 464 3635 nus
480 3562 605 3636 lhesus
618 3561 784 3636 Christus
801 3561 894 3637 hanc
908 3566 1105 3660 prepositis
1121 3563 1293 3640 aecclesiae
1306 3563 1453 3638 tradidit
1469 3571 1619 3660 potesta-

396 3687 479 3763 tem,
496 3685 537 3750 ut
554 3675 807 3750 confitentibus
825 3673 1032 3773 penitentiae
1049 3678 1268 3753 sanctionem
1286 3677 1424 3764 darent,
1441 3687 1476 3749 et
1496 3675 1619 3748 eadem

395 3785 529 3860 salubri
551 3785 793 3863 satisfactione
817 3797 989 3885 purgatos
1006 3790 1051 3864 ad
1073 3791 1358 3865 communionem
1379 3797 1618 3862 sacramento

396 3923 476 3973 rum
490 3923 552 3997 per
564 3899 710 3973 ianuam
724 3901 1024 3978 reconciliationis
1040 3903 1281 3979 admitterent.
1295 3903 1364 3979 Oui
1383 3901 1503 3999 itaque
1521 3899 1617 3997 operi

396 4010 656 4087 incessabiliter
674 4011 750 4109 ipse
771 4011 938 4086 Salvator
963 4014 1169 4104 intervenit,
1185 4039 1252 4089 nec
1277 4038 1455 4111 unoquam
1483 4013 1529 4086 ab
1545 4012 1618 4086 illis

396 4125 494 4198 adest
508 4124 664 4199 dicende.
682 4128 775 4200 Ecce
793 4148 861 4220 ego
878 4124 1061 4199 vobiscum
1080 4152 1159 4203 sum
1177 4125 1342 4200 omnibus
1359 4124 1485 4200 diebus
1501 4133 1537 4198 et
1554 4149 1619 4198 ea-

396 4251 482 4312 tera.
495 4239 544 4312 Ut
558 4237 587 4310 si
602 4237 732 4335 quibus
746 4263 806 4334 per
824 4235 1033 4311 servitutem
1054 4250 1209 4310 vestram
1224 4237 1313 4312 bono
1329 4236 1451 4310 ordino
1465 4245 1501 4310 ct
1514 4245 1618 4330 grato

396 4348 564 4446 impletur
581 4349 722 4434 effectu,
741 4372 810 4422 non
827 4349 1055 4444 ambigamus
1069 4373 1130 4445 per
1143 4359 1308 4422 sanctum
1328 4349 1503 4446 Spiritum
1517 4347 1619 4421 nobis

398 4459 510 4534 fuisso
534 4461 713 4538 donatum.
734 4461 773 4532 Si
794 4469 914 4536 autem
936 4459 1067 4557 aliquis
1088 4484 1208 4532 eorum
1231 4482 1293 4556 pro
1317 4459 1448 4556 quibus
1470 4459 1620 4532 Domino
