3646 5292
834 397 838 408 '
932 429 972 444 -
995 391 1063 462 942
1087 429 1128 445 -

416 514 644 613 sbyterorum
662 513 909 592 Cardinalium
926 525 963 593 et
980 516 1216 592 Diaconorum
1233 516 1286 592 ire
1307 515 1584 614 praesumpserit‚
1600 523 1637 590 et

413 626 508 706 hanc
521 629 760 727 Apostolicam
774 629 901 706 Sedem
915 630 1095 720 invadere,
1108 629 1259 728 quilibet
1271 630 1309 703 in
1322 628 1537 726 supradictis
1549 637 1637 704 tern-

413 742 569 838 ptaverit
584 751 620 815 et
637 741 680 816 ad
698 765 879 816 summum
905 743 1143 842 pontificalem
1169 743 1337 818 honorem
1362 741 1553 818 ascendere
1577 766 1639 816 vo-

413 853 532 944 luerit,
545 855 612 954 ipsi
626 865 662 931 et
675 856 742 930 sibi
756 857 961 933 faventibus
974 859 1084 934 saciat
1097 867 1308 958 perpetuum
1322 857 1522 932 anathema.
1535 859 1636 932 Item.

417 969 456 1041 Si
482 968 563 1067 quis
588 995 671 1044 cum
694 971 806 1045 armis
823 973 861 1044 in
878 970 1051 1048 electione
1077 971 1271 1061 Pontificis‚
1288 981 1324 1045 et
1348 971 1499 1044 aliorum
1525 995 1639 1045 sacer-

417 1083 538 1157 dotum
566 1084 740 1160 inventus
766 1086 887 1177 fuerit,
911 1085 1102 1161 anathemo
1128 1085 1185 1160 sit.
1205 1089 1306 1160 Item.
1329 1086 1368 1160 Si
1393 1084 1474 1183 quis
1503 1084 1639 1159 intrare

413 1205 477 1271 aut
502 1197 727 1273 introducere
753 1199 790 1272 in
816 1199 910 1275 hanc
935 1201 1122 1275 civitatem
1149 1203 1342 1273 Romanam
1369 1198 1636 1295 praesumpserit

412 1334 627 1410 quemquam
644 1313 687 1389 de
703 1337 929 1412 quacumque
946 1313 1105 1404 civitate,
1122 1323 1187 1386 aut
1203 1321 1331 1401 castro,
1344 1311 1402 1384 vel
1420 1310 1505 1398 loco,
1523 1310 1637 1408 ponti-

413 1424 490 1500 ficis
503 1434 581 1522 post
597 1425 805 1516 discessum,
822 1450 1006 1525 quousque
1023 1427 1157 1502 insede
1173 1425 1267 1501 beati
1287 1423 1384 1500 Petri
1403 1425 1568 1499 Pontifex
1583 1448 1637 1498 or-

413 1536 559 1612 dinatus
576 1537 695 1630 fuerit,
711 1540 904 1614 anathema
928 1541 986 1614 sit.
1011 1543 1111 1615 Item.
1129 1540 1168 1613 Si
1186 1540 1268 1638 quis
1286 1539 1449 1614 resistere
1466 1562 1637 1636 praesum-

412 1651 527 1750 pserit
540 1653 789 1730 sacerdotibus
801 1663 910 1753 atque
924 1654 1136 1752 primatibus
1150 1653 1387 1743 ecclesiae‚vel
1401 1661 1531 1728 cuncto
1544 1651 1641 1727 clero

411 1764 456 1840 ad
472 1765 680 1863 eligendum
698 1767 766 1842 sibi
784 1767 986 1866 pontificem
1004 1767 1202 1842 secundum
1226 1765 1321 1842 hanc
1338 1763 1545 1842 canonicam
1564 1774 1636 1840 tra-

414 1876 595 1972 ditionem,
611 1880 803 1956 anathema
819 1880 879 1956 sit.
