3642 5294
902 458 942 472 -
967 425 1013 488 44
1036 457 1077 472 ..

379 543 465 618 bent
480 542 703 630 contradant,
720 551 762 616 ut
778 543 856 639 ipse
872 543 978 640 prius
1001 542 1193 630 examinet,
1209 542 1241 616 si
1261 542 1419 630 honeste,
1444 551 1482 616 et
1506 540 1601 618 iuste'

377 657 452 732 sint
475 666 512 732 et
527 665 656 754 praeter
672 655 900 751 diligentiam
917 666 1025 754 atque
1042 655 1321 732 sollicitudinem
1342 666 1384 730 nt
1395 655 1439 729 ad
1456 656 1602 731 commi-

377 777 493 846 tatum
519 770 765 868 praeferantur.
783 772 954 847 Universi
973 772 1233 869 responderunt
1249 770 1389 867 placere
1405 770 1483 845 sibi.

913 991 1061 1075 XXIIII.

473 1231 586 1305 Osius'
595 1229 793 1327 Episcopus
809 1229 909 1303 dixit.
927 1229 1076 1305 Memini
1093 1229 1267 1330 superiori
1293 1228 1448 1304 concilio
1472 1229 1601 1303 iratres

378 1356 515 1420 nostros
532 1343 771 1432 constituisse,
788 1355 830 1418 ut
846 1344 878 1418 si
895 1344 977 1441 quis
993 1344 1110 1419 laicus
1127 1344 1166 1416 in
1183 1368 1225 1420 ea
1241 1344 1278 1417 in
1292 1369 1364 1441 qua
1381 1352 1540 1418 moratur
1553 1344 1602 1418 oi·

377 1461 501 1548 vitate,
518 1468 592 1535 tres
608 1459 803 1534 dominicos
819 1459 895 1533 dies
912 1459 1003 1533 idest
1021 1483 1083 1556 per
1100 1461 1160 1532 111.
1181 1459 1399 1556 septimanas
1416 1481 1488 1532 nou
1511 1457 1602 1533 cele·

377 1576 499 1650 brasse
515 1582 745 1661 conventum,
763 1573 1013 1647 communione
1031 1571 1246 1669 privaretur.
1263 1571 1302 1644 Si
1319 1571 1396 1647 haec
1418 1570 1515 1646 eirca
1539 1571 1602 1645 lai·

378 1713 437 1765 cos
454 1688 649 1764 constituta
663 1697 763 1775 sunt,
781 1687 893 1760 multo
911 1686 1028 1783 magis
1045 1685 1259 1784 Episcopum
1275 1709 1347 1759 non
1363 1685 1449 1761 licet
1461 1709 1528 1760 nec
1545 1685 1602 1760 de-

377 1813 445 1892 cet,
463 1803 493 1874 si
510 1801 611 1886 nulla
633 1801 682 1876 sit
705 1812 780 1876 tam
804 1801 932 1897 gravis
957 1801 1153 1875 necessitas
1178 1825 1257 1897 quae
1281 1799 1451 1886 detineat,
1468 1808 1509 1872 ut
1529 1823 1602 1871 am·

303 2006 306 2012 ,
376 1915 473 2013 plius
489 1937 510 1988 a
527 1915 771 2014 suprascripto
783 1927 940 2011 tempore
954 1913 1082 1987 absens
1095 1913 1175 1986 sita
1190 1937 1256 1986 sua
1270 1911 1430 1987 ecclesia.
1446 1911 1601 1996 Univer-

376 2029 407 2104 si
425 2029 594 2104 dixerunt
610 2029 750 2128 placere
768 2029 846 2103 sibi.
862 2031 954 2103 Item
971 2027 1010 2100 in
1027 2027 1159 2100 eodem.
1176 2030 1231 2099 Ita
1248 2025 1444 2123 Episcopus
1465 2027 1510 2100 ad
1527 2049 1601 2124 pos-

377 2144 568 2219 sessionem
591 2169 693 2218 suam
711 2145 868 2231 accedat,
887 2150 928 2216 ut
945 2165 1060 2240 neque
1085 2165 1141 2213 res
1165 2138 1366 2213 domesticae
1391 2163 1454 2236 per
1478 2139 1602 2214 absen-

376 2257 463 2332 tiam
483 2258 561 2332 eius
577 2259 833 2334 detrimentum
850 2255 1065 2342 sustineant,
1082 2262 1118 2326 et
1134 2276 1180 2326 ne
1197 2252 1404 2348 frequenter
1428 2251 1602 2326 veniendo

375 2372 420 2446 ad
437 2371 624 2448 civitatem
641 2372 791 2448 alterius
808 2369 1047 2468 suspicionem
1064 2363 1246 2439 iactantiae
1259 2363 1318 2438 vel
1334 2363 1537 2439 ambitionis
1549 2364 1602 2438 in·

376 2496 510 2561 currat.

937 2627 1047 2712 XXV.

473 2832 609 2903 Domno
626 2850 704 2903 meo
719 2826 952 2914 dilectissimo
976 2826 1082 2900 fratri
1106 2833 1143 2899 et
1170 2824 1426 2901 Comministro
1450 2823 1600 2898 Iohanni

377 2942 575 3018 Antioceno
589 2936 1599 3040 Episcop0,0yrillusAlexandriunsiuDomiuosalutem.

378 3061 424 3131 Et
439 3057 545 3130 infra.
562 3056 720 3144 Quodam
746 3055 910 3130 delinivit
934 3063 1060 3130 sancta
1086 3057 1327 3128 Romanorum
1352 3051 1497 3126 sinodus
1521 3075 1602 3150 qum

376 3171 521 3268 scripsit
537 3171 582 3244 ad
600 3179 699 3244 tuam
718 3171 968 3260 reverentiam,
981 3169 1113 3268 quibus
1125 3177 1181 3243 est
1193 3165 1436 3242 necessarium
1448 3166 1601 3256 obedire,

380 3287 576 3360 retinentes
594 3285 704 3358 totius
722 3283 925 3360 Occidentis
942 3283 1239 3359 communionem.
1260 3284 1491 3378 Scripscrunt
1506 3281 1603 3356 euim

377 3399 421 3473 ad
439 3408 557 3497 patres
574 3399 671 3473 etad
692 3400 757 3473 Dei
782 3400 936 3474 cultores
960 3397 1294 3474 Thessalonicenses
1316 3395 1484 3492 Ruphum
1503 3405 1539 3472 et
1555 3397 1601 3471 ad

375 3513 464 3587 alios
480 3512 649 3610 quosdam
668 3537 730 3610 per
748 3513 992 3588 Macedoniarn
1015 3513 1082 3588 Dei
1102 3513 1254 3610 optimos
1278 3510 1434 3586 cultores
1459 3510 1603 3609 Episco-

376 3648 448 3722 pos,
465 3623 526 3722 qui
544 3621 653 3697 etiam
671 3649 810 3722 semper
832 3637 1054 3700 concurrunt
1078 3624 1230 3700 decretis
1249 3624 1343 3698 eius.
1369 3623 1602 3720 Scripseruut

376 3737 664 3815 nihilomiuuset
679 3738 724 3811 ad
749 3738 1064 3814 Hierosolimorum
1090 3738 1155 3813 Dei
1180 3737 1359 3811 culturam
1386 3737 1601 3835 Episcopum

376 3849 594 3926 Iuvenalem.
626 3853 711 3925 Tuae
740 3852 855 3947 igitur
886 3861 942 3926 cst
976 3849 1224 3946 religiositatis
1253 3848 1479 3925 considerare
1509 3850 1601 3948 quod

377 3967 465 4041 utile
482 3975 546 4042 est.
563 3969 636 4040 Nos
652 3989 844 4063 sequemur
860 3989 939 4064 quae
956 3965 1001 4038 ab
1017 3989 1059 4040 ea
1076 3971 1162 4038 sunt
1179 3963 1347 4037 iudicata.

942 4195 1069 4290 XXVI.

450 4425 627 4498 Piissimis
644 4435 681 4501 et
698 4427 770 4499 Deo
786 4425 1055 4512 amantissimis
1074 4423 1269 4500 Theodoxio
1286 4433 1332 4499 et·
1348 4422 1605 4498 Valentiniano

379 4564 518 4640 semper
535 4538 725 4636 Augustis,
742 4548 867 4614 sancta
886 4540 1052 4638 Synodus
1070 4546 1293 4636 congregata
1318 4537 1358 4612 in
1383 4536 1532 4636 Epheso.
1557 4539 1605 4610 Et
