3654 5302
615 457 617 462 ·
733 450 776 463 -
799 416 865 480 ree
891 449 932 470 .-

773 571 895 656 cxvi.

486 749 534 800 Ex
553 749 694 814 epistota
713 749 864 815 cypriani
882 748 927 802 ed
946 747 1177 801 Constantium.

316 884 416 972 Quod
434 883 464 956 si
482 883 533 958 ita
550 893 605 957 est
623 884 733 958 frater
745 883 936 958 karissime
954 893 995 958 ut
1009 882 1311 981 nequissimorum
1325 881 1450 955 timea-

221 1006 283 1072 tur
299 997 460 1078 audacia.
476 1007 512 1072 et
528 996 620 1095 quod
639 997 724 1070 mali
742 997 821 1072 iure
834 1007 942 1095 etque
956 997 1126 1096 aeqnitate
1142 1019 1213 1070 non
1229 1002 1388 1094 possunt,
1401 1003 1450 1068 te·

222 1111 387 1185 meritete
404 1135 447 1185 ec
464 1109 706 1207 desperatione
725 1110 923 1207 perficiant,
940 1119 1062 1185 actum
1081 1119 1136 1185 est
1160 1110 1205 1184 dc
1226 1108 1450 1207 episcopatus
1527 1125 1530 1130 ’

222 1223 359 1318 vigore,
375 1232 411 1298 et
427 1223 469 1297 de
487 1222 658 1297 eecclesiae
675 1223 920 1319 gubernandae
938 1223 1085 1298 sublimi
1104 1247 1147 1298 ao
1161 1223 1283 1297 divina
1301 1231 1452 1319 potesta·

222 1347 270 1425 te,
286 1361 353 1412 nec
368 1336 558 1412 christiani
575 1336 669 1409 ultre
686 1346 751 1411 aut
767 1337 897 1412 durare
914 1347 978 1411 ent
995 1361 1074 1412 esse
1097 1337 1169 1410 iam
1196 1360 1395 1435 possumus,
1420 1333 1451 1406 si
1513 1365 1515 1370 ·

224 1451 350 1526 adhoc
365 1459 515 1526 ventum
533 1449 661 1548 estqui
674 1451 892 1551 perditorum
911 1449 1041 1538 mines,
1054 1461 1162 1548 atque
1179 1449 1328 1524 insidias
1346 1445 1453 1546 perti·
1559 1547 1561 1550 Ι

225 1587 437 1667 mesoamus.
455 1567 501 1637 Et
517 1562 622 1638 infra.
635 1565 758 1661 Neque
776 1563 871 1638 enirn
889 1563 982 1637 soles
995 1565 1172 1660 gentium,
1186 1563 1245 1638 vel
1264 1563 1450 1638 iudeorum

225 1677 342 1750 minas
358 1677 517 1772 cogitare
535 1686 571 1751 et
583 1685 743 1774 spectare
756 1677 936 1766 debemus,
950 1701 1032 1752 cum
1054 1678 1244 1753 videamus
1256 1677 1373 1775 ipsum
1388 1677 1453 1747 Do

225 1791 362 1864 minum
381 1800 541 1866 nostrum
559 1790 765 1866 efratribns
778 1813 854 1866 esse
868 1790 1064 1878 detentum,
1078 1801 1114 1865 et
1128 1789 1173 1864 ab
1185 1813 1225 1865 eo
1237 1813 1343 1887 quem
1357 1787 1453 1860 inter

225 1903 408 2001 Apostolos
425 1905 500 2002 ipse
517 1903 701 2000 delegerat
718 1904 905 2001 proditum.
922 1905 969 1975 Et
986 1901 1091 1999 paulo
1109 1913 1201 2000 post.
1227 1906 1269 1976 In
1288 1905 1457 1994 Evange-¹

225 2015 273 2090 lio
289 2017 397 2092 etiarn
416 2017 573 2113 legimus
597 2041 673 2092 csse
691 2018 902 2115 praedictum
929 2016 1048 2112 magis
1080 2016 1289 2092 domesticos
1314 2015 1454 2090 futuros

225 2130 341 2226 etqui
358 2129 459 2228 prins
476 2129 631 2228 copulati
658 2139 882 2204 sacramento
909 2129 1166 2204 unanimitatis
1191 2129 1336 2217 fuerint,
1360 2128 1454 2225 ipsos

226 2242 381 2318 invicem
394 2243 597 2317 tradituros.
610 2242 732 2317 Niobil
748 2244 897 2319 interest
911 2245 992 2342 quis
1006 2245 1129 2319 tradat
1141 2254 1205 2319 aut
1219 2243 1344 2331 seviat,
1356 2265 1455 2316 cum-

227 2380 295 2454 que
312 2355 405 2430 tradi
422 2355 599 2452 permittit
616 2365 768 2431 coronet.
786 2360 913 2454 Neque
932 2357 1035 2432 nobis
1054 2355 1254 2454 ignominia
1272 2364 1327 2428 est
1343 2353 1415 2451 pati
1433 2379 1454 2426 a

227 2468 400 2542 fratribus
417 2467 644 2568 quie‘passus
662 2478 716 2543 est
734 2469 914 2558 Christus,
943 2495 1011 2546 nec
1038 2471 1093 2542 illi
1120 2469 1235 2566 gloria
1260 2479 1314 2543 est
1338 2467 1455 2542 facere

228 2581 320 2679 quod
336 2580 462 2656 iecerit
478 2581 594 2654 Iudas.
611 2583 691 2655 Non
709 2581 881 2657 timemus
898 2583 1014 2658 fustes
1038 2594 1074 2659 et
1098 2583 1233 2681 lapides
1258 2589 1294 2656 et
1318 2579 1456 2676 gladios
1569 2573 1573 2582 ’

228 2717 315 2791 quos
332 2694 451 2768 verbis
469 2693 741 2791 parricidalibus
755 2695 904 2785 iactant,
917 2695 1113 2772 homicides
1131 2705 1217 2770 sunt
1229 2695 1323 2792 apud
1341 2696 1456 2768 Deum

228 2806 320 2881 tales
337 2831 465 2882 necare
481 2818 602 2880 tamen
620 2829 690 2881 non
708 2820 868 2904 possunt,
885 2809 955 2882 nisi
974 2810 1026 2884 cis
1044 2809 1218 2884 Dominus
1236 2831 1363 2882 necare
1381 2831 1458 2904 per-

230 2919 376 2994 miserit.
394 2919 463 2994 Sed
480 2941 550 2994 non
568 2919 699 2995 iccirco
717 2921 828 2996 frater
853 2921 1044 2997 karissime
1076 2921 1308 3019 relinquenda
1325 2929 1379 2995 est
1403 2943 1458 2994 ec·
1486 2909 1487 2914 ¹

230 3030 432 3106 clesiastica
445 3031 644 3128 disciplina,
657 3045 721 3106 ant
734 3034 964 3110 sacerdotalis
979 3059 1143 3124 censure,
1156 3033 1323 3133 quoniam
1338 3032 1459 3109 convi-

231 3144 298 3218 ciis
315 3144 625 3250 infestantumaut
642 3147 839 3220 terroribus
856 3150 1041 3246 quatimur
1058 3149 1146 3248 quin
1163 3156 1330 3224 occurret
1342 3145 1458 3220 Domi·

234 3281 301 3330 nus
317 3257 449 3332 dicens.
467 3256 586 3332 Verba
611 3257 681 3330 viri
708 3261 903 3356 peccatoris
929 3287 975 3338 ne
1001 3261 1208 3350 timueritis,
1232 3263 1318 3360 quie
1341 3259 1458 3357 gloria

231 3369 309 3443 eius
326 3369 394 3444 erit
410 3370 450 3443 in
463 3393 616 3456 vermes,
633 3369 735 3444 hodie
753 3372 945 3448 extolletur
959 3385 995 3450 et
1012 3400 1093 3450 cras
1106 3397 1176 3450 non
1190 3373 1407 3461 invenietur,
1424 3381 1460 3446 et

232 3481 403 3576 cogitatio
417 3482 494 3558 eius
508 3481 646 3579 peribit.
660 3486 707 3556 Et
719 3482 860 3557 iterum.
875 3485 959 3560 Vidi
974 3486 1123 3583 impium
1143 3485 1459 3583 superexaltatum.

233 3598 280 3670 Et
296 3605 424 3670 cetera.
442 3600 488 3670 Et
506 3609 583 3693 post
600 3619 724 3693 pauca.
741 3599 836 3670 Nam
855 3619 939 3668 cum
959 3598 1132 3694 scriptum
1151 3597 1209 3685 sit,
1222 3619 1338 3693 neque
1352 3593 1459 3668 male·

234 3708 306 3783 diei
320 3731 474 3803 regnum
488 3708 552 3782 Dei
566 3707 806 3806 possidebunt.
817 3711 862 3781 Et
876 3707 998 3806 siquis
1011 3709 1141 3784 dixerit
1153 3708 1258 3783 fratri
1272 3731 1336 3782 suo
1349 3707 1460 3794 fatue,

236 3831 272 3896 et
289 3821 351 3918 qui
368 3820 497 3896 dixerit
515 3821 635 3908 racha,
654 3845 736 3895 reus
757 3820 827 3895 erit
844 3820 880 3892 in
898 3821 1064 3917 gehenna
1080 3821 1189 3918 ignis,
1204 3820 1373 3918 quomodo
1386 3841 1462 3917 pos·
1547 3897 1549 3901 ,

213 3929 214 3934 ’
236 3943 322 4008 sunt
339 3957 529 4018 censuram
548 3932 689 4007 Domini
708 3931 837 4006 ultoris
854 3935 1006 4011 evadere
1019 3935 1082 4032 qui
1100 3935 1187 4008 talia
1200 3935 1374 4029 ingerunt
1390 3955 1462 4005 non

239 4045 355 4118 solum
373 4045 559 4134 fratribus,
575 4045 636 4119 sed
655 4054 690 4120 et
708 4043 961 4138 sacerdotibus,
982 4047 1112 4145 quibus
1136 4047 1246 4122 honos
1271 4054 1394 4120 tentus
1419 4043 1462 4118 dc

239 4157 304 4232 Dei
318 4157 525 4253 dignatione
538 4158 756 4247 conceditur,
769 4167 811 4231 ut
824 4159 974 4258 quisque
987 4159 1160 4235 sacerdoti
1175 4161 1252 4234 eius
1266 4169 1302 4234 et
1315 4157 1359 4231 ad
1372 4169 1462 4232 tem·

236 4294 303 4368 pus
320 4269 495 4346 iudicanti
521 4292 591 4342 non
608 4269 867 4367 obtemperabit
884 4271 1005 4346 statim
1026 4276 1241 4346 necaretur?
1266 4273 1308 4344 In
1334 4271 1464 4343 Deute-

238 4385 394 4460 ronomio
416 4371 574 4482 loquitur
591 4383 765 4456 Dominus
779 4386 880 4458 Deus
896 4383 1029 4470 dicens,
1045 4382 1113 4458 hoo
1130 4384 1348 4480 quicumque
1372 4380 1463 4455 lece·

154 4493 157 4498 ’
237 4497 285 4569 rit
295 4498 341 4569 'in
359 4495 526 4594 superbia
545 4506 672 4569 utnon
690 4495 858 4570 exaudiat
875 4489 1104 4584 sacerdotem,
1126 4503 1189 4567 aut
1215 4492 1370 4568 iudicem
1388 4491 1464 4589 qui-
