3638 5294
743 420 783 436 -
809 387 874 450 ele
899 419 938 434 -

237 503 348 596 vobis,
364 506 481 580 studio
499 516 619 582 vestro
637 506 811 581 uniantur
828 506 998 582 aecclesiao
1015 504 1080 580 Del
1099 514 1135 582 et
1152 504 1261 580 vobis.
1279 506 1371 580 Cum
1395 504 1463 601 igi-

154 678 157 684 .
237 627 297 692 tar
324 621 499 710 venerint,
517 621 695 720 recipietis
721 645 779 696 eos
804 621 899 696 sicut
924 621 1020 698 filius
1045 633 1143 719 pater
1160 631 1196 694 et
1213 618 1460 694 ammonebitis

238 756 296 806 eos
321 744 363 808 ut
387 745 528 832 propter
553 759 675 831 pacem
700 733 869 809 aecclesiae
888 733 951 808 Dei
977 761 1050 808 una
1075 733 1259 808 nobiscum
1282 732 1460 806 unianimi

238 845 408 922 aecclesiae
426 857 462 921 et
480 847 660 946 recipiatis
678 848 841 922 Photium
863 847 1113 944 patriarcham.
1131 847 1358 944 Quicumque
1376 869 1460 920 vero

239 983 283 1034 ex
299 962 351 1034 eis
368 960 468 1058 prius
485 961 638 1036 ordinati
659 972 755 1052 sunt,
773 963 947 1060 recipiant
973 961 1073 1036 sedes
1098 986 1191 1034 suas,
1209 959 1277 1047 Qui
1305 984 1389 1033 vero
1406 983 1462 1056 po·

238 1073 380 1160 sterius,
397 1073 441 1146 ab
466 1072 552 1171 ipsis
569 1073 741 1172 episcopis
758 1074 896 1148 victum
914 1085 950 1149 et
967 1074 1223 1150 vestimentum
1241 1073 1463 1147 sufficienter

240 1184 428 1280 accipiant.
441 1188 542 1258 Item.
556 1185 639 1258 Illos
656 1186 717 1282 qui
735 1186 907 1262 discordie
926 1189 1071 1262 student
1088 1198 1124 1263 et
1141 1188 1185 1262 ad
1203 1187 1378 1261 unitatem
1398 1211 1464 1261 aeo·

242 1295 360 1371 clasiae
377 1308 412 1373 et
437 1299 590 1373 fratrum
617 1301 744 1374 nolunt
769 1301 901 1376 reverti
927 1311 1003 1398 post
1028 1301 1221 1376 secundam
1247 1299 1466 1374 communio·

240 1435 321 1484 nem
341 1421 495 1486 vestram
523 1424 560 1488 et
584 1415 761 1511 synodi‚a
786 1416 997 1489 comunione
1021 1426 1057 1490 et
1074 1413 1316 1502 ecclesiastico
1340 1414 1464 1488 ordino

240 1525 453 1622 suspendite.
471 1529 571 1600 Item.
589 1528 679 1601 Cum
706 1527 809 1602 fratri
836 1538 955 1602 nostro
972 1527 1190 1602 Patriarchae
1208 1526 1331 1600 Photio
1348 1526 1386 1598 in
1404 1551 1464 1623 sy-

128 1659 129 1663 ’
241 1637 329 1710 nodo
346 1637 548 1720 interdicite
565 1664 609 1714 ne
628 1639 776 1736 pallium
802 1641 839 1714 in
858 1641 1033 1736 Bulgaria
1052 1640 1181 1729 mittat,
1199 1639 1257 1714 vel
1274 1639 1464 1713 ordinatio

241 1775 323 1824 nem
341 1751 377 1823 in
397 1776 437 1826 ca
455 1752 574 1826 faciat.
591 1754 692 1840 Quod
709 1755 738 1828 si
759 1754 892 1842 iecerit,
910 1754 1078 1828 canonice
1097 1752 1200 1826 illum
1220 1752 1464 1848 corripiemus.

241 1869 341 1939 Item.
360 1867 486 1942 Videte
507 1893 551 1942 ne
569 1869 610 1943 de
630 1871 815 1966 praeceptis
832 1867 963 1942 nostris
980 1867 1024 1940 ad
1041 1866 1223 1940 dexteram
1242 1864 1300 1940 vel
1318 1865 1362 1938 ad
1380 1865 1466 1938 sini·

241 1987 352 2051 stram
383 1979 562 2055 declinare
592 1981 724 2070 velitis,
742 1983 826 2079 quia.
855 1979 971 2054 locum
1004 1989 1040 2054 et
1068 1987 1276 2075 potestatem
1307 1988 1466 2051 nostram

242 2115 349 2187 quam
375 2093 475 2166 nobis
493 2118 554 2190 pro
573 2119 657 2190 pace
675 2095 835 2171 ccclesiae
852 2095 1015 2169 dedimus
1035 2093 1182 2168 habetis.
1199 2096 1299 2166 ltom.
1317 2096 1365 2166 Et
1382 2092 1464 2165 sub-

241 2205 453 2300 scriptiones
465 2207 620 2304 epistole.
635 2210 813 2283 Martinus
823 2207 1033 2282 Narniensis
1047 2205 1242 2304 episcopus.
1255 2205 1464 2279 Dominious

242 2315 472 2392 Tiburiensis.
487 2319 622 2394 Florus.
637 2322 870 2414 Gaudericns.
889 2319 1102 2416 Stephanus.
1116 2321 1193 2393 Lea.
1208 2321 1346 2392 Petrus,
1364 2317 1465 2390 Wal-

242 2427 373 2506 bertus.
391 2433 588 2528 Gregorius
606 2434 791 2532 episcopus
808 2435 886 2508 sive
904 2433 1082 2508 Candidas.
1349 2442 1353 2448 '

763 2621 854 2674 Actio
874 2621 946 2670 1111.

340 2771 464 2848 Photio
489 2773 661 2872 presbiter
686 2775 785 2848 dixit.
804 2775 896 2861 Quia
921 2773 1040 2846 omnia
1058 2795 1137 2868 quae
1154 2771 1252 2868 pacis
1269 2780 1355 2845 sunt
1373 2795 1466 2846 oom-

246 2881 340 2980 pleta
358 2881 679 2974 habemusbmum
693 2895 747 2961 est
765 2896 806 2961 ut
824 2887 1006 2961 vobiscum
1026 2893 1062 2958 et
1079 2909 1162 2958 oum
1177 2884 1301 2958 Photio
1318 2884 1468 2981 patriar-

246 2994 313 3068 cha
332 2996 522 3070 missarum
548 2997 757 3096 sollempnia
782 2999 1012 3075 celebremus.
1030 2998 1347 3094 sanctasynodus
1364 2997 1465 3087 dixit,

246 3106 312 3182 hoe
329 3108 462 3184 bonum
479 3119 534 3185 est
552 3119 587 3185 et
605 3113 677 3185 Deo
693 3122 893 3209 acceptum,
910 3107 972 3186 fiat
989 3108 1156 3185 voluntas
1174 3123 1305 3184 vestra.

783 3297 874 3349 Actio
894 3291 931 3349 V.

344 3447 518 3546 Praecepit
530 3457 655 3522 sancta
668 3457 703 3522 et
716 3448 935 3522 universalis
952 3447 1123 3546 synodus,
1135 3457 1177 3520 ut
1194 3448 1411 3546 quicumque
1424 3449 1466 3524 de

248 3559 353 3633 ltalia
369 3559 533 3659 episcopi,
547 3559 634 3635 cleri
648 3570 684 3634 et
697 3560 779 3635 laici
797 3562 835 3634 in
851 3563 947 3650 Asia,
961 3565 1102 3658 Europa
1115 3560 1172 3634 vel
1187 3561 1286 3636 Libia
1300 3563 1469 3659 degentes

250 3697 271 3744 a
289 3672 514 3747 sanctissimo
535 3675 630 3770 Papa
649 3672 804 3747 Iohanne
825 3675 987 3774 suspensi
1006 3675 1308 3751 excommunicati
1326 3675 1385 3750 vel
1410 3675 1470 3749 de·

249 3787 352 3883 positi
370 3785 516 3875 fuerint,
528 3785 684 3860 habeant
700 3810 758 3860 eos
775 3795 811 3860 et
827 3787 1078 3862 sanctissimus
1096 3779 1245 3862 Photins
1263 3787 1467 3887 patriarcha

249 3921 438 3997 suspensos
455 3897 779 3973 excommunicatos
797 3899 851 3973 vel
871 3899 1054 3996 depositos
1067 3902 1168 3974 Item.
1183 3899 1401 3997 Apocrisarii
1418 3900 1469 3974 di-

249 4020 390 4086 xerunt.
400 4012 502 4085 Hanc
512 4011 980 4108 potestatemsanotissimus
991 4017 1085 4110 Papa
1095 4011 1269 4087 Iohannes
1278 4012 1470 4088 deditPho-

250 4120 299 4194 tio
316 4120 530 4217 patriarche,
540 4130 580 4194 ut
593 4119 696 4194 abeat
713 4131 918 4219 potestatem
934 4124 1164 4200 convertendi
1178 4134 1213 4199 et
1226 4149 1295 4198 non
1310 4126 1468 4224 peniten-

249 4245 302 4308 tcs
320 4234 480 4309 eiciendi.
494 4237 595 4322 Item,
609 4243 645 4309 et
658 4236 787 4308 Petrus
804 4236 979 4334 presbiter
992 4235 1091 4310 dixit.
1100 4237 1326 4311 Universalis
1342 4247 1379 4311 et
1391 4261 1471 4334 apo-

249 4347 500 4444 stolicusPapa
511 4345 686 4421 Iohannes
698 4347 791 4421 hano
804 4357 1011 4445 potestatem
1027 4375 1048 4420 a
1061 4349 1219 4448 principe
1232 4349 1468 4446 apostolorum

250 4463 355 4534 Petro
377 4461 556 4557 accipiens
581 4459 677 4534 dedit
695 4458 819 4534 Photio
844 4459 1045 4556 patriarche
1070 4449 1244 4558 potestate
1270 4459 1409 4556 ligandi
1435 4470 1471 4534 ct
