3638 5294
902 397 1097 460 -508-

922 590 1014 643 Actio
1034 591 1074 640 11.

486 749 701 847 Apocrisarii
727 750 902 825 dixerunt.
920 755 1063 826 Fratres
1088 775 1171 826 ecce
1196 750 1350 826 secundo
1376 750 1540 823 misimus
1564 751 1609 822 ad

390 861 586 956 Ignatium,
599 871 640 935 ut
652 887 769 936 coram
784 863 884 937 nobis
898 863 1030 954 veniat,
1044 874 1080 938 et
1093 864 1306 938 terminetur
1319 863 1502 958 negotium
1518 863 1608 950 eius

390 986 426 1050 et
452 975 625 1050 refutavit
651 975 782 1051 venire.
799 980 872 1051 Nos
896 987 1017 1053 autem
1046 999 1218 1051 vocamus
1243 1000 1337 1064 eum,
1354 1000 1500 1050 causam
1530 975 1609 1049 eius

392 1112 564 1192 renovare
581 1087 743 1163 volentes
768 1089 868 1164 iuxta
889 1090 1098 1165 canonicam
1124 1089 1372 1165 auctoritatem
1397 1099 1433 1163 et
1454 1087 1611 1162 traditio

390 1227 477 1274 num
491 1209 644 1298 patrum.
654 1205 742 1276 Item
757 1203 894 1277 Paulus
906 1204 1091 1301 episcopus
1102 1205 1262 1278 Cesareae
1271 1201 1608 1303 Cappadociaedixit.

389 1313 552 1388 Ecclesia
578 1325 697 1387 nostra
721 1325 860 1412 propter
881 1317 1118 1391 reverentiam
1135 1326 1341 1390 sanctorum
1359 1314 1608 1412 Apostolorum

390 1437 427 1500 ot
451 1426 669 1501 sanctissimi
696 1431 800 1527 Papae
825 1428 975 1514 Nicolai,
994 1441 1034 1505 ut
1059 1442 1250 1504 renovetur
1274 1429 1448 1504 iudicium
1474 1427 1608 1523 Ignatii

390 1541 578 1615 consentit.
591 1543 679 1614 Item
697 1543 915 1638 ApocriSarii
929 1543 1105 1618 dixerunt.
1120 1545 1164 1615 Et
1177 1542 1206 1614 si
1225 1541 1268 1614 de
1285 1541 1345 1614 illo
1361 1539 1536 1614 iudicium
1549 1565 1608 1615 ve·

391 1662 505 1726 strum
524 1652 659 1727 factum
686 1663 750 1742 est,
768 1677 831 1728 nos
848 1665 968 1730 tamen
987 1657 1070 1753 quia
1088 1677 1272 1751 personam
1292 1653 1485 1750 Apostolici
1502 1652 1609 1726 habe-

393 1791 484 1855 mas,
502 1789 563 1862 per
584 1768 791 1842 canonicam
810 1769 1058 1843 auctoritatem
1077 1789 1245 1841 revocare
1264 1767 1342 1842 eius
1359 1766 1533 1841 iudicium
1551 1787 1608 1838 vo

391 1877 523 1952 lamus.
548 1881 648 1954 Item.
673 1879 890 1980 Theophilus
919 1881 1104 1978 episcopus
1121 1881 1294 1956 Laodiciae
1318 1881 1417 1954 dixit.
1443 1879 1609 1976 Synodus

391 2015 460 2066 non
480 1991 586 2067 habet
603 2015 717 2088 grave
733 1993 763 2066 si
781 2019 890 2069 causa
915 1994 993 2069 eius
1018 2003 1220 2082 renovetur,
1238 1994 1299 2068 sed
1323 2003 1360 2068 et
1376 1992 1610 2068 ecclesiastici

391 2113 428 2177 et
440 2104 539 2178 cives
551 2129 663 2200 gaves
673 2105 750 2202 (sic)
759 2108 919 2202 gaudent
932 2106 975 2181 de
989 2117 1160 2205 potestate
1173 2114 1291 2181 vestra
1301 2114 1337 2180 et
1345 2103 1610 2179 renovationem

395 2216 530 2290 iudicii.
554 2218 771 2314 Apocrisarii
795 2219 972 2295 dixerunt.
990 2220 1132 2296 Credite
1158 2220 1287 2294 fratres
1308 2219 1475 2316 quoniam
1494 2216 1611 2291 sancti

397 2340 514 2428 patres
532 2329 768 2406 decreverunt
784 2333 820 2405 in
841 2334 1051 2410 sardicense
1071 2333 1233 2421 concilio,
1251 2343 1292 2407 ut
1316 2331 1445 2406 habeat
1462 2340 1612 2427 potesta-

393 2454 464 2516 tern
479 2445 660 2517 Romanus
674 2444 868 2543 Episcopus
888 2471 1058 2522 renovare
1075 2473 1221 2522 causam
1239 2445 1432 2522 cuiuslibet
1445 2444 1609 2541 episcopi,

393 2565 577 2653 propterea
594 2579 658 2630 nos
676 2581 737 2654 pcr
753 2561 1001 2634 auctoritatem
1028 2585 1135 2658 quam
1162 2560 1318 2634 diximus
1342 2558 1420 2633 eius
1444 2557 1609 2631 volumus

393 2668 617 2765 investigare
634 2669 830 2766 negotium.
848 2672 1049 2748 Theodorus
1063 2675 1247 2774 episcopus
1264 2672 1437 2747 Laodiciae
1450 2671 1548 2745 dixit.
1563 2675 1611 2744 Et

370 2783 553 2859 -aeoclesia
572 2795 690 2859 nostra
709 2786 844 2880 gaudet
861 2787 899 2859 in
924 2788 999 2876 hoc,
1017 2799 1053 2878 ot
1077 2787 1214 2861 nullam
1240 2787 1346 2860 habet
1363 2783 1610 2860 contradictio

392 2923 474 2973 nem
493 2907 557 2972 aut
574 2899 770 2974 tristitiam.
787 2905 877 2974 Item
895 2902 1096 2977 Theodorus
1117 2900 1301 2997 opiscopus
1326 2899 1424 2972 dixit.
1443 2898 1610 2993 Ignatius

395 3034 466 3085 non
483 3010 597 3084 solum
616 3033 680 3084 nos
698 3012 758 3086 sed
775 3023 811 3086 et
828 3021 986 3087 vestram
1005 3013 1251 3088 auctoritatem
1271 3012 1502 3110 contempnit,
1515 3021 1550 3084 ct
1567 3010 1610 3084 de

392 3124 493 3200 nobis
518 3125 661 3222 quidem
690 3125 846 3222 aliquam
873 3127 955 3201 abet
976 3127 1159 3214 rationem,
1177 3127 1237 3200 sed
1262 3136 1385 3201 contra
1402 3133 1610 3223 potestatem

393 3247 551 3312 vestram
572 3263 677 3336 qnam
697 3239 960 3315 excusationem
979 3241 1037 3314 vel
1056 3239 1227 3314 rationem
1251 3239 1404 3327 habebit,
1421 3239 1483 3337 qui
1510 3261 1610 3314 voca-

282 3431 287 3440 ,
390 3361 451 3427 tus
469 3351 540 3424 iam
560 3373 631 3424 non
657 3353 812 3426 secundo
838 3377 908 3426 non
934 3354 1034 3429 venit
1059 3363 1123 3428 aut
1148 3353 1333 3428 audiretur
1358 3354 1394 3427 in
1420 3363 1611 3452 conspectu

390 3475 521 3552 vestro,
546 3465 714 3562 quoniam
739 3489 827 3560 ergo
853 3468 1066 3564 contempsit
1091 3491 1165 3554 vos,
1189 3477 1230 3542 ut
1247 3467 1333 3541 iusti
1351 3467 1487 3542 iudices
1504 3477 1540 3543 et
1556 3490 1612 3563 po-

391 3587 557 3653 testatem
582 3577 677 3652 beati
697 3579 794 3652 Petri
819 3578 989 3653 habentes
1009 3579 1202 3654 adiuvante
1220 3579 1417 3656 aecclesiam
1443 3589 1610 3654 nostram.

394 3691 612 3788 Apocrisarii
639 3691 816 3766 dixerunt.
834 3692 926 3778 Quia
951 3692 1021 3766 iam
1048 3695 1202 3770 secundo
1219 3720 1239 3765 a
1258 3694 1359 3768 nobis
1376 3703 1525 3768 vocatus
1541 3717 1611 3766 non

391 3804 485 3879 veni.
509 3804 547 3876 si
572 3806 641 3877 III⁰
667 3814 815 3879 vocatus
840 3827 910 3878 non
936 3807 1087 3894 venerit,
1111 3807 1247 3879 iustum
1274 3815 1330 3880 est
1353 3817 1395 3880 nt
1415 3805 1611 3880 secundum

390 3942 546 3992 canones
564 3917 739 3992 faciamus
757 3919 795 3990 in
813 3943 905 3993 eum.
924 3921 1055 3992 Sancta
1074 3919 1241 4015 Synodus
1262 3918 1362 3994 dixit.
1384 3921 1522 3992 Iustum
1548 3927 1611 3992 est.

391 4035 491 4105 Item.
518 4030 771 4127 Amphilogius
797 4031 982 4130 episcopus
1000 4031 1137 4107 Cizichi
1156 4033 1254 4106 dixit.
1272 4036 1404 4107 Sancta
1425 4031 1613 4107 Chalcedo

392 4145 515 4219 nensis
534 4146 700 4243 Synodus
726 4145 766 4218 in
792 4147 913 4220 eadem
936 4145 992 4220 die
1018 4144 1170 4242 primam
1196 4155 1232 4220 et
1249 4145 1442 4220 secundam
1459 4144 1612 4218 vocatio

391 4285 473 4334 nem
488 4261 573 4335 lecit
589 4271 713 4336 contra
731 4262 950 4335 Dioscorum.
964 4264 1062 4334 Item.
1079 4259 1293 4358 Apocrisarii
1308 4259 1485 4333 dixerunt.
1503 4255 1610 4330 Novi-

391 4399 472 4447 mus
494 4374 578 4470 quia
604 4383 743 4449 ternam
770 4375 990 4449 vocationem
1016 4372 1119 4447 debet
1144 4372 1283 4462 habere,
1301 4381 1337 4446 et
1354 4375 1404 4445 11⁸
1422 4383 1458 4445 et
1475 4373 1541 4444 III'
1561 4369 1611 4442 fa·

392 4511 472 4568 oere
490 4488 527 4567 in
546 4511 618 4566 una
635 4487 691 4569 die
710 4511 778 4566 non
797 4496 851 4569 ost
867 4486 1009 4566 bonum.
1026 4489 1099 4564 Nos
1124 4487 1224 4564 iuxta
1241 4483 1534 4564 consuetudinem
1552 4506 1611 4556 ao
