3642 5294
725 419 898 482 ..45-

196 534 300 610 infre.
317 537 558 634 congregetis
575 537 693 636 igitur
710 541 811 614 nobis
829 541 866 614 in
885 540 942 616 die
960 541 1093 616 mensis
1111 541 1268 616 secunda
1290 551 1326 618 et
1350 543 1423 619 XX

194 649 393 725 secundum
410 654 596 740 Romanos
612 652 818 728 Nestorium
835 679 856 728 a
882 654 1078 752 sacerdotio
1102 668 1341 752 corruptaque
1365 657 1422 730 do-

197 762 314 838 ctrina
331 765 561 856 removimus,
577 765 829 864 depositionem
847 769 925 842 eius
942 769 1151 844 eanonicam
1171 769 1355 858 facientes,
1371 779 1423 844 at·

195 901 263 974 que
280 877 469 955 laudantes
482 883 556 956 Deo
566 881 858 956 amantissimum
872 895 908 959 et
922 884 1192 959 sanctissimum
1207 885 1422 983 Episcopum

196 991 360 1068 maximae
375 996 494 1068 Romae
511 994 745 1084 Oelestinum,
762 997 825 1093 qui
843 1007 925 1072 ante
943 1008 1101 1073 nostram
1126 1001 1342 1075 sententiam
1368 1023 1422 1074 re·

196 1105 384 1204 prehendit
401 1107 560 1184 heretica
577 1109 735 1184 Nestorii
761 1110 941 1207 dogmata,
958 1121 994 1186 et
1010 1123 1094 1187 ante
1111 1135 1175 1186 nos
1193 1113 1341 1210 protulit
1364 1113 1423 1187 ad·

195 1245 341 1296 versum
359 1245 442 1296 eum
460 1222 674 1296 sententiam
691 1234 834 1320 propter
851 1225 1088 1300 ecclesiarum
1106 1227 1283 1301 cautelam
1303 1237 1339 1302 et
1351 1237 1423 1302 tra·

197 1335 310 1407 ditem
328 1335 428 1410 nobis
446 1337 550 1410 fidem
567 1336 612 1410 ab
630 1337 817 1434 Apostolis

738 1569 883 1652 XXVII.

292 1796 434 1870 Sanctae
452 1795 581 1870 Sinodo
598 1819 677 1893 quae
702 1819 763 1893 per
788 1795 946 1890 gratiam
965 1796 1030 1871 Dei
1056 1807 1278 1893 congregata
1303 1807 1358 1872 est
1383 1799 1421 1872 in

190 1905 259 1980 hac
277 1907 409 2004 Ephesi
428 1909 621 2006 metropoli,
639 1908 788 1983 Cirillus
805 1909 1002 2008 Episcopus
1016 1899 1283 1985 Alexandrinus
1297 1923 1332 1986 et
1347 1914 1421 1986 Me·

191 2022 313 2095 minon
331 2023 527 2120 Episcopus
543 2025 701 2099 eiusdem
725 2021 868 2121 Ephesi.
894 2027 941 2097 Et
966 2023 1070 2096 infra.
1096 2023 1271 2098 Iohannes
1296 2024 1421 2100 Antio-

190 2136 327 2210 chenus
345 2137 540 2233 Episcopus
558 2147 688 2234 putans
706 2161 769 2211 nos
786 2137 1049 2233 dampnationis
1066 2139 1210 2213 nomine
1224 2162 1326 2236 posse
1343 2162 1420 2236 per·

189 2249 282 2338 uelli,
292 2249 522 2324 contumeliis
535 2250 834 2325 intollerabilibus
847 2250 976 2326 affecit.
987 2256 1033 2326 Et
1042 2264 1137 2327 certe
1151 2253 1236 2326 dum
1250 2253 1327 2329 haec
1340 2278 1420 2352 quae

188 2365 395 2439 Nestorium
413 2363 649 2440 damnaverat
669 2365 827 2454 sinodus,
851 2365 933 2462 plus
958 2365 1028 2441 CO.
1053 2391 1202 2442 numero
1227 2367 1420 2466 Episcopos

188 2487 331 2553 sanctos
343 2478 519 2569 habuerit,
533 2479 593 2554 ille
611 2479 852 2576 congregavit
868 2466 1053 2570 hereticos,
1067 2490 1102 2555 et
1114 2480 1202 2555 alios
1218 2491 1415 2569 accusatos,

189 2595 308 2667 XXX.
318 2593 392 2668 fere
405 2617 561 2668 numero.
572 2597 619 2668 Et
631 2618 746 2692 neque
759 2619 780 2668 a
794 2593 1000 2669 constitutis
1013 2593 1268 2670 ecclesiasticis
1284 2593 1419 2669 habens

187 2717 400 2804 potestatem
418 2716 482 2781 aut
499 2707 659 2784 iudicare
677 2732 894 2807 quemquam
912 2717 1086 2798 nostrum,
1103 2717 1167 2783 aut
1183 2705 1327 2783 omnino
1345 2708 1417 2784 tale

185 2821 322 2920 aliquid
334 2831 546 2921 attemptare
561 2822 713 2898 maxime
727 2831 851 2897 contra
865 2821 1036 2895 maiorem
1050 2821 1279 2910 sedem‚dum
1290 2821 1416 2921 utique

186 2935 245 3010 vel
262 2937 294 3012 si
313 2963 394 3012 eum
413 2937 538 3013 liceret
554 2937 714 3014 iudicare
731 2942 950 3012 convenerat
967 2933 1069 3030 sequi
1087 2932 1351 3029 ecclesiastices
1365 2958 1418 3009 re-

185 3049 304 3144 gulas,
321 3059 357 3125 et
378 3051 566 3126 admonere
593 3073 667 3138 nos,
692 3049 753 3146 qui
779 3047 1010 3124 contumeliis
1034 3047 1152 3123 affecti
1179 3072 1305 3122 sumus
1327 3073 1413 3124 cum

183 3162 253 3238 hac
266 3163 439 3238 universa
452 3173 572 3238 vestre
585 3163 708 3237 sinodo
721 3185 850 3237 vocare
868 3162 911 3236 ad
930 3162 1220 3237 satisfactionem.
1233 3165 1341 3237 Nunc
1354 3187 1418 3236 au·

184 3285 257 3351 tem
266 3276 359 3350 nihil
372 3277 500 3350 horum
510 3275 718 3372 excogitans
729 3299 844 3373 neque
854 3299 1008 3350 amorem
1020 3276 1085 3350 Dei
1096 3275 1133 3350 iu
1143 3274 1417 3366 auimohehens,

184 3390 307 3465 eadem
325 3390 501 3488 horaque
520 3389 700 3487 Ephesum
718 3389 907 3485 ingressus
925 3397 990 3477 est,
1008 3388 1148 3463 occulte
1170 3397 1206 3463 et
1231 3388 1332 3462 nullo
1356 3413 1416 3463 no

183 3512 341 3577 strorum
358 3503 503 3578 omnino
519 3503 665 3591 sciente,
681 3503 773 3601 quod
791 3502 1074 3599 praesumebatur
1092 3529 1197 3576 suum
1213 3501 1347 3576 delusit
1360 3526 1417 3576 ca-

183 3626 258 3712 put,
274 3642 321 3691 ne
338 3617 501 3692 dicamus
517 3615 781 3691 ecclesiasticas
798 3615 909 3712 leges,
926 3625 963 3690 et
978 3614 1156 3690 sententia
1178 3614 1416 3711 condempne-

183 3729 292 3804 tionis
302 3729 499 3804 iniuriatus
512 3739 566 3804 est
578 3751 647 3818 eos,
660 3729 721 3826 qui
736 3726 904 3803 nesciunt
917 3728 1084 3827 usquead
1096 3726 1306 3802 hodiernum
1317 3725 1412 3800 diem

182 3842 241 3916 vel
257 3843 401 3940 qualem
418 3841 545 3916 habuit
560 3842 606 3916 ed
623 3841 717 3916 hano
735 3867 809 3916 rem
835 3841 1067 3918 occasionem.
1093 3841 1270 3928 Quoniam
1297 3840 1415 3935 igitur

182 3977 403 4052 consequens
421 3965 564 4028 estnon
581 3954 634 4028 sic
651 3953 786 4028 calcari
804 3952 1069 4028 ecclesiastices
1086 3953 1186 4049 leges
1211 3975 1279 4028 nee
1300 3951 1417 4024 inani·

183 4079 238 4143 ter
255 4078 380 4144 contra
398 4068 551 4166 potiores
567 4091 758 4162 assurgere
777 4076 841 4140 aut
865 4065 952 4139 talia
969 4066 1108 4142 occulte
1131 4064 1311 4163 presumi,
1336 4088 1415 4161 quae

182 4204 251 4256 non
270 4182 407 4257 faceret
426 4181 582 4280 aliquem
601 4191 726 4256 contra
745 4202 858 4255 unum
884 4179 1056 4252 ultimum
1081 4177 1243 4254 ecclesiae
1260 4176 1415 4272 gradum

183 4305 374 4386 tenentem,
391 4305 427 4370 et
450 4295 517 4368 sub
542 4304 717 4392 potestate
742 4295 821 4370 eius
845 4293 1093 4368 constitutum.
1120 4293 1189 4366 Hic
1213 4300 1334 4366 autem
1360 4299 1415 4368 est

183 4408 256 4505 ipse
273 4432 356 4484 cum
376 4407 450 4482 illis
468 4407 530 4505 qui
548 4407 615 4482 hoc
640 4433 723 4482 eum
750 4429 790 4481 eo
815 4415 983 4502 egerunt,
1005 4403 1207 4480 necessario
1231 4403 1414 4480 offerimus

184 4530 313 4596 vestrae
329 4520 542 4596 reverentiae
558 4521 643 4594 istos
660 4519 807 4608 libellos,
824 4520 1034 4593 adiurantes
1049 4541 1113 4593 vos
1127 4541 1189 4615 per
1202 4528 1365 4593 sanctem
1379 4526 1416 4591 et
