3646 5292
909 429 949 444 -
974 395 1041 458 234
1068 427 1105 440 -

956 523 1078 644 ἐιιι
1134 637 1136 644 Α

641 723 857 790 Hieronymus
876 723 909 775 in
927 723 1069 789 epistola
1087 723 1132 778 ed
1149 724 1375 792 Nepotianum.

490 860 575 934 Esto
592 856 776 935 subiectus
792 858 950 957 pontifici
975 867 1048 951 tu0,
1067 869 1104 936 et
1120 860 1223 960 quasi
1247 859 1406 934 animam
1431 865 1616 956 parentem

394 995 485 1046 ama.
499 971 567 1048 Sed
580 981 616 1048 et
628 972 794 1071 episcopi,
807 973 1006 1049 sacerdotes
1020 999 1057 1049 εε
1070 974 1187 1051 sciant
1199 999 1277 1051 esse
1290 997 1359 1048 uon
1373 972 1542 1060 dominos,
1559 971 1619 1046 ho

393 1094 520 1162 norcut
536 1086 684 1163 clericos
697 1086 799 1186 quasi
812 1086 973 1176 clericos,
986 1097 1028 1163 ut
1041 1088 1109 1187 ipsi
1122 1088 1297 1186 episeopis
1314 1111 1335 1160 a
1348 1085 1501 1177 clericis,
1513 1085 1617 1185 quasi

393 1199 568 1300 episcopis
585 1200 697 1276 honor
713 1199 904 1276 deferatur.
922 1205 1074 1276 Scutum
1092 1209 1147 1276 est
1172 1199 1263 1275 illud
1287 1199 1436 1276 oratoris
1461 1199 1619 1275 Domitii.

395 1315 470 1390 Cur
487 1338 574 1410 ergo
591 1313 715 1413 inquid
732 1323 767 1390 te
785 1313 934 1390 habeam
953 1323 995 1390 ut
1011 1311 1219 1412 prinoipem,
1233 1338 1316 1388 cum
1335 1321 1376 1387 tu
1394 1336 1451 1387 me
1469 1335 1541 1387 non
1557 1311 1619 1386 ha·

395 1428 478 1503 beas
496 1438 537 1502 ut
554 1432 778 1504 senatorem?
791 1429 889 1516 Quod
908 1433 1026 1503 Aaron
1044 1436 1080 1503 ct
1099 1427 1188 1502 filios
1205 1425 1293 1516 eius,
1306 1426 1372 1502 hoc
1389 1450 1466 1502 esse
1487 1425 1619 1523 episec

393 1565 476 1640 pum
488 1551 523 1617 et
533 1542 759 1640 presbyteros
772 1542 990 1618 noverimus.
999 1544 1102 1618 Unus
1114 1539 1296 1629 Dominus,
1306 1565 1418 1613 unum
1430 1538 1617 1638 templum,

394 1679 507 1728 unum
534 1653 583 1728 sit
607 1654 859 1731 ministerium.
884 1655 1124 1730 Recordemur
1147 1677 1286 1750 semper
1310 1653 1402 1751 quod
1428 1651 1618 1750 Apostolus

392 1769 523 1842 Petrus
544 1767 714 1866 praecepit
738 1769 990 1846 sacerdotibus.
1015 1767 1156 1843 Pascite
1180 1792 1262 1843 eum
1289 1766 1350 1866 qui
1377 1767 1415 1840 in
1440 1765 1540 1840 vobis
1564 1774 1619 1841 est

391 1903 543 1978 gregem
562 1881 715 1972 Domini,
732 1881 960 1980 providentes
977 1905 1046 1955 nou
1065 1891 1186 1956 coacte
1204 1880 1265 1955 sed
1283 1888 1473 1978 spontanee
1492 1903 1618 1956 secuu-

391 1994 476 2069 dum
491 1996 616 2085 Deum,
629 2018 744 2092 noque
761 1994 877 2092 turpis
890 1993 984 2070 lucri
998 1993 1129 2090 gratia,
1143 1992 1205 2068 sed
1217 1991 1430 2083 voluntarie,
1443 2015 1559 2090 neque
1576 2000 1618 2066 ut

393 2106 615 2182 dominantes
632 2106 669 2180 iu
687 2107 793 2198 clerc,
811 2107 872 2182 sod
889 2107 1002 2182 forma
1020 2107 1105 2182 facti
1123 2105 1250 2204 gregis
1267 2131 1314 2181 ex
1330 2106 1460 2196 enimc,
1478 2115 1520 2180 ut
1532 2131 1615 2182 cum

391 2219 596 2319 apparuerit
604 2220 771 2318 princeps
780 2219 1188 2320 pastorum,percipiatis
1198 2218 1532 2295 immarcescibilem
1542 2219 1618 2316 glo-

392 2333 454 2408 riae
470 2357 646 2408 coronam.
664 2331 832 2408 Pessimae
849 2333 1119 2410 consuetudinis
1136 2343 1191 2409 est
1207 2333 1244 2406 iu
1267 2333 1479 2432 quibusdam
1497 2333 1618 2409 eoele-

391 2447 457 2521 siis
473 2456 592 2522 tacere
607 2446 847 2546 presbyteros,
859 2457 895 2523 ει
912 2446 1148 2546 presentibus
1172 2446 1391 2546 presbyteris
1415 2468 1486 2522 non
1511 2446 1617 2545 loqui,

391 2559 494 2660 quasi
506 2569 571 2635 aut
583 2560 779 2651 invideant,
794 2571 859 2636 aut
876 2585 946 2638 non
964 2561 1206 2657 dedignentur
1222 2560 1356 2636 audire.
1374 2563 1420 2635 Et
1436 2560 1467 2635 si
1485 2559 1548 2633 alii
1566 2560 1618 2634 in-

392 2675 472 2774 quit
487 2673 666 2776 apostolus
684 2673 818 2750 Paulus
836 2675 945 2751 luerit
970 2674 1169 2752 revelatum
1196 2675 1343 2765 sedenti,
1369 2673 1464 2772 prior
1488 2683 1616 2764 taceat,

391 2788 538 2888 potestis
553 2787 648 2862 enim
667 2811 730 2886 pro
746 2787 905 2884 singulis
921 2789 1140 2888 prophetare,
1157 2798 1199 2864 ut
1219 2813 1342 2864 omues
1358 2790 1509 2879 discant,
1530 2797 1566 2864 ει
1582 2811 1616 2863 o·

391 2927 493 2980 mnes
509 2903 748 2992 consolentur,
763 2911 800 2978 et
817 2903 968 3003 spiritus
984 2904 1237 3003 prophetarum
1262 2911 1317 2979 est
1341 2903 1524 2979 subiectus
1541 2926 1617 3002 pro

389 3015 515 3117 phetis.
528 3021 609 3092 Non
622 3017 718 3093 enim
732 3017 963 3092 dissensionis
975 3027 1031 3094 est
1049 3019 1156 3108 Deus,
1170 3017 1230 3093 sed
1243 3015 1351 3116 pacis.
1364 3016 1486 3092 Gloria
1503 3017 1615 3116 patris

390 3141 445 3208 est
460 3131 557 3206 filius
582 3131 732 3233 sapiens.
750 3133 917 3208 Gaudent
934 3131 1129 3231 Episcopus
1147 3131 1183 3205 iu
1198 3130 1329 3208 iudicio
1342 3155 1406 3207 suo
1423 3155 1506 3208 cum
1522 3131 1612 3206 tales

391 3245 560 3324 Christus
572 3247 723 3345 clegerit
739 3246 948 3324 sacerdotes.

938 3401 1065 3487 oxffl.

807 3567 899 3622 Idem
919 3578 1018 3634 super
1036 3565 1195 3632 Aggeum.

486 3701 678 3780 Considera
706 3703 930 3779 sacerdotum
960 3700 1168 3778 esseofficii
1197 3701 1239 3777 de
1264 3701 1357 3798 lege·
1377 3702 1614 3800 interrogatos

390 3815 610 3914 respondere.
623 3817 661 3891 Si
676 3817 839 3893 sacerdos
858 3826 922 3906 ost,
939 3816 1031 3893 sciat
1047 3814 1166 3911 legem
1181 3813 1334 3891 Domini.
1348 3815 1386 3890 Si
1405 3814 1550 3911 ignoras
1566 3814 1615 3890 le·

392 3953 488 4026 gem,
498 3929 573 4027 ipse
582 3929 707 4026 arguit
719 3929 938 4006 sacerdotem
952 3951 1022 4004 non
1036 3953 1122 4004 esse.
1133 3927 1336 4004 Sacerdotis
1348 3927 1444 4004 euim
1458 3936 1512 4003 est
1524 3928 1616 4004 sciro

389 4039 509 4138 legem
527 4051 564 4118 et
580 4042 624 4116 ad
637 4041 954 4140 interrogationem
973 4043 1181 4141 respondero
1196 4042 1239 4118 de
1252 4041 1343 4140 lego.
1356 4043 1456 4130 Quod
1471 4043 1614 4142 quidem

390 4165 427 4230 et
445 4156 483 4230 iu
502 4155 774 4232 Deuteronomio
790 4156 959 4254 legimus,
976 4167 1017 4230 ut
1035 4155 1150 4230 sicubi
1168 4155 1205 4229 in
1232 4156 1380 4231 urbibus
1404 4155 1516 4230 Israel
1533 4180 1616 4255 que-

389 4271 459 4345 stio
475 4269 584 4346 fuerit
601 4279 734 4360 exorta,
750 4269 845 4346 inter
862 4270 1077 4367 sanguinem
1095 4277 1132 4345 ει
1147 4269 1374 4366 sauguinem,
1395 4277 1432 4345 ει
1447 4267 1542 4344 iuter
1560 4269 1615 4345 iu·

389 4383 524 4460 dicium
543 4393 579 4460 et
594 4383 783 4475 iudicium,
795 4383 932 4482 lepram
945 4393 982 4460 et
994 4385 1142 4484 lepram,
1155 4384 1472 4461 contradictionem
1486 4394 1522 4460 et
1534 4407 1616 4460 con·

389 4497 649 4592 tradiotioncm,
666 4508 751 4576 eant
766 4498 810 4575 ad
831 4497 1042 4590 sacerdotes,
1059 4506 1095 4575 ot
1120 4497 1314 4590 levisset
1331 4496 1532 4598 pontificem
1551 4497 1614 4596 qui
