3654 5302
922 393 1119 460 -414-

404 519 456 594 tia
470 507 606 609 vestra,
628 523 786 615 quantus
802 513 913 590 fuerit
929 537 1018 611 erga
1037 513 1139 589 Sedis
1157 513 1369 612 Apostolicae
1394 514 1634 590 reverentiam

404 643 672 710 antecessorum
681 628 1224 728 vestrorumpiorumdumtaxat
1233 630 1486 727 imperatorum
1497 639 1533 704 et
1545 653 1635 726 prae·

403 748 510 848 cipue
534 769 621 846 quos
645 746 753 841 longe
778 745 942 843 superius
967 745 1246 819 memoravimus
1270 767 1369 818 amor
1394 754 1431 818 et
1460 744 1633 831 studium,

404 862 558 961 qualiter
580 865 774 936 Romanam
792 860 992 935 aecclesiam
1018 858 1170 934 diversis
1196 859 1400 957 privilegiis
1424 859 1633 947 extulerint,

405 974 507 1050 donis
523 973 750 1062 dictaverint,
766 973 947 1049 beneficiis
963 971 1229 1071 ampliaverint,
1246 973 1403 1070 qualiter
1424 971 1524 1044 illam
1538 971 1634 1045 litte-

408 1087 459 1162 ris
475 1087 552 1161 suis
567 1085 832 1174 honoraverint,
849 1087 927 1162 eius
942 1087 1037 1163 votis
1052 1085 1259 1178 annuerint,
1272 1086 1437 1162 instituta
1453 1085 1636 1182 perficien-

406 1201 451 1276 da
470 1201 729 1290 mandaverint,
746 1201 921 1276 orationes
938 1199 1143 1300 petiverint,
1160 1200 1265 1275 fidem
1283 1199 1489 1276 sectandam
1514 1199 1636 1274 decre·

406 1313 537 1404 verint,
554 1313 709 1412 qualiter
726 1313 835 1388 etiam
852 1313 995 1410 legibus
1012 1315 1088 1390 suis
1105 1339 1168 1414 pro
1183 1314 1398 1391 adiuvandis
1411 1315 1462 1390 eis
1474 1314 1636 1390 ecclesiis

406 1426 727 1525 promulgaverint,
746 1449 808 1524 pro
824 1426 1038 1524 colligendis
1050 1429 1212 1505 conciliis
1225 1454 1268 1505 ac
1280 1429 1479 1527 proferendi
1494 1438 1636 1504 senten-

407 1541 469 1615 tiis
494 1563 564 1615 non
582 1540 849 1638 imperaverint,
866 1541 927 1614 sed
944 1543 1077 1636 precati
1095 1553 1131 1618 et
1148 1545 1281 1619 hortati
1306 1543 1524 1620 solummodo
1547 1543 1637 1618 exti-

408 1654 529 1730 terint.
546 1658 593 1730 Et
609 1653 701 1751 quod
717 1653 832 1753 ipsius
848 1654 1039 1729 Pontifices
1064 1655 1302 1732 decreverunt
1326 1656 1395 1754 ipsi
1415 1678 1637 1745 consensere,

408 1779 445 1844 et
461 1793 541 1867 quae
556 1767 612 1843 illi
628 1768 843 1844 damnavere
860 1767 927 1866 ipsi
946 1769 1155 1866 respuerint.
1175 1771 1236 1844 Sic
1261 1793 1348 1866 ergo
1369 1770 1421 1843 lili
1445 1769 1637 1844 karissime

409 1883 462 1957 sic
480 1891 516 1957 et
531 1891 595 1957 tua
618 1880 821 1956 sublimitas
845 1904 915 1955 uon
938 1893 985 1956 'ex
1001 1891 1101 1980 parte
1125 1881 1350 1978 ingratorum
1377 1893 1414 1956 et
1437 1881 1638 1956 inobedien-

409 1994 502 2070 tium
515 1995 669 2070 filiorum
682 1994 839 2070 existens
852 1994 944 2092 quod
956 1993 1060 2082 absit,
1073 1993 1133 2069 sed
1147 1993 1214 2068 hos
1224 1994 1318 2068 inter
1331 2003 1467 2070 eeteros
1480 1994 1544 2068 Dei
1561 1994 1638 2069 cul-

409 2118 503 2184 tores
514 2113 700 2204 Augustos
712 2106 932 2197 immitando,
941 2131 1010 2206 que
1023 2107 1249 2182 decrevimus
1261 2107 1305 2183 de
1318 2107 1638 2206 Constantinopoli-

409 2231 495 2296 tana
512 2220 674 2297 aecclesia
690 2221 894 2297 obedienter
911 2219 1082 2310 attendat,
1100 2245 1172 2318 prae
1188 2221 1303 2296 oculis
1319 2221 1452 2296 habitis
1469 2221 1534 2296 Dei
1558 2245 1637 2297 vor-
1739 2271 1740 2274 =
1806 2255 1807 2264 ¹

411 2335 465 2411 bis
478 2335 640 2412 dicentis.
652 2336 723 2423 Qui
736 2359 799 2410 vos
812 2335 913 2410 audit
926 2359 983 2410 me
996 2336 1108 2425 audit,
1121 2345 1157 2410 et
1170 2335 1232 2434 qui
1246 2359 1309 2410 vos
1321 2335 1529 2433 spernitme
1543 2359 1638 2434 sper-

410 2450 476 2538 nit,
492 2459 529 2524 et
545 2447 607 2546 qui
625 2473 681 2524 me
695 2449 843 2548 spernit,
855 2447 991 2547 spernit
1004 2473 1085 2522 eum
1100 2445 1162 2544 qui
1177 2472 1231 2522 me
1245 2446 1353 2521 misit.
1369 2449 1415 2520 Et
1427 2446 1532 2543 paulo
1550 2456 1637 2542 post.

410 2563 685 2660 Dispensatione
702 2562 804 2636 nobis
820 2561 963 2641 celestis
980 2560 1126 2636 seminis
1143 2560 1366 2650 inuncta-ve
1390 2561 1421 2634 si
1438 2583 1509 2632 non
1540 2583 1638 2658 spar-

411 2675 576 2764 serimus,
590 2699 635 2750 ve
649 2675 678 2748 si
693 2674 923 2750 tacuerimus
937 2674 1036 2761 Quod
1050 2698 1133 2749 oum
1147 2672 1331 2748 electionis
1343 2697 1408 2746 vas
1421 2673 1584 2747 formidet
1601 2682 1637 2748 et

411 2789 544 2864 clamet
555 2798 688 2886 quanto
701 2789 818 2884 magis
832 2787 980 2864 cuilibet
993 2786 1127 2880 exiguo
1141 2785 1371 2861 metuendum
1389 2791 1471 2860 est?
1485 2785 1636 2859 Proinde

410 2925 481 2978 non
507 2902 602 2977 sicut
626 2901 706 2977 leve
723 2901 916 2976 discrimen
933 2898 1112 2975 incumbit
1128 2897 1361 2972 Pontificibus
1377 2899 1520 2973 siluisse
1543 2898 1636 2996 quod

410 3015 591 3112 congruit,
608 3014 658 3090 ita
673 3014 731 3089 his
747 3013 838 3113 quod
855 3013 949 3089 absit
965 3036 1036 3087 non
1060 3011 1233 3088 mediocre
1255 3011 1455 3109 periculum
1481 3023 1547 3103 est,
1572 3012 1634 3110 qui

411 3152 494 3202 cum
512 3127 663 3203 debeant
680 3149 804 3224 parere
817 3125 1030 3224 despiciunt.
1146 3147 1149 3152 ·

958 3272 1098 3358 xovss.

887 3445 970 3501 Item
986 3449 1019 3502 ln
1037 3445 1166 3502 eadem.

508 3583 582 3657 Vos
594 3589 715 3658 autem
729 3603 816 3680 quos
830 3581 939 3658 nolite
953 3581 1202 3681 praeiudicium
1212 3581 1277 3657 Dei
1291 3580 1451 3658 ecclesiae
1464 3580 1637 3676 irrogare.
1696 3663 1698 3666 ,

413 3693 479 3768 1113
496 3694 627 3792 quippe
643 3693 786 3768 nullum
805 3694 952 3791 imperio
969 3705 1089 3771 vestro
1114 3695 1361 3794 praeiudicium
1388 3693 1529 3782 inseret,
1553 3719 1638 3768 cum

413 3807 534 3902 magis
551 3830 613 3905 pro
630 3805 826 3883 stabilitate
844 3806 958 3904 ipsius
975 3816 1143 3884 aeternam
1167 3808 1396 3883 divinitatem
1421 3817 1553 3883 exoret.
1570 3809 1640 3880 No-

413 3920 477 3996 lite
494 3944 573 4018 quae
590 3945 656 3996 sua
668 3930 755 3996 sunt
771 3944 956 4017 usurpare,
969 3921 1078 3996 nolite
1093 3945 1172 4018 quae
1185 3921 1332 4019 ipsi-soli
1345 3921 1537 3997 commissa
1553 3929 1639 3994 sunt

413 4033 508 4110 velle
525 4035 716 4133 surripere,
733 4036 887 4110 seientes
904 4034 988 4134 quia
1006 4044 1107 4110 tanto
1123 4035 1295 4109 nimirum
1313 4061 1334 4108 a
1356 4037 1468 4111 sacris
1485 4035 1639 4110 debete

414 4147 509 4224 mnis
526 4149 791 4222 mundanarum
810 4173 931 4222 rerum
949 4147 1219 4224 administrator
1236 4175 1313 4225 esse
1331 4161 1489 4226 remotus
1506 4159 1639 4248 quanto

414 4260 611 4358 quemlibet
627 4285 672 4335 ex
689 4260 852 4358 catalogo
870 4261 1118 4358 Apostolorum
1131 4270 1169 4336 et
1182 4261 1415 4336 militantium
1430 4264 1502 4336 Deo
1515 4260 1640 4335 nullus

413 4372 582 4449 convenit
607 4372 763 4470 negotiis
788 4373 1021 4449 saecularibus
1045 4372 1236 4472 implicari.
1263 4375 1423 4472 Denique
1446 4373 1484 4446 hi
1509 4372 1640 4471 quibus

416 4495 557 4562 tanturn
573 4485 743 4562 humanis
760 4486 866 4584 rebus
882 4495 919 4560 et
936 4511 1006 4562 non
1023 4487 1159 4562 divinis
1177 4511 1327 4585 praeesse
1341 4487 1556 4585 permissum
1574 4497 1640 4574 est,
