3654 5302
744 447 785 464 -
810 413 875 478 aaa
903 453 938 462 .-

804 567 879 652 LII.

311 745 462 798 Iohannis
482 747 558 798 v111
576 748 679 812 Papae
697 745 781 800 inter
801 746 913 800 cetera
929 745 1045 800 habita
1063 747 1096 800 tn
1113 746 1231 802 eadem
1250 749 1384 816 synodo.

328 883 375 956 Et
391 881 475 979 quia
491 881 628 978 pridem
645 882 846 980 apostolicae
857 868 1046 958 'memorias
1063 884 1329 980 praedecessoris
1345 882 1457 958 nostri

232 994 386 1093 Nycolai
403 995 448 1068 ad
465 994 583 1094 ipsum
609 995 681 1069 iam
706 995 939 1094 inspiratione
965 995 1088 1070 celesti
1121 997 1321 1073 revelatum
1345 997 1458 1072 fuisse

233 1107 481 1204 comperimus,
497 1106 670 1202 eligimus
687 1107 853 1184 carolum
872 1108 971 1184 hunc
992 1112 1118 1207 Magni
1142 1111 1261 1187 Caroli
1282 1121 1458 1209 nepotem,

233 1230 270 1296 ct
285 1220 569 1319 approbavimus
585 1239 658 1295 una
671 1247 755 1297 cum
768 1222 899 1295 annisu
917 1231 953 1296 ot
970 1232 1051 1296 voto
1069 1223 1229 1298 omnium
1243 1224 1408 1313 fratrum,
1421 1233 1458 1298 et

235 1335 526 1433 Coepiscoporum
537 1345 1009 1435 nostrorumatquesanctae
1024 1340 1192 1413 Romanas
1209 1339 1382 1418 Ecclesia
1395 1338 1460 1410 mi·

234 1449 442 1538 nistrorum,
466 1449 719 1548 apostolicique
749 1453 913 1540 Senatus,
942 1451 1121 1551 totiusque
1156 1453 1308 1528 Romani
1337 1451 1458 1550 populi

234 1561 426 1659 gentisque
442 1571 584 1657 togatae.
601 1566 648 1636 Et
670 1564 866 1639 secundum
891 1564 1046 1662 priscam
1071 1566 1366 1641 consuetudinem
1391 1565 1458 1640 sol·

232 1672 424 1772 lempniter
439 1675 484 1748 ad
501 1673 642 1772 imperii
660 1687 799 1773 sceptra
823 1679 1062 1775 proveximus,
1078 1688 1115 1754 et
1139 1679 1324 1777 augustali
1347 1679 1459 1754 nomi-

232 1811 278 1863 na
294 1787 554 1879 decoravimus,
570 1799 752 1885 ungentes
769 1813 852 1866 eum
869 1791 944 1867 oleo
961 1792 1195 1877 extrinsecus,
1217 1803 1259 1867 ut
1275 1791 1458 1868 interioris

234 1924 372 1999 quoquc
390 1901 547 1999 Spiritus
565 1903 690 1980 Sancti
704 1905 909 1980 unctionem
924 1913 1218 1980 monstraremus
1232 1894 1458 1981 Constituen-

232 2023 287 2089 tes
303 2014 347 2087 ad
363 2014 599 2090 imitationem
616 2016 756 2093 scilicet
772 2017 848 2093 veri
868 2017 966 2114 regis
984 2018 1119 2094 Christi
1138 2017 1280 2092 Domini
1307 2017 1372 2094 Dei
1397 2039 1457 2092 no·

234 2129 312 2220 stri,
324 2130 375 2204 ita
393 2139 434 2205 ut
446 2130 538 2228 quod
551 2131 627 2228 ipse
645 2131 797 2228 possidet
813 2156 876 2230 per
889 2142 1067 2222 naturam,
1080 2132 1149 2206 iste
1162 2140 1402 2228 consequatur
1420 2139 1457 2204 et

234 2241 403 2338 gratiam.
420 2243 582 2341 Denique
599 2268 669 2318 non
686 2243 745 2319 hic
762 2255 955 2344 perpetuus
973 2235 1166 2341 Augustus
1182 2243 1225 2318 ad
1243 2251 1344 2318 tanta
1357 2242 1461 2316 fasti-¹

235 2355 298 2450 gia
315 2380 353 2430 se
370 2355 479 2430 velud
496 2355 678 2456 improbus
691 2347 828 2448 intulit,
840 2379 911 2432 non
923 2367 1107 2456 tamquam
1120 2357 1347 2455 importunus
1359 2355 1456 2430 frau-

232 2469 274 2544 de
287 2469 485 2567 aliqua,vol
495 2469 759 2546 machinatione
773 2495 893 2568 prava,
901 2471 991 2545 haut
1003 2470 1117 2545 hianti
1131 2467 1323 2545 ambitione
1336 2469 1381 2544 ad
1393 2469 1458 2542 im·

232 2583 403 2682 perialem
421 2583 556 2682 apicem
572 2586 756 2682 aspiravit.
771 2584 883 2660 Absit.
896 2587 1021 2680 Neque
1035 2583 1130 2660 enim
1144 2582 1212 2657 sibi
1226 2583 1356 2658 honore
1370 2607 1456 2680 pree·

233 2697 427 2794 sumptiose
444 2697 649 2796 assumpsit,
667 2709 708 2772 ut
724 2699 916 2799 imperator
937 2698 1047 2785 fieret,
1072 2697 1134 2772 sed
1158 2706 1343 2794 tamquam
1365 2695 1457 2770 desi·

205 2827 207 2830 ’
231 2810 387 2898 donatus
399 2820 550 2909 optatus
564 2812 763 2909 postulatus
775 2839 797 2887 a
810 2813 921 2902 nobis,
937 2821 974 2888 et
990 2812 1185 2887 advocatus
1202 2821 1238 2887 et
1250 2810 1457 2886 honorifica·

232 2933 292 2998 tus
299 2925 344 2999 ad
354 2925 608 3000 defendendam
620 2925 815 3022 regionem,
827 2936 863 3002 et
873 2927 1009 3004 Christi
1020 2926 1155 3024 ubique
1168 2925 1457 3015 servostuendos,

231 3036 417 3114 humiliter
432 3063 475 3116 ac
492 3039 687 3116 obidieuter
703 3039 865 3116 accessit.
883 3043 1104 3138 Operaturus
1125 3049 1161 3116 et
1177 3039 1405 3115 roboraturus
1418 3038 1457 3112 in

230 3151 377 3248 imperio
394 3177 570 3226 summam
590 3177 713 3250 paoem
732 3163 768 3229 et
784 3153 1083 3252 tranquillitatem
1101 3161 1137 3229 et
1155 3153 1193 3227 in
1216 3151 1378 3228 aecclesia
1391 3150 1456 3226 Dei
1520 3233 1522 3238 ,

232 3266 407 3342 iustitiam
425 3276 462 3341 et
478 3267 740 3344 exaltationem.
757 3267 838 3343 Nisi
855 3269 953 3343 enirn
970 3290 1035 3342 nos
1054 3266 1165 3342 talem
1180 3265 1258 3341 eius
1271 3264 1458 3362 cognovis-

233 3405 353 3456 semus
369 3380 615 3472 intentionem,
633 3407 818 3480 nunquam
836 3383 980 3457 animus
997 3391 1118 3457 noster
1139 3381 1327 3456 fieret'tam
1345 3402 1459 3480 prorn-

232 3505 316 3595 ptus
331 3494 376 3569 ad
392 3493 505 3594 ipsius
522 3497 793 3593 provectionem.
811 3499 859 3572 Et
875 3505 1004 3572 cetera.
1030 3496 1137 3572 Circa
1164 3496 1285 3570 linem.
1306 3497 1354 3568 Et
1378 3517 1458 3568 con-

231 3631 358 3683 versus
375 3607 419 3681 ad
436 3620 598 3682 sanctam
616 3608 794 3708 synodum
812 3609 911 3684 dixit.
925 3609 1050 3686 Placet
1064 3607 1174 3683 vobis.
1187 3607 1458 3705 Responderunt

232 3743 363 3796 omnes.
380 3721 511 3798 Placet
530 3725 576 3798 Et
593 3723 726 3799 iterum
744 3722 844 3799 dixit.
863 3722 1082 3799 Consentitis
1099 3721 1159 3797 ita.
1184 3719 1454 3819 Responderunt

231 3857 363 3911 omnes.
381 3835 646 3912 Consentimus.

798 3933 890 4019 llll.

403 4130 453 4182 Ex
471 4130 611 4196 epistola
627 4131 730 4197 Papae
748 4131 918 4184 Paschalis
937 4131 967 4183 11
986 4133 1089 4185 missa
1106 4128 1293 4184 Mediolani.

326 4287 508 4360 Fraternas
521 4285 645 4360 mortis
658 4285 795 4360 crimen
809 4286 982 4376 incurrat,
990 4285 1154 4384 quisquis
1163 4309 1247 4360 cum
1260 4295 1375 4384 potest
1388 4285 1457 4360 fra-

230 4406 322 4473 trem
340 4423 362 4471 a
380 4409 490 4474 morte
510 4399 657 4475 minime
673 4400 839 4476 defendit.
857 4399 1007 4476 Domino
1024 4424 1085 4498 per
1110 4399 1316 4498 prophetam
1343 4399 1459 4476 iuten·
1581 4443 1583 4450 ·

228 4519 341 4600 tante,
358 4511 449 4612 quod
467 4533 529 4614 pro
545 4511 682 4589 defecto
694 4513 909 4618 sanguinem
928 4513 1066 4602 fundat,
1086 4513 1148 4618 qui
1173 4513 1364 4616 impiorum
1390 4512 1457 4592 ini·
